2756 4238
149 213 233 271 302.
255 213 446 285 Principes
475 216 664 286 ge'ne'raux
683 230 774 287 pour
801 215 897 273 faire
925 215 965 271 la
997 220 1143 280 guerre.

348 319 495 382 (Elementa
505 321 594 384 prima
611 321 645 369 ad
656 320 759 370 bellum
776 318 946 385 perandum.)

189 479 224 536 In
241 479 383 538 omnibus
399 481 520 560 proeliis
535 488 565 539 et
580 480 826 560 expeditionibus
842 476 981 538 condicio
1001 475 1070 533 talis
1084 481 1141 546 est,
1158 449 1201 512 4⁰

150 583 184 634 ut
203 575 286 655 quod
305 577 361 635 tibi
378 577 687 656 prodestadversario
703 585 828 649 noceat;
846 573 928 656 quod
946 573 1032 631 illum
1053 571 1144 652 juvat

151 671 207 730 tibi
224 693 344 753 semper
362 673 484 733 officiat.
514 674 688 754 Numquam
708 674 802 752 igitur
820 672 858 731 ad
882 671 963 730 illius
985 667 1144 728 arbitrium

150 767 269 848 aliquid
297 770 397 828 lacere
423 777 477 828 aut
502 771 692 830 dissimulare
721 769 877 841 debemuS,
903 765 956 830 sed
983 767 1014 824 id
1044 764 1144 823 solum

152 885 243 942 agere
256 865 340 945 quod
355 867 445 926 nobis
462 867 534 925 utile
545 866 871 947 judicantus.‘Contra
890 873 920 924 te
936 865 1017 923 enim
1034 859 1144 941 incipis

149 981 226 1031 esse,
241 962 267 1020 si
282 962 411 1020 imiteris
428 962 511 1042 quod
531 963 602 1022 fecit
615 963 664 1022 ille
684 981 805 1043 prose:
822 970 853 1021 et
871 981 975 1020 rursus
994 956 1144 1041 quidquid

148 1078 205 1137 pro
229 1065 281 1116 tua
303 1066 389 1138 parte
408 1059 555 1118 tentaris*
572 1066 679 1118 contra
694 1059 780 1117 illum
796 1058 863 1132 erit,
878 1056 905 1118 si
926 1055 1057 1115 voluerit
1078 1053 1145 1112 imi-

148 1150 218 1210 tari.
233 1185 271 1193 —
291 1151 465 1230 Numquam
488 1151 575 1211 miles
592 1152 622 1209 in
645 1152 740 1210 aciem
756 1147 970 1231 producendus
983 1155 1040 1221 est,
1056 1146 1146 1225 cujus

147 1254 238 1306 antea
255 1247 484 1326 experimenta*
500 1269 561 1307 non
573 1249 700 1327 ceperis,
716 1283 752 1292 -
765 1251 828 1306 Aut
842 1245 957 1327 inopia,
974 1251 1028 1304 aut
1041 1263 1146 1322 super·

149 1343 304 1424 ventibus,
327 1350 381 1402 aut
410 1352 523 1403 terrore
547 1345 654 1404 melius
678 1351 725 1404 est
749 1344 867 1402 hostem
896 1343 1030 1414 domare,
1053 1358 1146 1420 quam

148 1439 286 1520 proelio:
312 1441 421 1520 inquo
443 1441 573 1520 amplius
595 1441 673 1499 solet
692 1441 839 1500 fortuna*
854 1439 1013 1520 potestatis
1035 1435 1145 1498 habere

148 1557 239 1616 quam
256 1537 364 1597 virtus.
380 1572 420 1580 -
437 1538 527 1596 Nulla
541 1537 668 1596 consilia
681 1538 804 1597 meliora
822 1545 893 1597 sunt
906 1558 996 1619 quam
1011 1536 1061 1595 illa
1077 1556 1146 1616 quae

148 1634 336 1712 ignoraverit
358 1633 549 1692 adversarius
573 1644 735 1714 antequam
758 1636 882 1697 lacias*.
903 1669 943 1678 -
966 1633 1092 1692 Occasio
1114 1631 1145 1690 in

148 1729 266 1810 proelio
293 1730 424 1810 amplius
447 1731 524 1789 solet
545 1731 653 1811 juvare
674 1752 765 1812 quam
790 1732 897 1791 virtus.
921 1766 960 1774 —
979 1731 1014 1788 ln
1034 1729 1146 1790 sollici-

150 1826 252 1885 tandis
281 1827 566 1906 suscipiendisque*
593 1828 743 1898 hostibus,
770 1828 794 1886 si
822 1831 905 1886 oum'
921 1827 980 1886 fide
1007 1826 1143 1898 veniant,

148 1943 258 2000 magna
284 1922 396 1982 tiducia
418 1931 483 1984 est:
506 1926 576 2004 quia
600 1925 808 1983 adversarium
830 1925 960 2002 amplius
978 1922 1146 2000 translugae

148 2018 295 2098 frangunt
310 2041 400 2101 quam
421 2021 602 2100 perempti“.
620 2057 657 2064 -
671 2021 782 2080 Melius
799 2028 845 2079 est
861 2027 929 2100 post
947 2021 1042 2078 aciem
1058 2021 1145 2098 plura

148 2137 270 2174 servare
285 2117 426 2196 praesidia
440 2138 530 2196 quam
546 2117 636 2176 latius
654 2118 781 2176 militem
802 2137 953 2197 spargere.
966 2151 1002 2160 -
1015 2115 1146 2174 Dissicile

149 2213 305 2272 vincitur*
328 2213 381 2294 qui
407 2234 476 2272 vere
495 2222 597 2294 potest
619 2213 656 2272 de
670 2215 738 2272 ,suis
757 2223 787 2274 et
809 2214 846 2272 de
865 2213 1030 2273 adversarii
1048 2213 1146 2294 copiis

146 2309 296 2390 judicare.

181 2475 321 2526 maoz:
338 2476 500 2534 Tentaris,
542 2491 592 2524 our
608 2479 752 2525 tentaveris
779 2477 1061 2538 -Experimenta
1076 2475 1146 2524 C'est

150 2551 202 2584 une
211 2538 324 2584 maxime
335 2538 367 2584 de
381 2537 482 2598 Polybo
496 2538 504 2598 (
534 2539 605 2598 ,17l3
623 2542 649 2586 et
661 2553 691 2585 ce
704 2540 743 2585 sut
757 2553 824 2599 pour
839 2539 943 2599 yaxoir
954 2536 1076 2598 manquo,
1090 2539 1146 2584 sui-

150 2601 215 2646 vant
230 2602 274 2646 cet
291 2602 393 2656 auteur,
411 2598 612 2661 qu'Antiochus,
626 2601 670 2660 qui
693 2600 786 2647 merita
801 2595 933 2647 d'ailleurs
948 2600 972 2646 le
992 2613 1099 2646 surnom
1112 2599 1145 2646 de

149 2659 252 2718 Grand,
266 2661 354 2721 pordit
366 2661 390 2708 la
400 2661 508 2708 bataille
521 2662 554 2708 tie
568 2661 669 2736 ilaphie
682 2666 773 2708 contro
786 2661 928 2714 Ptole'me'e.
942 2686 971 2695 -
988 2661 1143 2710 Fortuna.

150 2720 186 2769 Ce
207 2735 259 2782 que
276 2721 398 2770 Fre'cleric
416 2723 440 2770 ll
459 2723 576 2784 appelait
597 2723 630 2770 ba
654 2723 764 2775 Maiesto
783 2723 806 2769 le
832 2722 943 2769 Hasard.
967 2721 1110 2782 Plutarque
1130 2737 1145 2768 a

150 2782 288 2844 remarque‘
316 2784 331 2830 a
351 2782 488 2832 l'honneur
505 2785 536 2830 de
559 2784 623 2831 Paul
645 2785 739 2838 Emile,
754 2799 813 2845 quo,
838 2784 922 2844 parmi
935 2798 976 2830 ses
997 2783 1145 2830 nombrcux

150 2845 276 2905 exploits,
287 2845 305 2891 il
316 2859 348 2891 ne
364 2843 417 2893 s’en
433 2847 549 2893 trouvait
562 2861 609 2907 pas
622 2861 656 2891 un
669 2845 811 2902 dfeclatant
830 2846 874 2906 qui
888 2848 936 2905 put
954 2847 1010 2892 etre
1027 2844 1144 2892 attribue

150 2921 184 2953 au
198 2907 301 2953 hasard.
322 2906 404 2967 Sylla,
417 2923 449 2954 au
464 2909 604 2964 contraire,
626 2908 765 2955 attribuait
788 2909 802 2953 a
818 2907 843 2953 la
861 2908 967 2954 fortune
990 2909 1077 2953 toules
1102 2921 1144 2954 scs

151 2967 235 3014 belles
246 2968 350 3014 actions
364 2983 369 3016 :
383 2969 488 3015 debile
503 2983 610 3014 surnom
621 2968 684 3029 qu'il
697 2970 749 3030 prit
761 2970 793 3015 de
806 2967 887 3015 Felir.
905 2967 984 3015 Co'sar
994 2968 1034 3014 dit
1048 2969 1081 3015 de
1096 2983 1144 3015 son

149 3029 211 3075 cote'
225 3042 231 3076 :
246 3048 257 3072 a
270 3028 385 3076 Multum
397 3044 457 3077 cum
468 3029 495 3077 in
504 3029 628 3077 ontnibus
641 3031 697 3077 tum
711 3030 736 3076 in
748 3044 776 3076 re
788 3028 900 3076 militari
913 3029 998 3090 potest
1008 3027 1120 3088 fortuna
1133 3049 1143 3072 »ι

152 3090 229 3151 (Bell.
245 3089 323 3150 Gatt,
336 3090 368 3148 V,
391 3093 481 3152 30).-
501 3091 686 3153 Antequam
710 3091 825 3140 facias.
839 3091 878 3138 Ct'.
893 3091 1013 3150 Bossuet,
1029 3090 1073 3139 Or.
1085 3090 1144 3151 sun.

151 3152 184 3200 de
198 3151 287 3199 Condi
303 3167 308 3200 :
325 3171 336 3194 «
349 3151 440 3200 C’c'tar't
461 3167 511 3200 une
524 3153 608 3200 deses
628 3151 753 3199 maaimes
771 3152 838 3214 qu't'l
850 3151 938 3212 l'allait
960 3151 1084 3199 craindre
1108 3151 1145 3198 les

150 3215 271 3263 ennemis
284 3214 315 3261 de
329 3212 383 3260 loin
394 3229 465 3277 pour
481 3229 512 3262 ne
526 3215 562 3261 les
581 3213 644 3275 plus
655 3213 777 3260 crantore
791 3214 822 3260 de
832 3213 903 3274 pres,
917 3215 942 3260 et
955 3227 982 3259 sc
1004 3212 1107 3274 re'jouir
1128 3212 1144 3260 a

152 3274 214 3325 leur
225 3275 356 3339 approche
369 3293 391 3324 n.
401 3301 432 3311 -
444 3274 666 3336 Suscipiendis
680 3290 685 3321 :
697 3275 715 3320 il
729 3276 784 3322 saut
795 3275 855 3320 bien
866 3274 1001 3322 accueillir
1011 3275 1048 3320 les
1058 3277 1145 3320 trans·

151 3337 237 3397 fuges,
247 3352 279 3384 ne
292 3338 375 3383 sut-ce
386 3351 436 3398 que
446 3352 513 3414 pour
523 3351 554 3382 en
566 3337 630 3383 tircr
639 3337 924 3396 desnenscignemcnts.
933 3334 1143 3395 -Penempti¹

151 3397 248 3446 c'e'tan
260 3400 284 3446 la
301 3398 414 3445 maxime
429 3397 587 3458 dAgcsilas;
601 3395 683 3444 l'utile
704 3402 730 3444 et
749 3397 881 3443 l'bonnetc
896 3395 934 3457 s'y
947 3399 1071 3443 trouvent
1084 3395 1146 3442 re'u-

152 3461 195 3508 nis
206 3475 212 3508 :
226 3459 317 3519 Futile,
331 3473 404 3506 enee
415 3474 465 3520 que
477 3458 528 3506 l'on
541 3459 635 3520 profite
649 3459 694 3504 des
708 3461 795 3518 pertas
808 3459 840 3506 de
853 3457 988 3516 l'ennemi;
1001 3456 1143 3514 l'honntte,

151 3536 185 3569 en
199 3535 228 3569 ce
243 3536 295 3582 que
307 3535 337 3568 ce
347 3521 460 3582 procc'de'
473 3525 574 3580 permet
585 3521 616 3566 dc
630 3521 738 3566 realiscr
751 3520 775 3566 ie
789 3520 837 3567 but
850 3520 882 3565 de
898 3520 922 3565 la
934 3533 1035 3579 guerro,
1047 3520 1091 3579 qui
1105 3523 1146 3567 est

153 3598 206 3631 non
220 3583 252 3630 de
263 3583 356 3644 perdro
366 3583 405 3630 les
414 3583 540 3643 ermenus,
556 3583 621 3629 mais
634 3582 714 3629 deles
728 3582 836 3627 torsera
858 3581 964 3642 rc'parer
979 3581 1048 3627 leurs
1066 3584 1144 3629 torts.

153 3645 193 3692 ct.
217 3644 325 3706 Polybo,
340 3643 372 3701 V,
383 3648 405 3692 3.
419 3669 449 3679 -
465 3643 624 3694 Vincitur.
646 3643 684 3690 Cf.
703 3643 816 3690 Bossuet
835 3641 891 3704 (Or.
909 3640 967 3701 sain.
981 3641 1012 3689 de
1025 3634 1156 3714 Condelb

152 3726 165 3750 a
184 3706 208 3752 n
221 3705 303 3753 tenait
316 3719 411 3753 encore
427 3719 499 3767 pour
512 3703 624 3753 manime
642 3703 724 3766 qu'un
739 3703 826 3750 babile
844 3702 975 3765 capitaine
995 3705 1058 3764 peut
1082 3702 1160 3764 bien,

153 3768 210 3817 aare
221 3767 325 3829 vaincu,
340 3766 406 3814 mais
424 3765 492 3831 qu'il
504 3780 535 3815 ne
550 3767 589 3814 lui
602 3769 639 3814 est
652 3765 803 3828 paxpermt's
816 3765 897 3812 d'otre
914 3763 1020 3828 surpris
1035 3783 1057 3813 a.

573 3927 727 3982 -3052-
