2698 4242
409 229 411 236 .
469 173 504 230 7.
524 173 594 228 Les
609 168 765 227 beantes
780 170 825 227 de
839 170 960 226 Rome.

553 284 600 348 (De
617 283 705 332 llomae
722 282 881 346 miraculis.)

316 428 499 490 Percensere
513 428 619 487 labor*
634 427 757 485 densis*
772 426 882 485 decora
895 427 976 485 alta*
991 427 1125 506 tropaeis,

356 526 399 586 Ut
410 517 436 584 si
451 526 519 605 quis
535 525 637 584 stellas
649 544 866 604 pernumerare
881 523 971 596 velit;

315 622 579 702 Conlunduntque
594 643 689 700 vagos
704 620 829 680 delubra
849 621 993 679 micantia
1009 621 1094 678 visus
1111 638 1117 679 :

357 721 443 800 lpsos
458 719 641 779 crediderim
656 719 701 778 sic
713 718 853 777 habitare
867 719 959 777 Deos

317 817 398 885 Quid
412 817 522 897 loquar
536 817 618 876 aerio
633 815 804 896 pendentes
819 815 936 874 lornice
952 816 1065 886 rivos*,

357 913 423 982 Qua
435 915 488 972 vix
502 914 674 972 imbriferas
688 913 810 972 tolleret
824 913 880 971 lris
894 914 1011 992 aquas‘.l

319 1011 384 1070 Hos
397 1011 502 1091 potius
517 1011 599 1069 dicas
610 1011 742 1068 crevisse
756 1010 786 1068 in
802 1010 900 1068 sidera
916 1016 1036 1068 montes
1053 1027 1060 1069 τ

356 1108 429 1167 Tale
447 1108 635 1187 Giganteum
652 1107 773 1166 Graecia
787 1106 892 1166 laudat
907 1127 996 1186 opus.

318 1207 491 1285 Intercepta
505 1206 565 1264 tuis
578 1205 755 1263 conduntur
765 1204 891 1262 flumina
906 1203 1021 1269 muris:

267 1345 269 1352 ·
357 1303 552 1362 Consumunt
565 1310 647 1360 totos
662 1301 742 1360 celsa
754 1301 894 1359 lavacra*
909 1301 1004 1360 166115.

318 1400 383 1459 Nec
398 1400 500 1458 minus
515 1407 546 1458 et
562 1391 696 1479 propriis
709 1398 924 1458 celebrantur*
941 1397 1083 1457 roscida*
1097 1398 1199 1470 venie,

360 1499 500 1576 Totaque
515 1497 641 1554 nativo*
655 1497 768 1555 moenia
784 1497 868 1554 fonte
882 1503 1002 1554 sonant.

261 1607 263 1610 '
319 1594 462 1672 Frigidus
477 1594 599 1652 aestivas
613 1593 685 1652 hinc
700 1599 851 1673 temperat
865 1591 979 1650 halitus
994 1612 1093 1665 auras,

360 1692 589 1770 Innocuamque
602 1694 610 1707 ”
624 1692 706 1749 levat
717 1690 824 1769 purior
838 1689 920 1748 unda
935 1689 1028 1748 sitim.

320 1789 436 1867 Nempe
450 1787 506 1845 tibi
519 1787 638 1844 subitus
654 1787 820 1845 calidarum
836 1807 947 1864 gurges
962 1807 1108 1866 aquarum

359 1884 457 1963 Rupit
470 1884 626 1963 Tarpeiae,
643 1883 732 1941 hoste
746 1893 915 1962 premente,
933 1883 1029 1942 vias*.

319 1982 352 2040 Si
366 1981 444 2039 soret
459 1989 602 2052 aeternus,
619 2000 723 2039 casum
740 1980 869 2039 sortasse
884 1988 1025 2059 putarem
1044 2000 1050 2040 :

357 2078 484 2137 Auxilio
496 2078 595 2148 lluxit,
611 2078 665 2157 qui
682 2077 837 2135 rediturus
854 2084 928 2136 eret.

320 2174 401 2242 Quid
416 2175 526 2254 loquar
541 2176 673 2233 inclusas
690 2175 770 2233 inter
785 2175 960 2254 laquearia*
972 2174 1075 2244 silvas,

359 2271 495 2330 Vernula
508 2293 567 2352 qua
583 2272 669 2330 vario
682 2272 816 2330 carmine
832 2271 911 2329 ludit
925 2271 1012 2330 avis?

320 2369 399 2428 Vere
414 2370 488 2428 tuo*
506 2390 672 2448 numquam
691 2368 818 2426 mulceri
834 2368 946 2426 desinit
960 2388 1076 2441 annus;

361 2465 556 2544 Deliciasque
572 2473 640 2524 tuas
655 2465 738 2523 victa
755 2472 861 2524 tuetur
875 2465 983 2526 hiems.

253 2624 326 2675 N0'7
344 2638 349 2671 :
364 2623 486 2673 Labor.
508 2623 631 2670 L’uuteur
649 2623 742 2684 (debut
758 2624 794 2670 du
809 2632 837 2669 v·
853 2623 932 2670 siecle
946 2625 1023 2686 apres
1041 2624 1128 2683 J.-C.,
1147 2626 1225 2686 puien

224 2686 383 2742 convaincu,
412 2686 494 2746 grand
523 2687 685 2732 admirateur
709 2686 740 2732 de
768 2684 860 2740 Rome,
891 2689 955 2732 veut
980 2687 1037 2733 dire
1075 2684 1108 2732 u'i
1145 2688 1228 2734 serait

213 2748 330 2796 ¹difficile
346 2746 511 2794 d'dnumc'rer
532 2750 620 2794 1611165
640 2747 677 2794 165
693 2747 842 2794 merveilles
857 2748 890 2793 de
906 2747 997 2795 Rome.
1011 2775 1042 2782 -
1090 2748 1178 2797 ensis
1198 2770 1225 2789 =

223 2808 382 2858 innumeris.
392 2809 496 2870 Emploi
511 2809 643 2870 classique
660 2813 751 2870 :Aque
763 2809 843 2866 Chao,
858 2808 953 2856 densos
966 2810 1056 2856 diuum
1067 2809 1227 2857 numerabat

214 2885 326 2919 amores
340 2871 467 2932 (Virgile).
481 2897 511 2904 -
526 2871 655 2920 Decora
666 2872 744 2919 alta.
759 2869 808 2917 Ces
819 2871 968 2917 niervcilles
979 2871 1152 2932 magnifiques
1164 2875 1228 2919 sont

223 2933 261 2980 les
285 2936 396 2989 statues,
423 2932 461 2978 les
488 2933 607 2993 temples,
631 2933 669 2978 les
692 2947 750 2980 arcs
772 2933 804 2978 de
824 2932 966 3006 triumphe,
991 2936 1042 2980 etc.
1062 2961 1092 2968 —
1111 2931 1224 2982 Rlvos.

223 2993 418 3054 Quelques-uns
438 2995 470 3040 de
487 3009 531 3040 ces
549 2995 683 3055 aqueducs
702 2995 809 3040 avaient
825 2995 930 3055 jusque
949 2999 1010 3042 cent
1027 2995 1091 3040 neul
1099 2994 1175 3056 pieds
1192 2994 1226 3040 de

223 3057 288 3102 haut
303 3055 380 3116 (celui
393 3056 428 3102 du
444 3055 551 3101 Gardon
567 3071 581 3102 11
594 3056 750 3115 5911161165).
765 3056 875 3102 Frontin
890 3056 928 3102 les
941 3070 1065 3118 compare
1080 3071 1131 3102 aux
1145 3056 1227 3126 Pyra-

214 3118 318 3173 mides,
328 3120 354 3164 61
362 3116 436 3164 Pline
446 3115 564 3163 l'Ancien
577 3117 709 3174 (xxxvl,
720 3119 756 3177 15)
773 3117 810 3163 165
823 3122 930 3180 compte
938 3120 1022 3180 parmi
1031 3119 1068 3164 les
1077 3117 1227 3164 merveilles

224 3179 260 3224 du
274 3178 380 3224 munde.
398 3178 418 3224 ll
428 3193 446 3239 y
457 3193 488 3224 en
500 3179 572 3226 avait
585 3183 613 3225 24
627 3195 689 3226 sous
700 3177 825 3240 l'cmpire,
841 3183 867 3226 et
878 3183 920 3225 211
932 3181 1062 3227 6116166611
1073 3177 1146 3226 d'eau
1158 3194 1228 3240 pour

224 3240 249 3288 la
264 3239 446 3287 distribution.
460 3241 525 3286 Voir
534 3241 573 3287 les
583 3241 704 3288 versione
715 3244 767 3298 161,
780 3245 833 3298 165,
846 3245 888 3287 167
901 3246 927 3288 61
938 3242 976 3288 165
987 3246 1072 3289 notes.
1081 3268 1111 3275 —
1119 3241 1228 3290 Lava-

226 3313 294 3352 ora.
306 3316 409 3348 comme
420 3301 458 3348 les
470 3301 584 3349 thermes
595 3304 627 3348 de
639 3303 780 3360 Caracalla,
793 3303 815 3348 si
824 3303 1021 3363 remarquablcs
1033 3318 1081 3364 par
1088 3303 1158 3350 leurs
1166 3317 1228 3373 pro-

224 3363 347 3426 portione
357 3364 542 3424 gigantesques
555 3367 581 3411 et
591 3365 647 3410 leur
658 3365 844 3425 somptuosite.
858 3392 887 3398 -
898 3365 1156 3414 celebrantur:
1165 3364 1228 3412 irri-

225 3426 328 3487 gantur
335 3424 447 3498 passim.
456 3453 486 3460 —
495 3425 648 3484 Roseida,
661 3424 820 3472 e'est-d-dire
828 3426 864 3472 ita
874 3430 903 3473 ut
912 3428 1016 3473 roscida
1025 3426 1148 3488 (moenia)
1162 3427 1225 3474 sint.

160 3495 164 3502 ’
226 3486 395 3544 -Ναιινο,
405 3501 507 3533 66161116
515 3487 643 3548 propriis,
656 3488 764 3546 designe
773 3488 810 3534 les
820 3503 927 3534 sources
936 3489 1020 3549 quine
1032 3491 1094 3536 sont
1102 3501 1149 3549 pas
1158 3501 1228 3534 ame-

216 3547 289 3594 11665
306 3549 338 3594 de
355 3548 417 3594 loin.
436 3575 466 3582 -
477 3549 662 3604 Innocuam,
679 3550 723 3609 qui
740 3565 772 3596 ne
788 3550 836 3596 fait
851 3563 898 3610 pas
919 3551 1033 3609 soull'rir,
1051 3564 1130 3612 parce
1147 3547 1227 3610 qu'on

231 3614 296 3670 peut
310 3608 462 3657 l'dtancher.
478 3636 507 3644 —
522 3609 613 3659 Vias.
628 3609 712 3656 Ovide
728 3612 817 3672 (Fast,
833 3611 852 3667 l,
867 3612 920 3672 265)
935 3613 1008 3672 parle
1023 3611 1095 3658 aussi
1110 3612 1142 3658 de
1156 3614 1228 3658 cette

227 3685 321 3718 source
337 3670 464 3718 thermalc
478 3672 523 3731 qui
537 3672 667 3730 cnglnutit
681 3687 732 3718 une
746 3674 830 3733 partie
845 3672 877 3718 de
892 3671 997 3720 l'urmde
1014 3674 1061 3720 des
1076 3672 1181 3720 Sabine.
1197 3698 1228 3707 —

216 3732 429 3793 ‹Laquearia,
441 3734 478 3779 les
494 3733 631 3793 por-tiques
643 3733 797 3780 lambrissds
812 3735 878 3780 dens
888 3732 1044 3782 l'intervalle
1059 3734 1182 3795 desquels
1192 3748 1228 3781 on
1264 3753 1266 3758 ,

225 3794 342 3855 pluntnit
356 3794 402 3840 des
417 3793 546 3854 bosquets
559 3798 585 3840 et
595 3795 642 3841 des
655 3809 771 3855 vergere.
784 3822 815 3830 -—
826 3796 903 3845 Tuo.
918 3795 957 3843 Cl.
973 3795 1079 3859 Ge'ory„
1094 3795 1127 3854 Il,
1142 3798 1195 3843 119.

669 3937 789 3987 -3..
