2756 4238
592 121 802 181 CHAPlTRE
824 122 897 180 Vlll

644 217 740 280 (eaput
762 215 841 279 mn.)

478 363 586 418 nauis.
608 395 645 404 -
660 381 780 420 1111111111,
801 394 841 406 -
854 379 1003 423 emenone.

430 455 478 520 (De
495 455 624 505 coercito.
640 484 671 492 -
681 457 720 504 De
736 456 828 506 elisee.
841 482 871 492 -
883 457 921 504 Dc
933 457 1051 520 aerario.)

275 615 360 680 297.
380 615 611 674 Formulaire
631 618 736 673 d’une
755 614 989 674 declaration
1008 618 1053 673 de
1073 629 1206 686 guerre

578 717 649 774 par
667 706 723 761 les
746 703 906 762 feeiaux.

393 799 541 863 (Quomodo
549 799 670 862 fetiales*
683 800 786 848 bellum
800 800 917 849 indicere
935 799 1011 849 soliti
1021 799 1095 864 sint.)

185 916 223 979 20
280 915 412 991 legatus
444 914 496 973 ubi
518 913 556 974 ad
589 915 666 974 fines
691 936 797 974 eorum
824 916 919 986 venit,
950 915 1054 978 unde*
1081 935 1130 974 res
1155 933 1243 994 repe*

238 1012 379 1084 tuntur*,
406 1012 506 1091 capite
524 1011 626 1071 velato
645 1012 696 1070 filo
718 1011 805 1089 llanae
830 1010 969 1070 uelamen
993 1014 1049 1086 est)
1076 1029 1083 1072 :
1110 1033 1125 1066 «
1153 1011 1238 1079 audi,

238 1107 383 1186 Juppiter
412 1132 426 1163 n
449 1109 562 1188 inquit,
579 1133 594 1164 «
617 1109 722 1167 audite
746 1109 822 1167 fines
840 1134 853 1164 s
879 1109 1116 1188 (cujuscumque
1140 1106 1241 1184 gentis

239 1211 323 1277 sunt,
349 1205 510 1284 nominat),
536 1229 550 1260 «
572 1205 679 1266 audiat
697 1205 785 1264 las*l
812 1205 876 1282 Ego
905 1225 972 1263 sum
994 1205 1136 1283 publicus
1163 1225 1243 1262 nun-

238 1301 299 1359 tius
314 1301 421 1380 populi
439 1302 589 1374 Romani;
608 1302 692 1382 juste
707 1303 819 1385 pieque
836 1302 955 1380 legatus
971 1302 1061 1360 venio
1077 1300 1242 1380 verbisque

238 1399 314 1456 meis
336 1398 411 1456 tides
428 1399 477 1458 sit.
501 1424 516 1454 s
542 1399 686 1476 Peragit*
712 1399 823 1458 deinde
848 1399 1014 1478 postulata.
1034 1397 1108 1456 Inde
1128 1397 1241 1456 lovem

204 1565 211 1575 1
238 1502 347 1553 testem
371 1495 445 1554 lacit
468 1515 475 1556 :
501 1520 515 1550 «
542 1496 567 1553 si
593 1516 649 1572 ego
678 1496 792 1575 injuste
824 1496 978 1575 impieque
1005 1495 1073 1554 illos
1097 1494 1241 1552 homines

238 1591 367 1671 illasque
381 1613 429 1650 res
445 1593 567 1651 dedier*
582 1592 658 1650 mihi
674 1613 818 1672 exposcO,
836 1599 901 1650 tum
918 1593 1024 1671 patriae
1042 1599 1217 1670 compotem
1228 1592 1241 1615 *

238 1709 286 1746 me
307 1709 474 1768 numquam
496 1689 585 1746 siris*
602 1710 667 1748 esse
684 1714 711 1748 ».
737 1691 812 1748 Haec
826 1709 896 1748 cum
917 1689 993 1748 fines
1013 1686 1239 1768 suprascandit,

240 1784 305 1842 liaec
328 1785 516 1865 quicumque
535 1786 563 1844 ei
580 1787 698 1864 primus
714 1787 762 1844 vir
780 1786 891 1844 obvius
913 1786 1017 1860 fuerit,
1037 1785 1103 1843 haec
1119 1792 1241 1863 portam

237 1881 424 1958 ingrediens,
449 1882 514 1941 haec
538 1882 639 1940 lorum
664 1883 819 1960 ingressus
841 1883 946 1962 paucis
973 1883 1074 1940 verbis
1095 1881 1241 1940 carminis

236 1979 492 2058 concipiendique
517 1979 720 2058 jurisjurandi
745 1980 870 2038 mutatis
888 1980 1017 2058 peragit.
1044 1979 1075 2038 Si
1098 1997 1158 2036 non
1184 1976 1238 2035 de·

237 2075 354 2132 duntur
374 2095 451 2153 quos
472 2076 622 2154 exposcit,
640 2075 749 2133 diebus
768 2075 866 2134 tribus
881 2082 912 2133 et
931 2075 1054 2152 triginta
1077 2075 1137 2151 (tot
1153 2072 1237 2130 enim

237 2170 399 2229 sollemnes
436 2172 525 2251 sunt)
550 2173 694 2250 peractiS,
722 2171 834 2231 bellum
867 2172 909 2230 ita
942 2172 1082 2231 indicit:
1117 2194 1131 2224 «
1165 2168 1238 2228 audi

235 2267 390 2347 luppiter,
418 2276 449 2327 et
476 2277 520 2340 tu,
546 2268 624 2328 Jane
652 2269 789 2338 Quirine,
823 2269 928 2348 diique
958 2289 1065 2326 omnes
1093 2267 1241 2326 caelestes

237 2384 353 2444 vosque
377 2373 537 2424 terrestres
559 2386 677 2445 vosque
697 2366 810 2425 inferni
833 2366 957 2426 audite!
980 2365 1044 2443 Ego
1065 2385 1120 2423 vos
1143 2351 1242 2422 testor

237 2461 384 2540 populum
409 2462 495 2520 illum
524 2487 538 2518 s
565 2464 762 2542 (quicumque
783 2471 839 2535 est,
865 2462 1016 2540 nominat)
1046 2487 1059 2516 «
1088 2461 1239 2541 injustum

236 2570 312 2629 esse,
332 2580 431 2638 neque
444 2561 494 2638 jus
510 2560 698 2638 persolvere.
718 2559 800 2617 Sed*
825 2559 863 2618 de
886 2560 952 2618 istis
975 2558 1065 2617 rebus
1084 2559 1115 2616 in
1140 2557 1241 2636 patria

235 2656 366 2735 majores
382 2665 455 2716 natu
471 2657 677 2727 consulemus,
695 2677 756 2735 quo
771 2663 862 2735 pacto
872 2655 923 2735 jus
933 2662 1073 2714 nostrum
1089 2654 1241 2734 adipisca-

235 2773 304 2810 mur
325 2777 351 2813 n.
374 2753 451 2811 Cum
475 2753 513 2811 iis
532 2754 659 2812 nuntius
677 2753 807 2811 Romam
830 2753 868 2811 ad
895 2748 1117 2812 consulendum
1146 2750 1237 2810 redit.

265 2893 306 2943 111ο
320 2893 385 2944 297
407 2907 412 2940 :
431 2893 584 2943 Fetiales.
609 2893 644 2941 Le
668 2893 767 2954 college
786 2894 832 2940 des
849 2893 965 2941 Fecinux
986 2907 1014 2952 se
1029 2906 1156 2954 compose
1171 2889 1241 2938 d'or-

235 2957 337 3002 dinaire
355 2956 386 3001 dc
405 2957 481 3014 vingt
500 2955 641 3013 membres,
662 2955 779 3002 recrutc's
802 2970 851 3016 par
863 2956 1019 3016 cooptation
1039 2957 1066 3003 et
1086 2953 1205 3002 nomines
1224 2954 1240 3000 a

235 3020 286 3064 vie.
300 3017 335 3063 lls
347 3018 466 3077 egissent
481 3031 530 3078 par
549 3031 662 3078 groupes
676 3017 708 3063 de
721 3018 789 3063 deux
808 3030 842 3063 ou
860 3020 962 3078 quatre,
980 3017 1047 3065 dont
1058 3018 1082 3064 le
1098 3016 1161 3064 chel
1174 3015 1239 3077 joue

233 3079 258 3126 le
276 3079 330 3126 role
350 3079 382 3124 dc
400 3079 461 3138 pere
479 3080 515 3124 du
533 3080 628 3139 peuple
645 3080 769 3140 romain(
791 3080 850 3124 ater
862 3079 1006 3140 patratus.
1026 3079 1067 3125 Un
1080 3081 1155 3126 autre
1171 3075 1240 3138 s'ap·

234 3141 302 3248 pelle
322 3139 504 3197 verbenarius,
527 3143 637 3201 porteur
658 3141 703 3187 des
725 3093 820 3186 heries
842 3140 955 3188 sacrees.
977 3140 1011 3187 Is
1033 3141 1167 3202 portaient
1185 3153 1239 3186 une

255 3204 361 3263 aguette
386 3201 535 3264 (camiceus)
560 3215 663 3249 comme
687 3202 816 3248 embldme
839 3201 871 3247 de
894 3202 919 3248 la
943 3202 1013 3262 paix,
1038 3204 1118 3248 etun
1134 3200 1239 3261 Javelot

234 3278 337 3312 comme
355 3262 476 3325 symbole
493 3264 526 3309 de
542 3264 568 3310 la
585 3277 691 3323 guerre,
707 3264 739 3310 ils
755 3265 777 3310 16
793 3263 927 3318 lancaient
943 3279 989 3310 sur
1004 3263 1029 3309 le
1046 3262 1172 3309 srontiere
1190 3262 1238 3309 des

235 3325 353 3372 ennemis
367 3326 455 3385 quand
468 3325 506 3371 les
517 3325 650 3372 hostilites
662 3325 762 3371 etaient
770 3324 902 3372 dicide'es.
916 3351 946 3358 -
956 3323 1048 3374 Unde
1058 3342 1089 3365 =
1099 3338 1114 3370 a
1126 3321 1236 3386 quibus.

235 3422 264 3430 -
281 3395 348 3444 Res
363 3395 559 3455 repetuntur
569 3395 602 3441 cl.
616 3387 646 3438 τὰ
661 3389 742 3438 δίκαια
754 3385 838 3443 αἰτεῖν.
851 3422 881 3430 -
896 3395 970 3452 Fas,
985 3395 1008 3441 le
1025 3393 1179 3441 droitdivin
1196 3397 1239 3440 est

234 3456 402 3518 personnifie.
421 3483 450 3490 -
471 3456 614 3517 Peragit,
628 3454 692 3504 c'est
707 3458 733 3504 la
750 3455 891 3519 clarigatio
909 3455 1091 3517 (reclamation
1104 3455 1237 3516 officielle,

235 3522 262 3565 et
274 3532 322 3580 par
334 3518 644 3582 extension,declarnti0n
656 3520 688 3566 de
699 3519 810 3579 guerre).
822 3545 852 3553 -
860 3518 980 3567 Dedier
989 3537 1020 3561 =
1030 3518 1100 3565 dedi.
1113 3515 1239 3566 -Gom-

234 3586 350 3642 potem,
365 3593 443 3639 parce
456 3594 507 3640 que
517 3580 586 3626 celui
603 3581 647 3640 qui
660 3595 675 3626 a
687 3580 798 3626 commis
811 3594 846 3626 un
862 3580 988 3640 sacrilege
1005 3583 1047 3627 est
1064 3579 1145 3626 banni
1160 3579 1193 3625 de
1208 3593 1238 3626 so

234 3639 470 3702 patrie-Siris,
482 3655 550 3702 pour
562 3640 665 3698 siveris,
680 3642 712 3688 de
728 3641 795 3688 sino.
818 3666 848 3678 -
867 3641 947 3691 Sed:
962 3642 1114 3689 transition.
1140 3639 1161 3687 11
1182 3655 1200 3702 y
1222 3657 1238 3688 a

234 3717 285 3748 une
309 3701 366 3747 ide'e
385 3702 593 3748 sous-entendue
618 3702 669 3763 :je
691 3718 724 3750 ne
746 3703 872 3750 voudrais
897 3718 944 3765 pas
969 3717 1010 3749 me
1034 3716 1185 3765 prononcer
1198 3702 1237 3748 111-

234 3764 337 3822 dessus,
351 3763 447 3810 mais...
1075 3792 1087 3820 0

654 3871 811 3921 -300-
