2696 4244
424 203 506 264 19⁷.
528 205 620 262 Tout
634 217 728 276 pour
742 205 783 261 la
798 204 931 274 patrie.

468 327 532 392 (Nos
546 327 615 376 totos
623 327 722 391 patriae
735 327 884 390 dedamus.)

212 523 355 603 Respice,
372 544 490 604 quaeso,
512 522 700 602 aliquando*
720 518 953 602 rempublicam,
978 521 1022 582 M.
1044 521 1177 592 Antoni3
1192 519 1234 582 4⁸

172 621 285 700 quibus
316 627 403 679 ortus
441 621 493 692 sis,
531 641 594 679 non
622 619 827 699 quibuscum*
853 618 952 690 vivas,
982 617 1142 676 considera
1169 635 1176 676 :

172 721 323 790 mccuin*,
341 723 376 776 ut
395 717 497 790 voles;
520 737 590 776 cum
610 716 768 795 republica
783 715 846 774 redi
863 713 894 772 iu
911 715 1052 791 gratiam.
1066 713 1125 772 Sed
1141 713 1179 772 de

172 824 202 872 te
221 823 254 872 tu
272 813 403 872 videris*
411 839 418 884 ;
441 835 498 892 ego
521 814 558 872 de
585 812 720 892 meipso
745 812 925 891 profitebor.
949 809 1082 870 Defendi
1102 829 1180 868 rein·

172 911 328 990 publicum
350 911 569 984 adulescens*;
596 930 658 968 non
685 900 822 968 deseram
852 929 944 967 senex
975 926 981 967 :
1007 907 1180 986 contempsi

173 1008 315 1068 Catilinae
325 1007 454 1086 gladios
468 1028 529 1066 non
542 1007 757 1086 pertimescam
773 1013 853 1066 tuos.
865 1005 945 1072 Quin
962 1004 1053 1063 etiam
1067 1023 1180 1083 corpus

172 1104 304 1162 libenter
322 1104 498 1174 obtulerim,
516 1104 541 1162 si
554 1103 766 1183 repraesentari
776 1110 874 1160 morte
890 1123 955 1160 mea
965 1102 1091 1160 libertas
1105 1101 1181 1160 civi-

174 1201 248 1260 tatis
275 1209 378 1280 potest
403 1220 409 1262 :
436 1209 470 1260 ut
495 1200 661 1280 aliquando
689 1199 777 1258 dolor
810 1200 916 1278 populi
943 1200 1060 1257 romani
1081 1197 1181 1277 pariat

175 1299 257 1378 quod
281 1298 403 1378 jamdiu
429 1299 598 1378 parturit*l
625 1297 746 1355 Etenim
773 1297 797 1353 si
827 1295 939 1354 abhinc
965 1315 1061 1354 annos
1083 1315 1180 1374 prope

172 1395 283 1474 viginti
299 1394 357 1453 hoc
373 1397 440 1474 ipso
454 1396 485 1452 in
502 1394 639 1473 templo*
652 1393 762 1470 negavi
778 1414 867 1472 posse
884 1394 1013 1451 mortem
1036 1393 1180 1449 immatu-

172 1513 238 1550 ram
254 1491 516 1560 esseconsulari*,
527 1497 643 1571 quanto
655 1491 757 1548 verius
771 1511 852 1548 nunc
868 1490 985 1566 negabo
1001 1488 1086 1547 seni?
1101 1488 1179 1546 Mihi

173 1609 261 1658 vero,
278 1596 382 1668 patres
395 1589 574 1667 conscripti,
589 1589 652 1667 jani
676 1587 768 1645 etiam
785 1587 919 1665 optanda
938 1606 1021 1644 mors
1040 1593 1096 1656 est,
1114 1605 1180 1664 per·

174 1686 282 1744 functo
299 1685 390 1744 rebus
413 1685 461 1756 iis,
486 1705 561 1764 quas
586 1684 716 1763 adeptus
743 1704 822 1754 suin,
850 1703 986 1762 quasque
1001 1682 1090 1760 gessi.
1109 1683 1179 1740 Duo

173 1782 267 1840 modo
282 1782 349 1840 haec
371 1789 446 1861 opto
472 1800 479 1840 :
506 1802 612 1851 unuin,
636 1788 671 1839 ut
686 1781 820 1838 moriens
845 1779 993 1859 populum
1018 1799 1178 1838 romanum

173 1879 323 1938 liberum*
338 1879 511 1959 relinquam
528 1878 596 1946 thoc
620 1878 696 1935 mihi
709 1877 809 1956 majus
833 1897 848 1934 a
875 1877 934 1934 diis
953 1875 1179 1935 immortalibus

127 2007 130 2011 ·
173 1975 239 2034 dari
263 1976 338 2034 nihil
361 1977 491 2055 potest);
512 1975 654 2047 alterum,
680 1983 712 2032 ut
734 1975 775 2032 ita
797 1974 908 2054 cuique
933 1973 1064 2045 eveniat,
1088 1981 1122 2031 ut
1140 1973 1178 2031 de

124 2111 127 2117 ,
174 2073 334 2152 republica
352 2073 482 2153 quisque
498 2080 662 2132 mereatur.

204 2267 246 2316 Νο
272 2265 335 2318 197
354 2281 360 2315 t
376 2266 563 2329 Aliquando
584 2286 615 2308 =
636 2267 753 2314 tandem.
773 2293 803 2302 -
825 2265 1034 2327 Quibuscum,
1054 2265 1178 2326 euplique
1255 2311 1258 2317 Α

175 2343 224 2390 pur
235 2328 437 2391 rempublicam.
451 2357 480 2364 -
493 2330 631 2388 Mecum,
646 2343 666 2376 S.
690 2332 744 2376 ent.
760 2329 827 2374 vive.
843 2354 871 2362 -
888 2327 1032 2377 Videris.
1052 2327 1087 2374 Ce
1105 2327 1179 2374 intur

174 2391 252 2498 passe
264 2390 394 2452 equivaut
406 2405 439 2438 au
452 2391 526 2438 intur
538 2391 632 2450 simple
646 2391 772 2450 (Madvig,
781 2389 826 2436 Gr.
835 2389 890 2444 lat,
901 2390 993 2450 atui).
1009 2389 1047 2436 Cf.
1058 2389 1095 2436 De
1108 2389 1177 2447 Fau„

190 2489 196 2512 ‚
217 2457 255 2509 30,
276 2456 305 2498 35
321 2468 327 2500 :
342 2471 353 2495 n
367 2453 429 2509 Quae
441 2451 525 2513 fuerit
544 2465 632 2511 causa,
653 2466 712 2498 moa
729 2452 821 2498 videro
842 2469 863 2497 n.
887 2449 1052 2511 Reniarqncr
1066 2451 1089 2496 le
1107 2451 1178 2512 style

174 2513 261 2575 coupe
273 2517 300 2561 et
309 2513 523 2562 heurtedecette
533 2513 621 2560 divine
639 2513 821 2584 Philippique.
835 2511 965 2571 (Ridenda
976 2513 1096 2573 poemata
1109 2511 1178 2559 maio

176 2575 260 2632 Quam
279 2577 303 2622 te
320 2576 479 2638 conspicuae,
502 2574 592 2622 diuina
611 2574 771 2636 Philippica,
794 2574 881 2634 firmae,
912 2573 1029 2620 Vulneris
1053 2587 1066 2620 a
1088 2572 1179 2634 prima

175 2651 236 2700 quae
250 2637 374 2700 proaima
386 2663 417 2673 -—
433 2636 554 2691 Juvenal,
569 2636 601 2695 X,
620 2637 682 2694 124).
697 2663 725 2670 -
743 2635 953 2684 Adulescens.
974 2633 1085 2681 Ciceron
1106 2636 1179 2682 aifait

175 2701 204 2745 lt
222 2714 270 2747 aus
287 2700 341 2746 lors
362 2701 395 2746 de
414 2713 461 2746 son
479 2699 609 2745 consulat.
625 2697 645 2743 ll
658 2697 737 2744 etend
750 2697 967 2757 singulierement
983 2697 1021 2743 les
1035 2697 1132 2742 limites
1145 2695 1178 2744 de

174 2759 365 2808 l'adolescence
404 2776 437 2808 ue
450 2760 554 2807 Varron
568 2760 654 2806 faisait
667 2759 731 2806 aller
740 2759 846 2820 jusqu'e
859 2763 888 2805 30
901 2773 957 2805 ans.
967 2783 997 2792 —
1010 2757 1177 2808 Parturlt:

176 2822 375 2870 l’enfnntement
386 2775 420 2869 de
431 2823 456 2869 la
468 2821 572 2870 liberte.
588 2848 618 2855 -
632 2820 773 2882 Templo,
787 2821 852 2867 c'est
864 2821 887 2867 le
904 2819 994 2889 Senat.
1012 2845 1040 2854 -·
1058 2818 1177 2869 Consu-

176 2883 250 2934 lari.
266 2883 298 2930 In
316 2884 383 2942 Cat,
403 2883 476 2940 1V,a
494 2899 500 2931 :
520 2882 653 2946 «Siquid
670 2881 809 2945 obtigerit,
830 2897 907 2944 aquo
924 2895 1013 2928 ammo
1026 2883 1179 2943 paratoque

177 2944 285 2992 moriar.
304 2946 397 3008 Neque
410 2945 481 2993 enim
499 2945 586 3007 turpis
603 2959 674 2991 mors
687 2943 753 3004 forti
765 2943 823 2991 viro
838 2945 926 3005 potest
943 2943 1072 2996 accidere,
1093 2955 1179 3004 neque

177 3007 321 3054 immatura
341 3007 487 3065 consulari,
506 3021 552 3054 nec
568 3005 664 3053 misera
680 3005 795 3068 sapienti
812 3026 832 3052 i).
848 3005 882 3052 Ce
900 3019 1010 3067 passage
1023 3003 1139 3064 (Etenim
1156 3003 1179 3051 si

175 3067 303 3117 abhinc...
317 3083 348 3115 ne
369 3068 419 3116 abo
432 3069 498 3130 seni)
512 3071 560 3126 est,
575 3069 682 3115 suivant
695 3068 811 3130 Madvig,
823 3066 939 3129 (tipum.
956 3067 988 3122 ll,
1000 3067 1055 3128 358)
1068 3080 1119 3113 une
1131 3067 1178 3112 des

176 3145 290 3191 preuves
307 3131 340 3176 de
350 3083 549 3177 i’authenticite
567 3130 637 3177 dela
652 3129 849 3176 ceaulinaire.
864 3155 893 3164 ·-
911 3127 1075 3177 Liberum.
1097 3127 1136 3176 Cl.
1153 3127 1179 3174 le

177 3195 234 3239 mot
246 3192 278 3239 de
290 3191 401 3239 Ciceron
436 3194 584 3239 mourantzl
597 3190 698 3238 Moriar
712 3191 739 3237 in
769 3189 839 3237 atria
848 3205 924 3252 saepe
937 3191 1040 3237 seruata
1054 3207 1074 3236 n.
1085 3189 1123 3238 Cf.
1135 3203 1180 3236 ces

177 3255 247 3300 motu
263 3254 296 3300 de
309 3254 400 3300 Fustel
412 3252 481 3314 (Cite
493 3251 612 3360 antipae,
622 3266 692 3359 page
706 3205 780 3309 23li:
795 3271 806 3292 «ι
823 3253 858 3299 La
872 3253 957 3312 patrie
971 3252 1039 3298 tient
1056 3251 1179 3298 l’homme

176 3314 283 3364 attache
299 3328 349 3375 par
365 3329 400 3361 un
418 3315 470 3361 lien
488 3328 547 3360 sacr
565 3350 570 3360 .
590 3313 610 3360 ll
634 3317 680 3360 aut
692 3314 793 3360 l'aimcr
810 3327 912 3360 comme
926 3328 959 3359 on
973 3313 1041 3360 aime
1054 3328 1105 3360 une
1118 3314 1180 3360 reli-

176 3377 246 3437 gion,
262 3377 300 3423 lui
313 3376 389 3422 obeir
406 3389 509 3422 comme
522 3389 556 3421 on
569 3375 643 3422 obdit
656 3376 671 3421 e
685 3375 760 3423 Dieu.
776 3375 987 3434 lllautl'aime1·,
1002 3375 1131 3436 glorieuse
1145 3389 1180 3423 ou

176 3437 301 3497 obscure,
319 3437 447 3499 prospere
469 3452 502 3484 ou
520 3437 712 3484 malheurense.
730 3437 748 3482 ll
768 3438 824 3483 iant
842 3436 943 3483 l'uimer
959 3437 1025 3483 dans
1043 3451 1085 3484 ses
1107 3437 1180 3484 bien-

176 3500 248 3559 iaits,
269 3503 296 3547 et
315 3500 415 3547 l'aimer
434 3512 529 3545 encore
551 3498 617 3545 dans
635 3513 677 3546 ses
697 3499 825 3559 rigueucs.
846 3497 865 3543 ll
880 3499 936 3544 saut
955 3498 1062 3557 l'ainicr,
1076 3513 1180 3546 comme

175 3561 310 3608 Abraham
327 3562 419 3608 aimait
431 3575 478 3606 son
492 3561 569 3620 Dieu,
581 3561 686 3621 ¹iusqu'e
698 3561 733 3606 lui
748 3560 865 3607 sacriller
882 3574 930 3606 son
943 3559 991 3606 sils.
1007 3559 1130 3607 L'amour
1147 3561 1181 3608 de

176 3623 201 3670 la
226 3621 324 3682 Patrie,
348 3624 412 3670 c'est
436 3624 460 3668 la
484 3621 555 3683 pietc'
577 3623 625 3668 des
644 3623 752 3669 ariciens
770 3642 790 3669 ι».
806 3621 844 3670 Cf.
861 3621 1057 3683 Montesqnieu,
1080 3621 1180 3670 Grand.

176 3684 318 3742 etDecad.,
330 3685 405 3746 chap.
416 3683 439 3730 X
455 3700 460 3732 :
476 3703 486 3725 a
500 3684 520 3730 ll
533 3685 634 3745 yavait
645 3684 742 3730 cecide
754 3683 979 3744 particulierchez
992 3683 1031 3729 les
1045 3683 1180 3734 Romaius.

176 3747 254 3808 qu’ils
270 3747 394 3793 meluient
411 3747 525 3807 quelque
538 3745 684 3792 sentiment
700 3745 849 3807 religieuxt
862 3743 973 3792 l’umour
985 3745 1062 3805 qu'ils
1072 3747 1182 3793 avaient

176 3823 246 3870 pour
257 3809 315 3854 leur
327 3808 413 3869 patrie
423 3827 443 3854 n.

599 3959 758 4010 -199-
854 3975 855 3980 ’
