2756 4238
239 175 322 234 254.
342 174 497 230 Devoirs
513 175 561 230 du
571 186 801 242 gouverneur
820 175 865 230 de
875 173 1061 242 province.

148 283 150 286 ·
239 269 240 274 ’
287 269 368 332 (lusti
380 268 408 318 in
420 267 569 332 provinciis
582 268 689 332 imperii
700 268 800 333 effigies
814 268 1013 330 adumbratur.)

191 384 371 464 Cyrus*ille
384 406 400 443 a
412 384 617 464 Xenophonte
634 404 695 442 non
709 384 746 442 ad
764 383 900 442 historiae
914 382 1004 440 fidem
1019 381 1157 461 scriptus¹
1169 379 1209 442 2⁶

121 477 126 485 ’
148 481 204 540 sed
219 482 256 540 ad
279 482 410 559 elligiem
426 481 503 561 justi
525 482 657 560 imperii,
690 481 799 560 cujus*
823 500 942 538 summa
961 479 1096 558 gravitas
1115 477 1153 536 ab

151 577 205 637 illo
216 578 402 658 philosopho
421 599 490 637 cum
507 579 654 656 singulari
675 579 820 636 comitate
846 577 1046 657 conjungitur
1065 575 1154 654 (quos

149 676 275 756 quidem
301 676 395 735 libros
417 697 478 735 non
504 676 569 735 sine
597 697 688 735 causa
708 676 833 734 noster*
858 673 908 732 ille
932 674 1095 732 Africanus
1109 670 1155 730 ‘de

152 772 294 831 manibus
309 793 425 852 ponere
440 794 501 831 non
516 771 650 845 solebat;
668 772 785 831 nullum
805 779 852 831 est
868 771 948 830 enim
969 769 1156 850 praetermis-

151 889 220 928 sum
233 869 263 927 in
278 869 316 928 iis
333 870 469 934 cilicium
489 869 645 948 diligentis
661 877 690 928 et
716 869 867 928 moderati
883 867 1017 948 imperii)
1037 885 1044 928 τ
1060 885 1156 947 eaque

150 966 178 1025 si
189 966 234 1025 sic
247 966 420 1041 coluitille,
436 968 488 1047 qui
506 967 645 1047 privatus
661 966 782 1025 iuturus
796 986 962 1046 numquam
986 965 1056 1038 fuit,
1079 984 1157 1044 quo-

144 1083 222 1134 nam
253 1064 346 1123 modo
385 1064 546 1123 retinenda
580 1071 652 1122 sunt
682 1063 734 1132 iis,
774 1063 886 1142 quibus
920 1061 1084 1141 imperium
1114 1060 1157 1120 ita

150 1160 258 1222 datum
275 1168 331 1230 est,
350 1171 384 1222 ut
399 1161 595 1234 redderent*,
619 1167 650 1220 et
675 1161 713 1219 ab
738 1161 774 1218 iis
790 1159 908 1238 legibus
923 1159 1029 1218 datum
1045 1165 1101 1230 est,
1119 1157 1156 1217 ad

152 1277 229 1335 quas
248 1259 466 1318 revertendum
487 1267 533 1317 est
545 1259 576 1318 ¹¹?
595 1260 640 1317 Ac
662 1256 763 1315 mihi*
785 1257 909 1337 quidem
928 1256 1074 1316 videntur
1097 1255 1158 1314 huc

150 1355 257 1414 omnia
271 1375 335 1414 esse
352 1355 512 1415 referenda
526 1355 573 1426 iis,
592 1355 644 1435 qui
661 1362 797 1434 praesunt
811 1355 888 1425 aliie,
910 1361 943 1413 ut
960 1353 981 1412 ii
1001 1353 1158 1434 quierunt

153 1438 183 1508 in
204 1471 310 1510 eorum
335 1451 465 1531 imperio
487 1451 550 1510 sint
568 1471 660 1532 quam
688 1451 867 1510 beatissimi.
896 1451 950 1508 Est
974 1457 1074 1508 autem
1095 1469 1157 1507 non
1214 1489 1217 1496 -
1253 1435 1258 1444 ’

152 1547 245 1606 niodo
260 1548 326 1628 ejus
341 1549 393 1628 qui
409 1549 500 1608 sociis
519 1555 551 1624 et
574 1548 706 1630 civibus,
721 1547 773 1606 sed
791 1547 883 1606 etiam
900 1546 967 1627 ejus
983 1547 1035 1626 qui
1049 1544 1156 1618 serviS,

151 1645 206 1724 qui
226 1645 319 1704 mutis
343 1645 514 1725 pecudibus
540 1645 660 1725 praesit,
681 1665 787 1704 eorum
813 1643 924 1725 quibus
942 1644 1047 1723 praesit
1073 1663 1158 1702 com-

153 1741 253 1800 modis
265 1742 453 1821 utilitatique
473 1741 600 1801 servire.
614 1741 712 1822 Cujus
723 1742 847 1822 quidem
864 1742 1002 1818 generis*
1019 1748 1159 1813 constare

153 1839 234 1897 inter
250 1859 356 1910 omnes
377 1839 468 1898 video
486 1839 540 1898 abs
560 1845 590 1898 te
612 1859 762 1898 summam
786 1838 924 1897 adhiberi
943 1838 1157 1916 diligentiam:

153 1936 272 1995 nullum
300 1957 355 2004 aes,
370 1937 504 1996 alienum
531 1957 648 1996 novum
670 1937 810 1995 contrahi
826 1935 1039 2010 civitatibus*;
1057 1941 1160 1993 vetere

153 2039 256 2091 antem
272 2053 384 2112 magno
401 2040 431 2093 et
445 2034 532 2112 gravi
545 2034 658 2094 multas
674 2034 770 2093 abste
786 2054 852 2092 esse
873 2033 1032 2107 liberatas;
1053 2053 1159 2112 pacem

153 2138 219 2188 tota
239 2131 398 2210 provincia
424 2131 641 2203 constitutam;
667 2131 830 2190 facillimos
848 2151 913 2189 esse
931 2130 1032 2189 aditus
1058 2129 1095 2188 ad
1119 2137 1158 2187 te,

156 2235 261 2306 patere
283 2248 371 2286 aures
390 2234 456 2287 tuas
477 2227 609 2308 querelis
636 2228 792 2297 omnium;
814 2227 927 2285 nullius
951 2227 1108 2306 inopiam*
1125 2246 1161 2284 ac

152 2325 354 2383 solitudinem
367 2325 379 2347 *
394 2346 455 2383 non
472 2325 564 2383 modo
585 2324 637 2382 illo
652 2325 794 2404 populari
812 2345 936 2382 accessu
952 2344 986 2382 ac
1002 2323 1159 2395 tribunali,

154 2422 207 2480 sed
227 2442 264 2480 ne
280 2421 395 2480 domo*
411 2422 535 2501 quidem
552 2429 582 2480 et
597 2421 740 2480 cubiculo
756 2442 820 2480 esse
837 2421 990 2479 exclusam
1007 2429 1076 2494 tuo;
1095 2427 1161 2479 toto

152 2518 286 2598 denique
302 2520 331 2576 in
343 2518 472 2597 imperio
488 2519 563 2576 nihil
581 2517 726 2576 acerbum
743 2539 818 2589 esse,
833 2517 908 2575 nihil
920 2517 1054 2589 crudele,
1068 2526 1161 2596 atque

153 2615 258 2675 omnia
272 2615 361 2694 plena
374 2615 556 2686 clementiae,
568 2614 825 2687 mansuetudinis,
839 2614 1068 2674 humanitatis*.

186 2767 226 2814 ΙΨ
237 2766 318 2816 254:
329 2764 443 2828 Cyrus.
454 2765 542 2826 Cyrus
550 2763 669 2827 scriptus
679 2763 747 2812 n'est
755 2765 778 2812 le
787 2764 976 2826 snjctd'aucun
987 2764 1078 2812 verbe.
1092 2765 1162 2822 Quos

154 2826 241 2874 libros
255 2841 282 2873 se
293 2827 448 2888 rapportea
465 2827 561 2888 Cyrus.
582 2827 672 2889 anue
692 2841 720 2873 se
733 2831 859 2887 rapporte
875 2827 890 2872 11
908 2825 1015 2874 nultum
1029 2827 1159 2889 amrium.

154 2888 232 2936 Cette
246 2890 341 2949 phrase
354 2905 369 2936 a
383 2892 467 2936 toute.
478 2889 503 2936 la
520 2888 616 2936 liberte'
629 2886 739 2936 d'allure
758 2889 793 2934 du
807 2889 877 2951 style
890 2888 1054 2949 tpistolaire,
1073 2888 1162 2951 Cyrus

152 2949 264 3012 de'signe
277 2951 301 2997 la
315 2951 473 3013 Cyroptdie.
487 2949 624 3010 -Cujus
633 2949 740 3011 designe
749 2950 834 3010 Cyrus
847 2950 882 2996 lui
891 2952 990 2998 nieme.
1002 2977 1031 2984 —
1040 2951 1163 3000 Noster

154 3011 220 3071 ille,
236 3012 259 3058 le
270 3013 370 3060 second
383 3012 512 3070 Atricain,
525 3012 578 3058 tres
587 3012 688 3058 admira
697 3013 729 3058 de
743 3011 863 3059 Cice'ron.
879 3039 906 3047 -
919 3013 965 3062 Ut
975 3012 1160 3071 redderent,

152 3088 188 3120 au
207 3072 288 3121 s'ortir
308 3075 340 3121 de
364 3075 421 3120 leur
436 3075 541 3135 charge.
563 3100 592 3108 —
610 3073 858 3123 Revertendum
875 3076 935 3123 est.
953 3074 1001 3120 Les
1025 3074 1076 3122 lois
1099 3078 1162 3122 sont

156 3135 349 3197 personnifiecs
365 3151 369 3182 :
384 3136 407 3182 le
427 3137 575 3196 magistrat,
590 3136 723 3182 redevenu
741 3136 835 3196 simple
855 3136 1018 3196 particulier,
1040 3136 1161 3184 retombe

156 3213 219 3244 sous
237 3198 294 3244 leui·
315 3199 464 3259 puissance.
487 3224 515 3232 -
533 3195 625 3246 Mihi.
647 3197 759 3244 Ciceron
777 3211 857 3258 songe
877 3197 892 3244 b
909 3197 1004 3244 Platon
1027 3197 1160 3260 (Rapum,

157 3269 177 3327 l,
200 3269 244 3314 315
271 3268 295 3314 Ι)
310 3283 315 3314 :
331 3262 414 3325 quc'u
441 3257 512 3329 ἄλλῳ
532 3257 560 3310 ’.ὁ
577 3259 702 3328 βέλτιστον
717 3261 857 3310 σκοπεῖσθαι
872 3260 886 3326 ἦ
902 3268 939 3328 τῷ
953 3255 1106 3330 ἀρχομένῳ),
1131 3297 1162 3306 -

155 3330 258 3392 Cujus
269 3329 399 3391 generis
413 3329 518 3392 ddpcnd
533 3330 565 3376 de
579 3328 758 3392 diligentiam.
771 3356 801 3362 -
815 3327 1028 3388 Civitatibus,
1042 3330 1081 3376 les
1094 3331 1161 3380 cites

154 3391 237 3438 libres
266 3394 293 3439 et
325 3391 443 3438 t'tde're'es
472 3391 516 3452 qui
541 3392 647 3438 avaient
674 3390 802 3438 conserve
830 3391 901 3438 leurs
925 3391 1102 3440 institutione.
1132 3420 1162 3430 -

155 3453 312 3514 Inopiam,
324 3458 351 3500 et
363 3452 579 3511 solitudinem,
593 3456 690 3499 termes
701 3453 829 3500 abstraits
844 3473 874 3494 z
888 3453 994 3500 nullum
1013 3453 1057 3500 iao
1078 3469 1119 3502 em
1136 3455 1162 3503 et

155 3515 251 3562 solum.
275 3542 304 3549 —
325 3515 435 3572 Domo,
449 3513 513 3561 c'est
530 3513 674 3562 l'audience
695 3515 793 3575 privtc,
813 3515 929 3575 opposde
947 3516 962 3562 11
973 3529 1046 3578 popu
1061 3516 1111 3564 ari.
1133 3544 1161 3553 —

155 3576 392 3626 Humanitatis.
411 3577 460 3624 Ces
474 3577 561 3637 clogcs
581 3591 632 3637 que
655 3576 765 3623 Ciceron
784 3577 912 3636 prodigue
928 3577 943 3623 a
960 3590 1008 3623 son
1022 3577 1089 3625 frere
1100 3581 1163 3628 sont

155 3653 207 3685 nne
231 3639 438 3686 condanination
453 3638 582 3685 indirecte
602 3639 635 3684 de
660 3638 684 3684 la
708 3639 834 3684 confluite
857 3640 903 3685 des
924 3653 1105 3699 gouverneurs
1128 3642 1161 3688 de

58 3710 61 3715 ’
156 3701 307 3762 provinces,
329 3715 391 3748 sous
410 3701 434 3746 la
456 3699 632 3761 Republique.
664 3701 713 3746 Les
744 3701 886 3760 provinces
908 3701 997 3748 iurent
1022 3701 1162 3763 beaucoup

155 3764 244 3809 niicux
256 3763 442 3809 administrdes
456 3777 517 3808 sous
529 3761 653 3823 l‘Enipire
667 3776 672 3809 :
687 3763 758 3808 aussi
781 3762 945 3809 larunt-elles
962 3763 1001 3810 les
1017 3764 1161 3823 premieres

154 3825 170 3870 a
193 3825 353 3885 apotheoscr
370 3825 408 3870 les
419 3838 581 3886 empereurs.

579 3929 680 3981 ..aar
701 3960 735 3968 -
