2664 4234
412 75 496 134 493.
516 75 672 131 Detense
688 75 736 130 du
750 87 834 131 nom
846 72 1027 130 chrotten.

471 178 667 241 (Christianum
682 193 777 226 nomen
790 178 967 241 detenditur.)

161 328 201 392 2⁸
256 333 398 413 Plerique
406 334 536 392 clausis*
545 333 641 392 oculis
649 335 679 391 in
687 334 791 392 odium
802 333 935 391 nominis
944 331 1107 391 christiani
1118 331 1233 411 impin-

215 439 303 507 gunt,
325 437 360 489 ut
384 430 499 489 bonurn
529 430 621 490 alicui
647 430 857 489 testimonium
883 429 1015 488 terentes
1037 429 1232 488 admisceant

215 528 349 585 nominis
363 528 651 606 exprobrationem:
671 527 775 585 Bonus
791 527 838 584 vir
855 527 951 586 Gaius
966 526 1068 606 SejuS,
1087 527 1232 585 tantum*

216 624 299 704 quod
315 624 515 685 christianus,
533 625 609 683 ltem
626 625 727 684 alius:
752 624 816 702 Ego
838 624 934 682 miror
949 624 1090 695 Lucium,
1108 623 1231 702 sapien-

215 729 276 779 tem
293 720 405 794 virum,
422 729 548 801 repente
568 721 684 780 facturn
706 720 919 780 christianum.
939 721 1036 779 Nemo
1055 727 1229 779 retractat:
1311 749 1312 806 p

216 818 326 876 Nonne
342 818 412 878 ideo
430 819 529 877 bonus
544 819 651 890 Gaius,
664 825 695 876 et
709 817 844 898 prudens
860 818 983 889 Lucius,
1000 817 1073 895 quia
1084 816 1230 875 christia·
1311 809 1312 880 Ῐ

217 917 300 974 nus?
314 922 367 973 aut
386 915 457 973 ideo
475 914 674 989 christianus,
689 914 761 995 quia
783 914 918 994 prudens
942 922 973 972 et
994 914 1118 972 bonus?
1136 912 1229 970 Tanti
1311 901 1312 968 ἦ

215 1031 277 1069 non
292 1019 339 1070 est
354 1012 480 1084 bonum,
497 1012 604 1091 quanti
618 1018 664 1070 est
676 1011 782 1070 odium
798 1012 1047 1070 christianorum.
1065 1010 1159 1068 Nunc
1173 1010 1229 1088 igi·
1311 1049 1312 1094 3

215 1114 277 1182 tur,
296 1109 321 1168 si
335 1110 469 1167 nominis
482 1109 586 1168 odium
603 1116 660 1180 est,
678 1109 747 1188 quis
760 1108 918 1167 nominum
936 1109 1059 1167 reatus?
1078 1107 1227 1166 Christia·

218 1225 276 1264 nus
291 1225 376 1278 ver0,
393 1213 542 1286 quantum
562 1206 777 1285 interpretatio
795 1212 852 1278 est,
867 1205 904 1263 de
918 1205 1085 1263 unctione*
1100 1204 1229 1262 deduci-

145 1317 148 1321 ·
215 1309 276 1360 tur.
295 1301 355 1360 Sed
366 1311 396 1360 et
407 1323 476 1361 cum
490 1323 650 1382 perperam
665 1301 861 1361 chrestianus
876 1301 1122 1386 pronuntiatura
1138 1301 1228 1359 vobis
1311 1287 1312 1356 J

217 1397 297 1476 (narn
315 1419 369 1456 nec
385 1399 518 1458 nominis
529 1405 612 1458 certa
622 1406 669 1458 est
677 1399 806 1457 notitia*
821 1419 915 1478 penes
931 1399 1010 1478 vos),
1024 1398 1062 1457 de
1072 1399 1227 1458 suavitate
1311 1389 1312 1458 J

215 1494 265 1553 vel
278 1494 468 1573 benignitate
487 1497 692 1575 compositum
711 1503 767 1555 est.
786 1496 898 1554 Oditur
912 1516 984 1572 ergo
1000 1495 1030 1553 in
1047 1495 1227 1553 hominibus
1311 1501 1312 1572 ]

214 1593 355 1651 innocuis
370 1593 461 1651 etiam
476 1613 588 1650 nomen
606 1593 785 1653 innocuum.
807 1593 848 1651 At
867 1593 949 1651 enim
967 1600 1049 1652 secta
1071 1592 1178 1650 oditur
1194 1592 1225 1648 in

215 1690 338 1748 nomine
362 1690 469 1769 utique
491 1689 537 1748 sui
560 1689 704 1749 auctoris.
732 1689 836 1762 Plane,
860 1690 885 1748 si
903 1689 956 1769 qui
979 1688 1089 1768 probet
1114 1689 1225 1747 malam

213 1795 327 1843 sectam
358 1793 389 1845 ct
418 1786 460 1845 ita
489 1787 602 1845 malum
631 1785 799 1857 auctorem,
828 1787 853 1845 is
883 1786 1026 1867 probabit
1054 1793 1085 1844 et
1112 1805 1224 1843 nomen
1311 1787 1312 1862 ]

213 1882 327 1940 matum
344 1881 472 1961 dignum
494 1883 566 1942 odio
589 1883 627 1942 de
644 1892 730 1942 reatu
752 1891 844 1942 sectae
866 1890 897 1942 et
915 1884 1061 1943 auctoris
1087 1883 1225 1962 Ideoque

213 1985 283 2037 ante
303 1979 407 2038 odium
426 1980 559 2038 nominis
580 1980 775 2059 competebat
790 1978 893 2059 prius*
910 1981 948 2039 de
968 1987 1094 2039 auctore
1110 1988 1225 2038 sectam

212 2097 442 2153 recognoscere,
461 2077 508 2135 vel
531 2084 686 2136 auctorem
708 2078 745 2135 de
765 2085 857 2136 secta.
880 2079 922 2137 At
950 2098 1042 2146 nunc,
1061 2077 1226 2156 utriusque

212 2173 411 2254 inquisitione
425 2182 456 2232 et
466 2174 622 2251 agnitione
636 2173 784 2250 neglecta,
799 2194 910 2232 nomen
927 2173 1095 2247 detinetur,
1111 2193 1227 2231 nomen

212 2277 417 2349 expugnatur,
435 2277 466 2328 et
481 2270 617 2347 ignotam
638 2278 763 2342 sectam,
782 2270 919 2346 ignotum
941 2277 972 2328 et
989 2278 1146 2329 auctorem
1165 2291 1226 2327 vox
1311 2257 1312 2280 ³

211 2367 275 2427 sola
290 2366 489 2446 praedamnat,
504 2367 576 2445 quia
592 2368 801 2438 nominantur,
826 2388 887 2425 non
900 2367 972 2446 quia
988 2367 1225 2426 revincuntur*.

241 2549 625 2602 N⁰493:clausisoculis.
633 2551 699 2599 Rien
706 2551 807 2599 n'irrite
815 2553 875 2613 ptus
881 2551 1026 2599 Tertullten
1034 2566 1086 2613 que
1092 2555 1136 2599 cet
1142 2567 1228 2600 arcu·
1311 2553 1312 2616 t

211 2613 327 2674 glemcnt
339 2613 487 2659 volontaire
497 2613 545 2659 des
555 2613 664 2673 paiens:
678 2633 688 2656 «
707 2613 793 2661 Unum
803 2612 885 2675 pectit
896 2614 967 2661 secta
979 2615 1080 2669 nostra,
1097 2627 1129 2660 ne
1149 2613 1228 2676 ipno-
1311 2617 1312 2672 t

212 2676 269 2722 rata
284 2675 426 2721 damnetur
441 2694 451 2716 υ
464 2675 587 2744 (Apolog.
603 2674 632 2732 Ι).
648 2674 766 2736 Croyant
781 2675 910 2735 posseder
923 2676 947 2722 la
963 2674 1057 2733 verite,
1075 2676 1093 2721 il
1109 2691 1143 2722 ne
1158 2680 1228 2736 peut
1311 2677 1312 2744 t

211 2736 362 2798 seresigner
374 2737 388 2782 a
398 2736 423 2782 la
436 2739 503 2783 taire
525 2736 545 2782 ll
559 2737 640 2784 dimit
654 2751 719 2783 avec
732 2737 824 2783 Pascal
842 2751 848 2784 ε
862 2756 872 2780 «
886 2737 986 2784 tamais
997 2737 1035 2783 les
1048 2737 1134 2784 saints
1146 2753 1181 2784 ne
1198 2753 1227 2785 se
1311 2747 1312 2792 t

211 2802 273 2845 sont
287 2801 339 2844 tus.
351 2798 370 2843 11
379 2798 437 2844 taut
446 2798 515 2844 crier
524 2797 712 2858 d'autantplus
725 2798 790 2844 baut
800 2797 878 2858 qu'on
893 2803 934 2846 est
943 2799 1055 2846 censure
1066 2799 1127 2859 plus
1141 2799 1227 2860 injus·
1311 2795 1312 2852 t

211 2862 322 2916 tement,
330 2862 357 2906 et
368 2857 448 2919 qu'on
461 2862 524 2905 veut
536 2859 648 2906 dtouffer
660 2860 684 2906 la
697 2860 787 2920 parole
796 2861 855 2920 plus
867 2861 1041 2907 violeniment
1050 2879 1070 2906 a.
1079 2859 1132 2907 Par
1140 2861 1166 2907 la
1175 2877 1227 2908 son
1311 2859 1312 2908 i

211 2919 485 2983 Apotopiediffcrede
495 2921 600 2968 cellede
610 2921 1226 2983 saintJustin,quiestplutbtunepriere30elle
1311 2909 1312 2984 i

211 2985 243 3030 de
254 2983 400 3029 Tertulticn
429 2983 469 3029 est
480 2985 586 3029 surtout
598 2997 649 3028 une
663 2984 826 3030 accusation.
846 2982 865 3029 Il
879 2983 1115 3044 dcnrandeJustice
1129 2987 1158 3031 et
1169 2999 1225 3031 non
1311 2985 1312 2998 ¹

211 3047 303 3105 grace;
317 3045 335 3090 il
349 3045 415 3090 croit
438 3046 523 3090 menie
539 3044 602 3104 qu'il
619 3058 677 3092 sera
697 3044 852 3102 condamnet,
867 3045 934 3092 mais
946 3045 964 3090 il
977 3059 1010 3091 ne
1024 3046 1088 3091 veut
1121 3059 1152 3092 as
1166 3047 1226 3093 tetre

211 3105 362 3152 condamnd
375 3120 438 3152 sans
453 3107 509 3153 etre
523 3105 649 3152 entendu.
663 3133 692 3140 —
707 3107 849 3155 Tantum
864 3107 958 3168 quod.
970 3107 1073 3168 Enrploi
1088 3060 1225 3168 ciassiquc
1311 3143 1312 3152 ,

210 3168 277 3214 dans
296 3168 320 3213 le
341 3181 402 3213 sens
422 3167 475 3215 de:
497 3168 518 3213 si
538 3181 567 3213 cc
587 3165 654 3214 n'cst
692 3182 732 3226 ue,
748 3167 857 3228 excepte
875 3183 934 3229 quc.
955 3195 984 3202 -
1003 3167 1225 3276 UnctioneSde
1311 3183 1312 3208 t

210 3239 316 3307 p'ptoua,
333 3227 454 3297 χριστός),
473 3255 502 3263 -
520 3228 657 3278 Notitia.
703 3230 744 3276 uel
762 3229 860 3290 mepris
878 3245 946 3291 pour
962 3244 1006 3276 ces
1019 3229 1112 3290 paiens
1123 3231 1172 3290 qui
1197 3247 1225 3278 cs

207 3301 310 3359 Jngent,
332 3299 378 3359 qui
405 3298 444 3346 les
464 3300 653 3357 condemnent,
675 3314 736 3346 sans
757 3302 895 3346 connaitrc
914 3301 999 3347 meme
1017 3301 1075 3347 leur
1095 3304 1175 3348 nom!
1194 3329 1224 3337 -

210 3360 307 3408 Prius
325 3374 331 3406 ε
346 3378 357 3401 «
373 3358 441 3428 Quid
455 3359 527 3407 enim
542 3359 662 3423 iniquius
676 3375 757 3423 quam
769 3364 797 3408 ut
811 3360 1046 3409 oderinthomines
1059 3362 1133 3423 quod
1149 3363 1225 3426 ipno-
1311 3395 1312 3420 ,

211 3423 283 3476 rant,
298 3420 402 3467 etiamsi
427 3436 468 3468 res
487 3423 607 3469 meretur
626 3422 737 3470 odium?
753 3423 801 3470 Hic
820 3425 924 3470 tantum
941 3421 1084 3471 curiositas
1103 3424 1224 3472 humana
1311 3437 1312 3478 1

211 3481 359 3544 torpescit:
373 3482 481 3529 malunt
496 3483 596 3532 nescire
608 3483 672 3546 quia
686 3485 745 3546 jam
762 3485 877 3532 oderant
891 3505 901 3527 »
917 3485 1080 3547 (Tertullien,
1094 3489 1114 3532 Α
1139 3488 1223 3558 olep,
1311 3487 1312 3546 j

210 3544 252 3590 les
265 3548 277 3589 5
290 3544 419 3605 premicrs
441 3545 584 3606 chapitres,
603 3547 720 3608 passim).
734 3574 764 3580 —
781 3547 1012 3597 Revincuntur
1025 3561 1030 3596 :
1045 3567 1056 3590 «
1070 3547 1102 3594 Se
1135 3548 1225 3597 chris·
1311 3563 1312 3576 ¹

211 3605 294 3652 tianis
304 3605 370 3652 sotis
385 3605 458 3654 nihil
465 3606 636 3668 permittitur
648 3607 731 3670 toqui,
744 3609 816 3670 quod
830 3609 1055 3672 caasampurqet.
1065 3610 1140 3671 qarod
1152 3612 1225 3660 ueri·
1309 3609 1312 3636 ³

211 3667 291 3713 tatem
305 3666 447 3728 defendat,
464 3669 664 3731 quodjudtrem
679 3684 730 3716 non
741 3670 822 3730 saciat
833 3670 990 3733 injustum»
1006 3671 1131 3736 (Apotoy.
1145 3672 1177 3734 Ι).

635 3828 790 3879 -496-
