2756 4238
6 3835 13 3918 l

241 181 249 188 .
276 128 360 190 coo.
379 121 582 200 avocatron
600 149 667 206 aes
680 149 789 212 ureux
803 156 907 214 aune
926 159 1023 216 vute

477 233 524 298 (De
534 239 645 292 deorum
657 249 825 316 evocatione.)

194 333 323 400 Constat
350 365 456 408 omnes
484 353 574 415 urbes
608 359 640 418 in
673 361 802 445 alicujus
832 367 889 426 Dei
920 389 988 446 esse
1019 370 1145 442 tutela*,
1164 372 1202 436 2⁰

154 449 331 514 moremque
346 441 554 510 Romanorum
572 475 715 518 arcanum
732 468 762 520 et
777 463 880 522 multis
891 459 1029 542 ignotum
1041 466 1145 538 fuisse,

140 533 198 598 ut,
216 548 285 590 cum
303 535 478 604 obsiderent
493 549 598 610 urbem
611 553 743 615 hostium
759 579 886 640 eamque
898 561 962 641 jam
978 563 1047 643 capi
1059 583 1149 642 posse

152 625 350 704 confiderent,
368 648 452 698 certo
463 646 596 707 carmine
611 662 774 713 evocarent
787 657 931 716 tutelares
946 658 1028 718 Deos
1045 659 1147 739 :quod

156 727 211 810 aut
227 723 315 784 aliter
331 733 435 793 urbem
456 742 522 819 capi
538 763 627 822 posse
645 769 706 807 non
722 752 892 825 crederent,
915 763 968 813 aut
985 755 1009 814 si
1032 763 1146 834 posset,

136 816 238 878 'nefas
256 814 465 892 existimarent
483 837 563 898 Deos
579 842 689 904 habere
704 848 854 927 captivos.
879 850 934 908 Est
954 859 1055 910 autern
1083 843 1149 910 car-

150 916 244 973 men*
263 920 424 1002 ejusmodi,
452 953 513 1011 quo
541 937 592 997 Dii
621 953 800 1016 evocantur,
829 967 897 1004 cum
920 948 1148 1026 oppugnatione

136 1009 260 1074 ”civitas
274 1017 410 1098 cingitur
426 1045 432 1087 ε
459 1052 472 1084 a
491 1031 522 1088 Si
538 1033 631 1107 Deus,
652 1038 676 1096 si
690 1039 777 1099 Dea*
791 1049 846 1114 est,
864 1043 912 1102 cui
929 1044 1061 1123 populus
1075 1044 1149 1102 civi·

153 1111 261 1186 basque
285 1113 547 1201 Carthaginiensis
572 1139 618 1190 est
645 1134 676 1192 in
701 1137 808 1212 tutela,
834 1146 925 1220 teque
942 1141 1073 1199 maxime
1094 1135 1148 1221 qui

152 1202 235 1264 urbis
267 1209 360 1295 hujus
387 1223 556 1304 populique
593 1231 721 1290 tutelam
751 1235 892 1314 recepisti
919 1256 1028 1315 precor
1054 1228 1148 1297 vene·

152 1321 281 1384 corque,
300 1314 483 1397 veniamque
499 1323 615 1383 avohis
630 1336 702 1405 peto
736 1323 770 1388 ut
790 1351 845 1389 vos
866 1317 1015 1412 populum
1041 1333 1148 1392 civita·

152 1407 278 1483 temque
300 1409 574 1492 carthaginiensem
602 1422 759 1502 deseratis,
789 1427 866 1500 loca,
897 1429 1020 1508 templa,
1049 1449 1145 1502 sacra,

148 1495 317 1582 urbemque
337 1528 443 1594 eorum
469 1515 658 1598 relinquatis,
688 1521 804 1601 absque
831 1524 878 1582 his
907 1524 1031 1595 abeatis,
1056 1525 1145 1606 eique

142 1597 263 1674 populo
282 1601 460 1687 civitatique
486 1625 612 1688 metum,
639 1616 847 1692 formidinem,
864 1620 1051 1680 oblivionem
1072 1622 1144 1702 inji-

145 1689 244 1766 ciatiS,
275 1699 452 1783 proditique
480 1709 609 1770 Romam
651 1715 689 1774 ad
724 1737 773 1774 me
811 1737 957 1797 meosque
991 1717 1139 1790 veniatis;

140 1795 312 1872 *nostraque
326 1799 414 1859 vobis
433 1802 509 1877 loca,
526 1809 649 1888 templa,
667 1831 763 1885 sacra,
782 1813 855 1872 urbs
879 1800 1055 1893 acceptior*
1071 1834 1142 1894 pro-

145 1882 308 1968 batiorque
334 1894 383 1967 sit,
412 1900 548 1982 mihique
575 1908 752 1989 populoque
780 1930 906 1968 romano
932 1911 1141 1992 militibusque
1187 1999 1191 2006 .

145 1981 222 2040 meis
242 1991 400 2069 praepositi
416 1995 493 2070 sitis,
513 2003 566 2059 ut*
581 2004 736 2063 sciamus*
754 2006 1036 2086 intellegarnusque.
1052 2005 1140 2066 Silta

150 2076 297 2158 seceritiS,
326 2107 426 2150 voveo
455 2094 543 2154 vobis
565 2101 681 2180 templa
709 2101 858 2183 ludosque
883 2103 1036 2162 iacturum
1054 2128 1080 2164 v.
1103 2104 1137 2162 ln
1164 2141 1175 2150 ..

145 2174 253 2236 eadem
282 2181 375 2243 verba
399 2187 514 2250 hostias
532 2194 596 2252 fieri
612 2205 734 2277 oportet
749 2200 1022 2280 auctoritatemque
1043 2199 1138 2260 videri

143 2278 296 2349 extorum,
314 2287 349 2339 ut
368 2302 402 2342 ea
419 2289 602 2365 promittant
617 2293 752 2354 lutura*.

173 2412 214 2461 ΙΨ
227 2413 292 2467 300
302 2433 308 2468 :
319 2417 447 2474 Tutela.
457 2426 496 2475 Ne
505 2443 553 2490 pas
564 2433 709 2482 confondre
719 2435 757 2483 les
769 2433 886 2486 Gentes
899 2437 926 2482 el
939 2435 978 2482 les
989 2436 1134 2507 Tutelles

142 2470 193 2520 Lcs
204 2473 331 2528 Romains
343 2497 388 2531 cro
408 2487 481 2536 aient
492 2505 543 2552 que
553 2491 592 2540 les
600 2494 666 2543 cites
678 2499 705 2543 et
714 2496 753 2544 les
765 2498 870 2544 nations
883 2497 998 2555 avaient,
1009 2497 1076 2544 ainsi
1086 2511 1137 2560 que

141 2533 181 2582 les
190 2535 317 2602 hommes,
331 2557 366 2592 un
377 2499 469 2607 (lenia,
483 2553 602 2601 uaissant
613 2570 678 2604 avec
686 2557 757 2618 elles,
773 2559 940 2620 grandissant
951 2572 1017 2605 avec
1026 2558 1098 2629 elles,
1110 2562 1138 2608 ct

142 2604 267 2648 mourant
283 2603 316 2650 de
330 2605 388 2653 leur
402 2614 479 2660 mort.
494 2613 534 2660 On
547 2617 651 2666 adorait
666 2619 690 2666 le
706 2639 716 2662 (ι
736 2619 814 2683 qduie
828 2621 862 2667 du
876 2619 973 2681 pcuple
997 2633 1101 2667 romain
1114 2639 1136 2680 v,

140 2659 238 2720 genius
251 2666 349 2726 populi
359 2669 479 2721 Romani.
493 2675 599 2738 Chaque
612 2679 673 2738 cite,
686 2681 700 2728 h
711 2679 846 2743 l'exemple
859 2683 891 2729 de
905 2683 996 2738 Rome,
1008 2695 1036 2728 se
1049 2682 1137 2728 donna

77 2767 78 2770 ,
142 2735 176 2766 un
188 2721 272 2772 Genio
282 2731 378 2789 auquel
390 2733 439 2780 elle
452 2735 527 2784 eleva
539 2740 585 2786 des
597 2742 682 2790 autels
697 2745 724 2790 et
739 2744 846 2790 immola
857 2744 903 2790 dcs
913 2743 1044 2790 victimas.
1059 2761 1070 2785 r
1086 2742 1136 2789 Les

142 2782 307 2846 theologicus
317 2794 433 2842 romains
446 2797 560 2846 disaient
572 2803 641 2849 aussi
655 2818 705 2865 que
716 2805 818 2866 chaque
828 2805 891 2852 ville
903 2805 974 2852 avait
987 2819 1014 2851 sa
1025 2803 1136 2874 divinite

142 2845 265 2894 tute'laire
279 2863 284 2896 ι
298 2850 322 2898 le
332 2867 394 2901 nom
407 2857 537 2907 veritable
547 2862 580 2908 de
592 2867 662 2912 cette
675 2866 787 2913 divinite
798 2867 864 2913 ctait
876 2868 999 2922 inconnu,
1010 2880 1057 2912 son
1070 2879 1137 2913 exis-

141 2907 217 2954 tence
230 2909 296 2958 ttait
307 2913 434 2966 lointaine
447 2923 474 2967 et
485 2923 676 2986 mysterieuse3
690 2941 724 2973 on
735 2928 825 2974 devait
837 2925 949 2975 l'adorer
963 2942 1025 2974 sous
1034 2927 1058 2974 le
1073 2940 1135 2973 nom

139 2981 225 3028 vague
237 2971 270 3018 de
286 2973 388 3036 Tutela,
402 2993 436 3026 ou
449 2995 511 3030 sous
524 2984 591 3032 celui
604 2987 637 3033 de
651 2987 677 3034 la
691 2989 816 3051 villaque
833 2989 857 3035 le
868 2991 928 3036 dieu
941 2990 1056 3036 inconnu
1074 3002 1136 3059 pro-

140 3028 255 3090 tegeait3
268 3032 332 3084 c'est
343 3039 410 3087 ainsi
423 3056 474 3102 que
487 3061 498 3087 o
511 3044 536 3092 la
549 3047 641 3094 deesse
655 3049 737 3096 Rome
750 3069 771 3108 v,
785 3051 833 3098 dea
843 3051 933 3108 Roma,
947 3050 1052 3121 etaltera
1063 3064 1135 3124 prm-¹

139 3091 199 3151 cipe
210 3095 297 3143 moins
309 3097 333 3144 la
344 3100 407 3149 ville
425 3103 459 3150 de
478 3103 561 3154 Rome
573 3108 666 3157 deifice
679 3125 729 3172 que
746 3109 943 3159 l'insaisissable
961 3112 1073 3158 divinite
1090 3125 1134 3181 qur

139 3152 268 3213 presidait
280 3158 295 3205 tl
305 3173 333 3206 sa
346 3161 396 3210 vie.
410 3163 446 3212 La
456 3166 517 3224 cite,
526 3166 690 3218 c'est-d-dire
702 3173 727 3219 la
739 3171 849 3220 reunion
860 3175 907 3220 des
917 3173 1049 3231 hommes,
1063 3176 1136 3219 avan

139 3227 188 3260 son
202 3215 299 3278 Gc'nie;
318 3220 343 3268 la
359 3224 431 3284 ville,
445 3226 606 3278 c'estal-dire
626 3232 652 3279 la
673 3233 784 3280 reunion
806 3235 853 3282 des
872 3232 1018 3291 domeures,
1041 3236 1134 3304 eut-sa
1156 3273 1158 3276 .

138 3274 243 3324 Tutelle
257 3299 268 3322 υ
281 3281 397 3348 (tullian,
412 3287 516 3352 Gallia).
529 3317 557 3326 -
572 3293 718 3344 Carmen.
737 3295 776 3342 On
793 3297 887 3343 trouve
900 3297 965 3343 dans
978 3295 1134 3364 Thucydide

150 3337 182 3396 11,
196 3340 233 3400 74)
251 3356 303 3389 une
319 3344 432 3395 formula
448 3350 463 3396 a
478 3365 530 3411 peu
549 3355 610 3414 pres
627 3356 781 3417 semblable,
799 3355 1029 3418 qu'Archidamus,
1047 3371 1083 3402 ror
1101 3355 1134 3402 de

150 3399 329 3463 lacedemone,
347 3422 482 3468 prononce
504 3417 595 3462 contre
616 3416 713 3464 Platde.
727 3417 765 3466 Ct.
781 3419 806 3466 la
825 3418 936 3466 formule
956 3432 1004 3479 par
1021 3416 1133 3478 laquelle

138 3459 248 3510 Camilla
261 3464 363 3529 troque
376 3470 400 3517 la
419 3471 507 3520 Junon
525 3476 557 3522 de
571 3476 651 3526 Vtica
662 3477 819 3542 (Tite-Live,
836 3480 869 3538 V,
889 3479 928 3542 21)
947 3492 953 3539 ;
970 3498 981 3522 a
1004 3478 1045 3538 t‘e,
1062 3479 1133 3526 JU'W

138 3522 242 3584 regina,
259 3541 319 3590 quae
338 3544 410 3578 nunc
427 3533 502 3582 Veios
520 3536 594 3596 cotis,
609 3552 717 3601 precor,
732 3543 761 3587 ut
777 3555 824 3589 nos
838 3541 952 3589 victores
969 3539 997 3587 in
1014 3541 1133 3610 nostram

139 3583 265 3648 tuamque
280 3603 341 3638 moe
352 3591 474 3652 suturam
488 3595 582 3645 urbem
594 3599 717 3664 sequare,
732 3601 778 3649 ubi
791 3604 814 3649 te
828 3602 941 3666 dignum
955 3601 1133 3664 amphtudine

138 3645 184 3692 tua
196 3648 325 3712 templum
335 3653 455 3728 accipiat.
471 3677 482 3700 v
495 3660 571 3710 —Si
584 3661 681 3730 Deus,
693 3663 723 3713 si
734 3664 805 3714 Dea
815 3684 846 3706 =
855 3678 946 3711 omnes
956 3664 1030 3734 ἅβθὸ,
1042 3676 1132 3710 Omnes
1195 3702 1197 3707 ·

136 3705 206 3756 deas.
218 3735 248 3746 -
257 3711 441 3778 Acceptror,
453 3732 481 3766 se
491 3726 616 3783 rapporte.
626 3723 641 3771 t
653 3727 713 3773 tous
721 3725 760 3773 les
768 3724 980 3788 substantits'qur
988 3723 1131 3786 precedent

205 3789 380 3864 'Vtanhtique
391 3804 428 3846 dea
437 3806 553 3850 Romaim.
657 3869 658 3872 Ἰ
1012 3810 1038 3854 2⁰

556 3920 588 3930 -
609 3891 658 3944 303
678 3923 711 3932 -·
