2698 4234
386 180 391 192 ,
417 118 501 178 332.
523 120 593 176 sur
604 119 661 176 les
676 121 888 188 triumphes.

539 213 588 276 (De
605 212 772 277 triumphis.)

194 309 241 371 Ob
259 307 340 370 levia
363 309 480 392 proelia
511 310 636 391 quidam
660 311 860 390 imperatores
884 311 1080 392 triumphos*
1098 311 1154 372 sibi
1170 319 1211 383 40

154 405 279 467 decerni
292 407 508 466 desiderabant
519 425 526 468 :
537 407 648 487 quibus
662 416 696 465 ut
706 416 929 480 occurreretur,
947 410 1012 487 lege
1029 417 1154 469 cautum

154 510 202 563 est
224 525 263 564 ne
281 504 349 584 quis
371 504 577 584 triumpharet
593 502 652 562 nisi
671 505 724 584 qui
740 505 876 585 quinque
894 505 1000 565 milia*
1019 506 1155 566 hostium

155 620 216 660 una
234 601 298 660 acie
312 600 647 661 'cecidisset'Ceterum
665 620 702 659 ne
718 609 788 660 tam
803 601 949 680 praeclara
968 602 1019 662 lex
1036 597 1155 683 cupidi-

155 704 217 756 tate
233 697 346 756 laureae
369 695 596 770 obliteraretur,
612 696 689 774 legis
699 697 826 756 alterius
841 697 999 778 adjutorio
1006 699 1083 759 fulta
1096 695 1153 772 est,

129 802 131 806 '
155 813 247 873 quam
271 793 305 853 L.
329 793 464 852 Marcius
484 801 514 852 et
535 791 578 852 Μ.
604 792 692 866 Catu,
709 793 825 852 tribuni
844 794 954 874 plebis,
980 794 1119 854 tulerunt
1144 811 1152 854 :

154 909 277 970 poenam
293 889 373 950 enim
386 889 625 970 imperatoribus
639 891 775 949 minatur
787 891 839 970 qui
858 898 913 951 aut
927 891 1062 950 hostium
1074 890 1155 950 occi·

155 1007 258 1047 sorum
273 987 305 1046 in
320 987 449 1069 proelio,
468 994 522 1046 aut
537 986 718 1045 amissorum
733 987 846 1045 civium
862 987 972 1046 falsum
992 1007 1154 1047 numerum

154 1083 264 1144 litteris
280 1085 398 1144 senatui
422 1083 487 1144 ausi
503 1084 625 1142 essent*
646 1084 776 1158 reterre3
796 1083 948 1164 jubetque
964 1107 979 1140 u
1004 1104 1068 1157 eos,
1084 1103 1154 1144 cum

154 1182 288 1262 primum
317 1180 424 1240 urbem
459 1181 656 1252 intrassent*,
694 1181 776 1260 apud
814 1188 983 1260 quaestores
1021 1180 1156 1240 urbanos

151 1279 255 1358 jurare
267 1277 304 1336 de
320 1278 473 1357 utroque*
492 1296 620 1335 numero
634 1296 704 1336 vere
717 1275 755 1336 ab
771 1275 818 1334 his
839 1278 983 1337 senatui*
1001 1298 1067 1338 esse
1083 1277 1157 1337 scri-

117 1397 119 1402 ·
154 1381 241 1454 ptum
270 1399 297 1435 n.
316 1374 444 1446 Verum,
461 1373 602 1453 quamvis
624 1373 693 1453 quis
719 1372 880 1453 praeclaras
895 1395 943 1432 res
962 1375 1156 1455 maximeque

155 1471 244 1530 utiles
261 1470 440 1551 reipublicae
455 1469 539 1529 civili
554 1469 634 1528 bello
649 1470 802 1547 gessisset,
819 1470 986 1550 imperator
997 1479 1100 1531 tamen
1119 1492 1156 1531 eo

94 1553 95 1558 ἵ
144 1557 279 1628 ‘nomine
312 1567 484 1648 appellatus
520 1586 582 1625 non
613 1572 672 1639 est,
708 1586 765 1625 nec
805 1566 875 1626 ullae
917 1568 1157 1648 supplicationes

155 1665 288 1726 decretae
309 1672 399 1737 sunt,
418 1683 518 1744 neque
541 1669 595 1723 aut
613 1665 730 1723 ovans*
753 1671 807 1723 aut
820 1685 912 1723 curru
929 1665 1154 1745 triumphavit:

155 1762 228 1844 quia
245 1769 280 1822 ut
297 1761 477 1821 necessariae
497 1760 577 1836 istae,
597 1760 640 1819 ita
662 1759 807 1838 lugubres
831 1781 951 1841 semper
976 1761 1157 1821 existimatae

154 1858 293 1919 victoriae
320 1864 402 1932 sunt,
424 1864 533 1938 utpote
555 1877 618 1916 non
642 1865 769 1916 externo
790 1857 844 1916 sed
869 1857 1038 1918 domestico
1061 1866 1157 1939 partae

153 1975 273 2017 cruore.
298 1955 354 2016 His
371 1954 448 2014 illud
475 1953 685 2015 subnectam:
710 1954 805 2014 moris
822 1961 888 2014 erat
912 1955 951 2014 ab
974 1955 1158 2036 imperatore

155 2052 345 2132 triumphum
367 2051 498 2110 ducturo
519 2050 663 2110 consules
686 2049 810 2110 invitari
836 2051 874 2110 ad
900 2071 1026 2126 cenam,
1048 2052 1158 2112 deinde

155 2151 283 2228 rogari«
299 2156 335 2209 ut
348 2148 454 2209 venire
470 2147 723 2228 supersedeant»
739 2166 746 2208 :
764 2169 801 2206 ne
816 2148 885 2227 quis
904 2168 940 2206 eo
955 2148 1015 2222 die,
1032 2170 1093 2230 quo
1108 2149 1159 2208 ille

155 2245 383 2326 triumpharit*,
399 2245 527 2324 majoris
541 2243 572 2302 in
589 2245 696 2303 eodem
711 2243 856 2304 convivio
873 2245 914 2302 sit
927 2244 1058 2325 imperii.

184 2356 225 2406 nr
242 2355 309 2408 332
326 2369 333 2405 ε
356 2354 560 2414 Triumphos.
575 2353 643 2400 Voir
655 2367 684 2400 ce
699 2356 756 2401 mot
769 2368 802 2400 au
820 2354 935 2414 lexique.
949 2381 979 2390 —
991 2353 1095 2406 Milia.
1109 2355 1159 2405 Les

153 2419 314 2480 reglements
327 2415 623 2477 militairesexigeaient
635 2429 731 2462 encore
744 2419 821 2462 autre
835 2415 915 2462 chose
930 2428 935 2462 :
954 2431 1005 2477 que
1018 2417 1041 2463 le
1054 2418 1160 2478 general

153 2477 360 2529 ebttermine'la
377 2492 481 2540 guerre,
505 2475 557 2523 une
580 2491 675 2538 guerre
695 2476 780 2538 juste,
806 2476 1012 2537 regulierement
1029 2478 1158 2538 declarde,

153 2557 207 2589 non
217 2541 296 2589 civile
308 2539 376 2603 (voir
391 2538 531 2614 ptps'bas‘),
545 2539 574 2586 et
586 2537 737 2616 agrandiwle
750 2538 895 2606 territoire.
909 2538 944 2585 Le
961 2540 1032 2586 droit
1050 2541 1160 2614 au'gural

153 2599 1160 2731 tttttntntrtltta{tlttattla‘ttttttnt‘stringitis

152 2727 284 2789 auspices,
298 2728 326 2774 et
335 2740 367 2773 ne
381 2725 421 2773 rm
432 2738 480 2786 pas
489 2722 578 2770 rentre
591 2723 657 2770 dans
670 2721 812 2770 l'enceinte
823 2723 859 2769 du
872 2722 1025 2784 pomerium
1040 2728 1122 2773 avant
1134 2725 1159 2772 le

150 2790 213 2850 J'our
225 2787 261 2835 du
281 2787 424 2848 triomphe.
448 2811 478 2820 -
495 2783 577 2833 Ausi
598 2785 718 2842 essent,
735 2782 936 2834 intrassent:
951 2785 1113 2846 subjunctifs
1125 2787 1158 2834 de

147 2851 223 2912 style
233 2849 356 2896 indirect
368 2873 397 2884 -
410 2847 555 2907 Utroque
569 2860 575 2894 ε
598 2845 617 2891 il
630 2843 706 2906 s’agit
725 2847 772 2893 des
785 2845 912 2894 Romains
934 2850 961 2894 et
978 2847 1025 2894 des
1039 2849 1158 2894 ennemis

155 2912 222 2960 tues.
236 2937 265 2946 —-
278 2907 422 2960 Senatui.
439 2907 538 2955 Versla
552 2906 587 2953 fin
599 2907 632 2954 de
642 2907 667 2954 la
680 2906 858 2968 Re'publique,
872 2907 897 2955 le
917 2908 995 2956 senat
1007 2923 1034 2955 se
1049 2913 1160 2956 conten-

153 2973 204 3020 tait
219 2972 366 3019 volontters
387 2971 421 3017 de
433 2969 612 3017 declarations
634 2982 687 3014 non
707 2968 838 3016 ve'rifie'es.
860 2968 931 3018 C’est
950 2972 975 3017 la
999 2970 1036 3017 loi
1059 2969 1159 3018 Marcia

152 3033 249 3082 Porcia
266 3033 314 3142 (62⁹³)
337 3031 383 3108 qui
397 3031 501 3092 obliges
514 3031 552 3078 les
568 3029 709 3078 candidats
722 3044 755 3077 au
777 3033 914 3078 serment:
934 3045 965 3078 ce
983 3032 1028 3093 qui
1045 3032 1159 3094 n'empt-

153 3097 203 3142 cha
224 3110 271 3156 pas
311 3095 403 3142 iceron
416 3093 551 3139 lui-meme
563 3091 596 3138 de
619 3090 765 3153 briguerle
781 3092 916 3152 triomphe
934 3107 966 3140 en
990 3098 1019 3140 50
1038 3107 1107 3153 pour
1126 3095 1159 3141 de

153 3156 318 3204 fortminces
331 3155 454 3217 exploits.
480 3180 507 3190 -
529 3153 663 3203 Ovans:
683 3152 799 3228 l’ovatio,
818 3167 852 3200 ou
872 3153 992 3201 sacrifice
1010 3155 1088 3202 d'une
1102 3154 1160 3202 bre·

153 3219 195 3266 bis
206 3217 282 3279 (ovis)
295 3233 328 3265 au
343 3215 470 3278 Capitole,
484 3214 551 3263 etait
560 3214 657 3262 accord
674 3229 690 3263 e
704 3229 756 3262 aux
768 3212 901 3276 generaux
914 3215 1055 3263 meritants
1067 3217 1112 3278 qui
1126 3232 1159 3264 ne

152 3279 350 3340 remplissaient
369 3292 417 3340 pas
437 3279 527 3324 tontes
543 3276 582 3324 les
605 3276 759 3323 conditions
785 3276 904 3336 requises
934 3291 1003 3338 pour
1024 3277 1048 3324 le
1076 3279 1159 3340 grand

152 3341 294 3403 triumphe.
311 3341 360 3388 Les
383 3339 534 3401 postulants
546 3337 686 3385 econduits
704 3337 813 3385 allaient
825 3337 925 3398 parfois
939 3339 1087 3400 triompher
1097 3355 1159 3388 sans

153 3403 329 3451 autorisation
345 3400 411 3464 (sine
426 3399 585 3447 auctoritate
600 3397 723 3461 publica)
743 3401 770 3446 et
793 3399 807 3446 d
820 3397 891 3446 leurs
904 3399 967 3446 frais
982 3415 1028 3446 sur
1046 3400 1070 3448 le
1083 3403 1160 3449 mont

154 3465 259 3513 Albain.
273 3489 304 3500 -
313 3461 548 3524 Triumpharit.
562 3480 573 3504 u
591 3461 625 3507 Le
639 3460 772 3522 triomphe
781 3459 847 3507 etait
861 3475 913 3508 une
923 3461 1069 3522 apotheose
1078 3463 1160 3525 ephe-

152 3527 225 3574 mere
246 3526 291 3633 pui
308 3524 451 3572 identifiait
468 3538 504 3571 un
521 3524 623 3570 instant
637 3521 662 3570 le
679 3521 950 3584 ge'neralvictorieux
971 3537 1037 3572 avec
1053 3521 1160 3588 Jupiter

153 3588 249 3649 Capito
262 3587 287 3633 in
299 3588 433 3634 lui-meme
447 3605 457 3629 u
469 3582 744 3646 (Bouche-Leclercq).

183 3667 225 3716 N·
236 3666 303 3717 333
317 3681 322 3713 z
335 3665 403 3724 vis,
417 3665 571 3726 expression
580 3662 705 3724 poetique
717 3675 786 3724 pour
810 3661 934 3724 designer
945 3664 971 3712 la
986 3665 1115 3727 quantitt.
1128 3692 1156 3703 -

154 3729 309 3779 Faenore.
322 3727 361 3776 On
373 3743 405 3774 ne
416 3729 468 3775 suit
479 3741 528 3788 pas
539 3726 600 3773 bien
615 3725 648 3772 de
661 3725 747 3788 quelle
766 3724 802 3772 loi
820 3728 884 3773 veut
896 3726 986 3788 parler
999 3729 1098 3778 Tacite.
1118 3728 1157 3776 En

235 3809 277 3848 Vte
287 3806 402 3860 Publium
413 3807 451 3849 des
461 3807 581 3848 Romaim.
625 3857 674 3910 335
1054 3806 1081 3847 22
