2756 4238
212 182 299 241 256.
318 181 483 241 consells
497 183 581 240 eun
591 197 823 254 gouverneur
838 186 882 242 de
896 184 935 241 la
946 183 1120 253 province

604 272 737 330 d’Asie.

416 375 468 440 (Ad
482 375 649 442 praesectum
661 377 740 425 Asiae
749 376 924 441 provinciae.)

24 543 33 604 '
209 500 297 567 Quod
313 500 359 559 si*
374 507 404 559 te
425 521 490 559 sors
506 501 600 572 Afris,
615 507 669 560 aut
690 501 846 579 Hispanis,
868 507 922 559 aut
944 501 1042 560 Gallis
1062 500 1171 580 praefe-
1186 499 1226 563 3θ

167 598 271 669 cisseh
307 596 492 658 immanibus
521 618 556 657 ac
582 596 718 657 barbaris
745 597 933 670 nationibus,
967 605 1069 656 tamen
1090 603 1171 655 esset

170 694 390 754 humanitatis*
409 702 469 753 tuae
484 693 644 753 consulere
665 715 770 753 eorum
790 693 973 768 commodiS‚
996 701 1027 752 et
1044 693 1170 753 utilitati

166 789 321 869 salutique
341 790 466 850 servire.
489 789 569 850 Cum
593 811 667 849 vero
694 791 720 849 ei
745 790 850 868 generi
868 790 1028 849 hominum
1049 790 1168 870 praesiS,

167 907 230 945 non
246 886 338 946 modo
356 888 387 945 in
402 908 464 966 quo
479 887 545 967 ipsa
556 887 606 961 sit,
623 887 779 947 sedetiam
795 908 811 946 a
827 907 889 967 quo
907 887 944 946 ad
964 887 1039 946 alios
1064 907 1171 967 perve-

167 983 249 1042 nisse
261 991 388 1064 putetur
399 984 585 1057 humanitas,
601 992 683 1043 certe
696 985 734 1042 iis
748 1004 814 1042 eam
827 984 1021 1063 potissimum
1036 984 1170 1042 tribuere

165 1080 314 1139 debemus
327 1101 344 1138 a
357 1081 469 1160 quibus
485 1080 668 1161 accepimus.
687 1081 756 1139 Non
772 1081 853 1138 enim
865 1101 913 1139 me
927 1080 984 1140 hoc
996 1079 1170 1161 jamdicere

167 1178 307 1258 pudebit,
323 1178 491 1257 pracsertim
506 1178 537 1236 in
553 1198 587 1236 ea
600 1178 684 1236 vita*
699 1185 791 1257 atque
809 1178 840 1235 in
856 1178 893 1236 iis
907 1177 998 1236 rebus
1014 1178 1118 1254 gestis,
1138 1178 1168 1234 in
1219 1247 1221 1250 Ι

165 1275 278 1354 quihus
303 1295 364 1333 non
395 1282 497 1354 potest
523 1274 657 1333 residere
684 1274 825 1332 inertiae*
846 1282 900 1334 aut
926 1274 1080 1334 levitatis*
1108 1274 1169 1333 ulla

165 1372 311 1452 suspici0‚
326 1393 381 1430 nos
398 1393 510 1451 eaquae
528 1371 686 1430 consecuti
700 1393 804 1430 sumus
821 1371 867 1429 his
881 1371 992 1431 studiis
1006 1379 1037 1430 et
1051 1370 1169 1430 artibus

165 1490 232 1528 esse
252 1469 390 1547 adeptos,
414 1490 482 1549 quae
500 1469 583 1527 sint*
607 1469 696 1528 nobis
713 1468 840 1528 Graeciae
860 1468 1067 1528 monumentis
1080 1468 1170 1527 disci-

166 1567 320 1646 plinisque
344 1565 486 1625 tradita*.
510 1565 610 1632 Quare
632 1574 744 1644 praeter
760 1574 955 1624 communem
975 1565 1076 1634 fidem,
1099 1586 1168 1645 quae

164 1664 310 1722 omnihus
338 1662 478 1734 debetur,
505 1663 676 1742 praeterea*
706 1683 762 1720 nos
794 1662 843 1720 isti
875 1661 1034 1721 hominum
1065 1663 1168 1740 generi

165 1761 321 1840 praecipue
350 1760 461 1819 debere
491 1759 633 1818 videmur
657 1767 705 1832 ut,
727 1777 858 1839 quorum
886 1760 1047 1838 praeceptis
1074 1760 1169 1817 simus

164 1857 290 1930 eruditi,
305 1856 387 1936 apud
401 1877 452 1915 eos
466 1857 560 1936 ipsos,
583 1856 666 1936 quod
686 1855 723 1914 ab
744 1856 780 1914 iis
803 1855 1012 1927 didicerimus
1039 1856 1169 1914 velimus

164 1974 357 2034 expromere.
374 1957 474 2032 Atque
487 1954 537 2011 ille
553 1953 676 2034 quidem
694 1953 835 2032 princeps
845 1953 960 2032 ingenii
975 1961 1005 2011 et
1020 1953 1168 2012 doctrinae

166 2053 253 2110 Plato
275 2060 339 2111 tum
357 2051 491 2131 denique
511 2051 575 2109 lore
595 2050 698 2110 beatas
718 2051 907 2130 respublicas
929 2051 1061 2129 putavit,
1078 2051 1102 2109 si
1116 2057 1169 2109 aut

163 2149 248 2208 docti
261 2169 295 2207 ac
313 2149 465 2228 sapientes
479 2147 617 2206 homiues
631 2167 681 2206 eas
697 2167 801 2226 regere
817 2148 994 2227 coepissent,
1012 2155 1065 2206 aut
1080 2149 1099 2205 ii
1115 2148 1167 2226 qui

164 2253 306 2323 regerent
317 2265 407 2303 omne
422 2266 512 2304 suum
532 2244 669 2304 studium
684 2245 714 2303 iu
730 2244 871 2303 doctrina
890 2266 924 2304 ac
940 2245 1090 2324 sapientia
1107 2245 1169 2303 col-

165 2343 350 2402 locassent*.
379 2341 466 2400 Hauc
490 2341 741 2421 conjunctionem
769 2341 915 2400 videlicet
945 2343 1107 2420 potestatis
1134 2363 1169 2400 ac

164 2440 324 2520 sapientiae
335 2439 426 2497 saluti
439 2439 559 2497 censuit
573 2438 752 2497 civitatibus
767 2459 833 2496 esse
845 2459 947 2518 posse.

197 2583 238 2632 N⁰
259 2579 326 2631 256
342 2594 348 2630 :
364 2581 454 2642 Quod
471 2579 509 2629 sl.
530 2579 579 2628 Ces
597 2580 719 2638 conseils‚
733 2580 800 2627 ainsi
819 2595 870 2642 que
890 2595 957 2627 ceux
976 2581 1009 2628 de
1022 2581 1047 2628 la
1062 2582 1168 2629 version

165 2655 195 2690 n⁰
209 2647 251 2690 254
262 2643 336 2705 (tirts
349 2639 426 2689 d'uue
437 2643 532 2703 longue
541 2643 627 2700 lettre,
643 2645 714 2689 sorte
726 2642 759 2688 de
771 2642 849 2703 gulde
863 2643 898 2689 du
912 2657 1079 2702 gouverneur
1088 2644 1167 2703 ideal,

167 2721 217 2763 une
228 2705 339 2754 Cicerou
355 2704 450 2751 &crivit
462 2705 475 2750 al
489 2718 536 2750 son
552 2705 620 2751 frere
633 2703 756 2760 Quintus,
787 2719 938 2751 cuverneur
949 2705 982 2752 de
1000 2706 1024 2752 la
1042 2707 1169 2766 province

164 2766 256 2814 d'Asie
271 2767 389 2828 pendant
399 2766 499 2827 presde
511 2769 604 2826 quatre
618 2769 673 2826 eus]
692 2769 753 2812 sont
765 2719 827 2812 d'un
843 2767 935 2813 artiste
949 2771 976 2813 et
992 2765 1055 2813 d'un
1076 2767 1169 2814 hunia-

165 2830 234 2876 niste
259 2829 329 2890 plein
351 2827 537 2874 d'admiration
557 2843 624 2890 pour
643 2828 666 2874 le
685 2827 760 2888 gdnie
778 2843 838 2889 grec
857 2832 884 2876 et
902 2843 969 2898 pour
982 2843 1030 2876 son
1049 2830 1169 2890 glorieux

164 2890 252 2952 pesse,
264 2889 327 2937 d'un
340 2890 471 2951 politique
484 2892 511 2936 et
525 2888 586 2936 d'un
603 2890 763 2951 philosophe
779 2891 823 2951 qui
837 2890 925 2938 selant
945 2905 996 2936 unc
1012 2891 1092 2938 hauto
1111 2891 1169 2937 idte

164 2953 201 2999 du
220 2952 275 2999 rhle
294 2952 459 2998 civilisateur
474 2952 507 2998 de
520 2951 611 2998 Rome.
630 2978 657 2988 —·
675 2951 911 3010 Humanitatis,
933 2952 1041 3012 ddsignc
1065 2953 1169 2999 ieiune

160 3015 269 3062 culture
290 3014 442 3074 superieure
464 3014 497 3061 de
517 3012 626 3074 l'esprit‚
644 3011 803 3060 d'ordinaire
825 3015 1017 3076 accompagnoc
1035 3015 1067 3060 de
1087 3014 1170 3061 boote

179 3077 367 3145 φιλανθρωπία).
390 3103 420 3111 -
441 3076 478 3124 In
495 3087 536 3125 ea
555 3074 629 3125 vita
643 3095 674 3118 =
689 3077 751 3137 post
768 3075 925 3123 eamvitam.
944 3076 1128 3126 -Inertiae
1141 3079 1169 3124 et

158 3157 161 3160 '
178 3145 323 3203 evitatis,
337 3147 407 3192 deux
419 3145 523 3193 ddsauts
535 3147 571 3192 du
588 3146 721 3193 caractere
735 3161 803 3206 grec.
823 3147 862 3194 cf.
881 3145 934 3193 Pro
954 3147 974 3194 F
975 3146 1055 3206 lncco,
1082 3150 1119 3194 24.
1141 3171 1171 3183 -

165 3207 246 3266 sint,
259 3207 407 3268 subjonctil‘
417 3208 449 3254 de
461 3207 530 3268 style
547 3208 669 3266 inducet,
688 3208 841 3268 dependant
855 3209 888 3255 de
906 3208 993 3256 dicere
1003 3208 1090 3271 pudet
1098 3207 1126 3256 it.
1139 3235 1170 3244 -

166 3269 315 3319 Tradita.
336 3270 377 3316 On
390 3270 441 3316 seit
456 3283 529 3316 assez
545 3283 596 3331 que
609 3269 720 3317 Ciceron
733 3285 747 3315 a
761 3270 837 3315 tache
857 3271 890 3316 dc
910 3271 1019 3317 rdaliscr
1031 3271 1169 3318 lui-meme

164 3331 251 3378 l'iddal
261 3331 323 3393 qu‘il
334 3332 472 3392 proposed
484 3331 609 3379 l'oratcur
621 3345 626 3378 :
640 3352 650 3374 u
658 3345 762 3379 omnem
770 3331 890 3378 omnium
905 3332 1006 3378 artium
1018 3331 1169 3380 doctrinam

165 3392 291 3455 amplecti
305 3413 325 3440 n.
339 3421 369 3427 —
382 3393 571 3452 Praeterea,
593 3393 735 3454 repetition
753 3395 788 3440 du
804 3394 872 3454 style
890 3395 1010 3440 laniilier.
1026 3394 1170 3444 -Collo-

165 3456 309 3504 eassont'.
323 3454 372 3501 Cet
384 3455 486 3502 axiome
507 3454 621 3515 fameux,
637 3455 749 3502 l'ormuld
765 3470 813 3515 par
825 3455 919 3502 Platon
935 3455 1056 3517 (llc'puh.‚
1070 3457 1102 3514 V,
1122 3457 1167 3518 18),

164 3531 181 3563 a
197 3517 239 3563 etc
250 3517 299 3562 mis
312 3531 343 3563 en
361 3517 484 3577 pratique
502 3531 551 3577 par
568 3517 725 3578 l'empcreur
748 3517 940 3571 Marc-Aurclc.
958 3533 987 3564 ce
1011 3517 1169 3579 philosophe

164 3579 310 3636 conrnune,
336 3593 387 3640 que
407 3577 498 3624 Renum
518 3579 621 3639 appelle
646 3595 704 3626 «un
728 3578 825 3625 Goethe
855 3580 980 3638 attendm,
1011 3594 1045 3626 un
1072 3580 1169 3627 Goethe

163 3641 286 3686 converti
297 3655 330 3687 au
344 3641 405 3687 hieu
416 3659 426 3681 n
441 3641 635 3701 (Marc-‚Aurdte
648 3643 672 3688 et
687 3641 712 3687 ta
724 3639 806 3701 findo
822 3641 916 3688 monde
927 3641 1057 3704 antique),
1074 3662 1084 3683 o
1098 3644 1169 3688 cette

163 3703 223 3749 amc
234 3702 255 3748 si
267 3703 352 3749 sainte
363 3705 390 3749 et
400 3702 423 3748 si
433 3716 498 3764 pure
511 3703 545 3748 oh
558 3701 608 3750 l'on
621 3707 685 3763 peut
702 3703 868 3763 contempler
885 3704 951 3750 dans
963 3718 1010 3750 son
1026 3704 1130 3749 dernier
1143 3706 1171 3749 et

164 3765 232 3810 dans
245 3778 293 3810 son
306 3764 365 3824 plus
378 3765 449 3810 doux
461 3763 564 3811 celatia
576 3767 653 3810 vertu
667 3765 798 3826 antique»
817 3764 942 3826 thlartha,
965 3765 1002 3811 les
1020 3764 1171 3811 illocalistes

164 3840 229 3872 sous
243 3825 370 3887 l'h'mpirc
384 3824 506 3888 romain).
