2658 4244
418 124 498 181 113.
519 123 740 180 Abdication
754 124 799 178 de
813 119 996 180 Vitellius.
1036 143 1039 148 ·

484 219 622 282 (Vitellius
639 218 790 282 imperiose
805 214 931 279 abdicat.)

152 335 192 398 3e
248 337 311 394 Nec
328 336 490 415 quisquam
505 335 581 393 adeo
600 355 701 393 rerum
718 334 919 392 humanarum
941 333 1102 390 immemor
1117 351 1210 411 quern

208 453 270 490 non
282 435 510 492 commoveret*
522 432 573 490 illa
588 432 681 492 lacies
695 423 875 490 :romanum
892 429 1062 509 principem
1077 436 1108 486 et
1119 449 1211 506 gene-

207 529 249 586 ris
275 529 400 588 humani
426 529 519 608 paulo
550 536 620 588 ante
653 528 822 597 dominum,
854 526 959 589 relicta
985 526 1117 583 fortunae
1145 545 1209 582 suae

207 625 278 684 sede
289 629 310 698 *‚
327 647 382 705 per
396 626 556 705 populum,
573 647 628 705 per
644 625 769 695 Urbem,
794 625 877 683 exire
899 624 937 682 de
958 623 1099 702 imperio.
1125 621 1210 679 Nihil

206 722 267 781 tale
288 723 439 796 viderant,
465 724 539 781 nihil
557 723 718 782 audierant
739 741 746 781 :
768 721 928 801 repentina
950 721 997 778 vis
1023 719 1209 778 dictatorern

167 871 173 881 .
208 819 360 878 Caesarem
390 827 595 899 oppresserat,
623 819 752 878 occultae
777 818 910 877 Gaium*
931 817 1069 888 insidiae3
1094 836 1154 873 nox
1177 821 1210 872 ct

206 917 346 993 ignotum
359 918 429 975 rus*
444 918 548 995 fugam
567 917 697 976 Neronis
712 915 952 983 absconderant;
968 914 1040 972 Piso
1058 920 1089 971 et
1108 911 1208 971 Galba

207 1020 363 1092 tamquam
379 1015 410 1071 in
427 1014 489 1073 acie
503 1014 655 1083 cecidere;
670 1014 701 1072 in
716 1015 788 1072 sua*
803 1012 948 1071 contione
959 1010 1112 1081 Vitellius,
1129 1009 1213 1067 inter

109 1111 112 1118 ’
207 1130 280 1167 suos
303 1110 425 1181 milites,
456 1111 725 1190 prospectantibus
747 1110 839 1168 etiam
868 1109 1021 1180 leminis*‚
1049 1126 1148 1186 pauca
1178 1111 1210 1164 et

208 1209 351 1285 praesenti
367 1195 519 1266 maestitiae
534 1208 736 1286 congruentia
752 1207 873 1266 locutus
891 1225 897 1266 :
917 1230 931 1260 a
946 1205 1063 1264 Cedere
1077 1224 1109 1261 se
1123 1203 1209 1282 pacis

209 1327 223 1356 «
239 1311 268 1361 et
281 1303 459 1383 reipublicae
480 1323 588 1377 causa;
605 1305 774 1363 retinerent
794 1311 915 1363 tantum
940 1301 1119 1361 memoriam
1141 1300 1206 1372 sui;

210 1426 224 1455 a
239 1401 426 1481 fratremque
440 1409 471 1460 et
489 1402 651 1480 conjugem
665 1410 697 1460 et
714 1401 872 1459 innoxiam
897 1401 1063 1459 liberorum
1088 1405 1211 1456 aetatem

209 1522 223 1552 «
241 1498 487 1558 miserarentur*.
506 1523 520 1554 >i
543 1499 639 1557 Simul
657 1499 753 1560 filium
768 1497 967 1578 protendens
989 1496 1081 1554 modo
1108 1495 1214 1571 singu-

208 1594 244 1652 lis
265 1595 358 1654 modo
376 1596 527 1654 universis
551 1596 781 1669 commendans,
808 1603 976 1674 postrema,
998 1595 1073 1652 fletu
1093 1613 1213 1672 praepe-

207 1691 320 1762 diense,
339 1692 494 1750 assistenti
509 1694 627 1752 consuli
637 1693 791 1772 (Caecilius
805 1691 940 1770 Simplex
953 1692 1026 1771 erat)
1036 1689 1213 1749 exsolutum

207 1789 341 1847 alatere
367 1790 568 1869 pugionem*‚
598 1791 685 1849 velut
706 1791 757 1870 jus
790 1790 874 1848 necis
902 1789 1037 1867 vitaeque
1075 1787 1211 1857 civium,

207 1885 365 1945 reddebat.
395 1886 609 1966 Adspernante
634 1886 775 1957 consule,
812 1885 1051 1944 reclamantibus
1086 1885 1139 1964 qui
1180 1885 1214 1942 in

207 1983 351 2041 contione
366 1983 559 2055 adstiterant,
577 1991 611 2041 ut
627 1985 659 2042 in
683 1983 748 2042 aede
760 1983 942 2042 Concordiae
964 1983 1124 2062 positurus
1138 1982 1212 2039 insi·

207 2080 278 2156 gnia
300 2080 419 2158 imperii
432 2081 619 2160 domumque
635 2081 736 2139 fratris
752 2081 915 2159 petiturus
935 2079 1087 2141 discessit.
1109 2079 1215 2158 Major

208 2177 280 2234 hinc
294 2177 409 2235 clamor
423 2178 638 2236 obsistentium
653 2177 835 2257 penatibus*
850 2177 990 2256 privatis
1007 2177 1037 2234 in
1058 2176 1214 2235 Palatium

209 2276 396 2334 vocantium.
414 2273 617 2333 lnterclusum
636 2275 719 2333 aliud
742 2275 810 2347 iter,
830 2274 923 2354 idque
947 2273 1047 2332 solum
1072 2273 1158 2353 quod
1181 2274 1214 2331 in

209 2371 331 2429 Sacram
361 2372 441 2430 viam
477 2379 618 2451 pergeret
637 2372 776 2451 patebat;
812 2378 877 2429 tum
904 2370 1037 2430 consilii*
1057 2371 1148 2450 inops
1178 2371 1213 2428 in

208 2468 361 2527 Palatium
374 2469 474 2527 rediit.

239 2592 281 2641 Νο
291 2592 355 2642 113
369 2607 375 2640 :
389 2592 620 2642 commoveret.
633 2593 724 2640 Tacite
742 2592 783 2640 est
800 2591 860 2639 e'mu
874 2593 1010 2640 lui-meme
1024 2606 1074 2652 par
1088 2605 1118 2638 ce
1137 2607 1218 2652 spec-

208 2655 277 2700 tacle
289 2654 336 2700 des
348 2654 519 2701 vicissitudes
530 2653 676 2700 humaines.
691 2653 757 2700 Voir
766 2655 791 2701 la
808 2655 929 2700 derniere
946 2656 1009 2700 note
1022 2654 1055 2701 de
1067 2652 1094 2700 la
1105 2654 1216 2700 version

208 2725 237 2761 n⁰
250 2719 287 2773 95,
302 2714 477 2762 Germanicus
490 2716 621 2762 ensevelit
639 2716 678 2762 les
694 2719 779 2762 restes
796 2716 829 2762 de
845 2714 951 2762 l'armee
966 2716 1000 2762 de
1022 2715 1110 2762 Varus
1127 2729 1215 2762 :ana—

207 2777 266 2838 lyse
283 2778 382 2824 morale
400 2781 426 2823 et
440 2777 577 2838 peintures
593 2778 708 2837 pittores
728 2792 785 2835 ues,
805 2780 863 2824 tout
880 2778 904 2824 le
920 2777 996 2838 genie
1012 2778 1045 2823 de
1063 2777 1155 2824 Tacite
1172 2781 1217 2824 est

207 2839 241 2885 la.
267 2864 296 2872 -
317 2837 408 2896 Sede,
433 2839 457 2884 le
481 2837 624 2886 Palatium.
649 2865 678 2874 -
734 2837 832 2896 aium,
860 2839 978 2900 Caligula
1005 2837 1140 2886 assassine'
1165 2853 1218 2899 par

209 2900 323 2948 Chtreas
345 2902 371 2946 et
391 2915 433 2947 ses
456 2901 532 2948 amis.
555 2927 584 2935 -
607 2900 687 2959 Rus,
711 2901 735 2946 la
759 2901 861 2948 maison
886 2901 919 2946 de
940 2915 1087 2961 campagne
1109 2901 1142 2946 de
1165 2915 1217 2948 son

207 2962 336 3008 all'ranchi
348 2963 448 3022 Phaon,
465 2964 498 3009 οὺ
510 2962 608 3022 Neron,
622 2962 681 3009 aide
694 2963 727 3008 de
739 2961 862 3009 l'esclave
875 2962 1067 3023 Epaphrodite‚
1084 2977 1112 3010 se
1126 2977 1217 3024 coupa

208 3024 234 3070 la
258 3039 345 3084 gorgo.
373 3051 400 3058 -
425 3023 500 3074 Sua.
523 3023 593 3071 C'est
612 3024 736 3071 Vitellius
758 3025 891 3071 lui-meme
915 3025 961 3084 qui
982 3025 1056 3072 avait
1072 3027 1219 3086 convoqud

208 3083 382 3132 l'assemblc'c.
394 3112 425 3120 -
437 3086 547 3136 Etiam
561 3084 691 3134 feminis
707 3101 711 3132 :
727 3085 762 3132 Ce
775 3086 856 3132 de'tail
868 3088 909 3132 est
925 3085 1031 3132 destint
1049 3086 1063 3132 a
1076 3087 1180 3132 exciter
1190 3088 1218 3135 la

209 3147 283 3253 pitie'.
300 3173 326 3181 -—
339 3148 598 3197 Miserarentur:
614 3146 744 3200 misereri,
760 3147 891 3208 eprouver
902 3148 927 3195 la
943 3147 1023 3208 pitie;
1035 3174 1063 3181 -
1077 3147 1217 3208 miserari,

219 3222 234 3253 a
247 3207 401 3268 te'moigner.
414 3209 453 3255 cf.
463 3208 588 3268 Suetone,
603 3209 702 3268 viteli,
717 3213 745 3255 15
758 3224 763 3256 :
778 3229 789 3251 «
801 3209 925 3256 Diluculo
936 3209 1091 3256 sordidatus
1101 3210 1220 3258 descen-

209 3269 250 3315 dit
262 3270 295 3315 ad
306 3273 401 3330 rostra,
423 3272 566 3332 multisque
583 3287 643 3318 cum
657 3271 775 3318 lacrimis
791 3272 883 3317 eadem
900 3271 954 3331 illa,
973 3285 1066 3318 verum
1081 3285 1095 3317 e
1110 3271 1217 3327 libello,

210 3333 325 3378 testatus
336 3334 378 3378 est
389 3351 410 3379 n.
420 3358 452 3367 ·-
463 3333 648 3394 Pugionem.
671 3331 741 3380 C'est
753 3333 776 3379 le
794 3332 915 3394 synrbole
931 3333 967 3379 du
984 3333 1057 3380 droit
1073 3334 1106 3379 de
1124 3333 1169 3380 vie
1189 3340 1220 3382 et

209 3393 242 3438 de
266 3395 337 3438 mort
357 3408 408 3453 que
427 3391 592 3456 l'imperator
619 3396 692 3442 avait
717 3410 762 3441 sur
785 3395 823 3441 les
845 3395 948 3441 soldats
970 3397 997 3440 et
1019 3409 1066 3441 sur
1089 3397 1151 3442 tous
1176 3397 1219 3444 les

209 3453 341 3513 citoyens.
353 3454 388 3500 Ce
401 3456 480 3515 droit,
493 3457 531 3503 les
545 3471 697 3517 empereurs
713 3455 839 3502 l'avaient
856 3471 901 3503 sur
916 3457 954 3503 les
971 3455 1082 3515 soldats,
1103 3471 1136 3503 eu
1155 3459 1220 3506 tant

209 3528 261 3573 que
272 3515 345 3561 chels
354 3516 500 3577 militabas,
514 3532 616 3565 comme
626 3518 755 3565 autrefois
767 3519 805 3564 les
816 3519 922 3565 consuls
935 3533 940 3565 :
954 3516 1045 3565 c'dtait
1057 3531 1109 3564 une
1121 3519 1220 3568 conse-

209 3590 312 3635 quence
323 3577 355 3622 de
368 3575 529 3638 l'imperium
542 3579 607 3627 dont
622 3581 654 3626 ils
671 3579 772 3626 etaient
789 3581 904 3626 revetus.
923 3580 958 3626 Le
972 3578 1058 3641 papio
1076 3579 1144 3626 etait
1162 3597 1219 3629 une

210 3637 295 3698 dague
308 3641 409 3697 comte,
423 3641 580 3686 tranchante
594 3642 640 3688 des
656 3641 724 3687 deux
737 3640 819 3701 cotes,
833 3641 847 3686 a
862 3642 955 3702 pointe
970 3642 1055 3718 uigent,
1072 3644 1099 3688 et
1118 3643 1219 3701 porte'e

210 3701 560 3758 sanslourreautgauche.
578 3727 608 3736 —
627 3702 815 3751 Penatibus.
830 3703 867 3748 La
895 3703 966 3750 foule
986 3716 1110 3764 soppose
1140 3703 1156 3750 d
1186 3721 1219 3754 ce

210 3761 273 3822 qu'il
288 3767 362 3810 entre
375 3763 442 3809 dans
453 3760 622 3809 l'lrabitation
637 3761 699 3810 d'un
712 3764 807 3825 simple
820 3765 983 3824 particulier.

630 3879 787 3929 -114-
