2756 4238
492 124 703 184 CHAPITRE
725 125 783 184 Vll

551 222 647 286 (eaput
665 221 732 285 vn.)

108 367 111 372 ·
135 347 327 404 tuutstnutou
356 379 397 392 -
417 368 504 405 unum
527 368 625 406 rustic
653 382 693 391 —
712 369 798 406 naorr
820 369 895 406 mvn,
914 382 954 393 -
975 365 1140 408 raruuuaux

167 442 215 504 (Dc
229 441 379 507 lapibus-
390 443 429 495 De
437 443 504 507 jure
513 443 625 506 publico
638 471 667 480 —
680 443 718 493 De
726 443 792 508 jure
805 443 879 494 civiti
889 471 921 482 -
930 444 968 493 De
973 442 1109 508 judiciis.)

137 591 141 596 ’
202 581 205 586 ⁴
260 601 345 660 266.
365 604 419 660 La
438 603 487 660 lot
505 601 691 661 veritable
711 602 838 661 amane
857 605 901 661 de
920 604 1021 662 Dleu.

311 691 374 752 (Leo
386 705 449 738 uera
462 693 522 739 orta
538 694 578 739 est
593 691 675 740 simul
688 706 749 739 cum
761 693 847 740 mente
860 692 970 754 divina.)

134 880 136 885 ¹
175 814 266 873 lussa
288 834 323 874 ac
348 814 444 874 vetita
473 816 658 894 populorum
682 836 743 874 non
770 817 885 876 habent
908 817 970 874 vim
993 817 1030 876 ad
1058 823 1140 878 recte
1157 822 1197 886 2·

100 957 106 967 .
131 911 217 984 “facta
238 911 369 971 vocandi
387 919 418 997 et
436 933 452 971 a
470 913 604 992 peccatis
622 913 771 972 avocandi
789 932 796 972 :
819 934 887 990 quae
906 914 952 971 vis
969 935 1031 974 uon
1048 913 1140 974 modo

135 1009 239 1068 senior
256 1016 303 1067 est
322 1029 414 1088 quam
432 1016 506 1068 aetas
523 1009 709 1089 populorum
729 1018 760 1068 et
778 1010 949 1083 civitatum,
970 1010 1021 1068 sed
1039 1032 1142 1089 aequa·

135 1106 173 1164 lis
203 1105 285 1164 illius
312 1105 431 1165 caelum
454 1114 547 1186 atque
578 1114 675 1166 terras
700 1108 814 1166 tuentis
835 1116 866 1166 et
892 1108 1025 1186 regentis
1050 1107 1139 1170 Dei*.

137 1203 245 1282 Neque
270 1203 351 1261 enim
377 1223 442 1262 esse
464 1224 551 1262 mens
572 1203 678 1262 divina
706 1204 771 1262 sine
800 1205 918 1263 ratione
940 1211 1058 1284 potest;
1084 1225 1141 1263 nec

136 1300 216 1358 ratio
234 1297 340 1358 divina
359 1302 442 1358 non*
459 1301 537 1358 hanc
554 1301 614 1358 vim
634 1301 664 1358 in
682 1301 773 1358 rectis
792 1302 954 1380 pravisque
967 1301 1141 1360 sanciendis

136 1396 266 1471 habere3
280 1417 346 1467 nec,
362 1398 434 1476 quia
449 1418 600 1476 nusquam
615 1405 679 1456 erat
695 1397 842 1476 scriptum
861 1407 895 1456 ut
910 1406 1015 1458 contra
1034 1418 1141 1457 omnes

136 1494 272 1552 hostium
291 1495 397 1574 copias
418 1495 448 1553 in
470 1503 564 1574 ponte
586 1516 664 1552 unus
682 1495 847 1565 assisteret,
867 1516 883 1554 a
901 1502 1048 1574 tergoque
1066 1515 1142 1574 pon-

136 1599 198 1648 tem
211 1591 389 1650 interscindi
397 1591 533 1670 juberet.
552 1591 666 1650 idcirco
682 1591 781 1650 minus
797 1591 967 1650 Coclitem*
979 1590 1064 1649 illum
1077 1611 1140 1648 rem

136 1687 268 1764 gessisse
290 1695 420 1756 tantam,
445 1687 637 1747 fortitudinis
658 1688 723 1766 lege
741 1696 832 1768 atque
853 1688 992 1769 imperio,
1017 1687 1142 1767 putabi-

134 1772 223 1858 'mus;
244 1805 299 1844 nec
317 1785 353 1856 si,
371 1785 538 1864 Tarquinio
552 1794 710 1862 regnante,
726 1785 808 1844 nulla
824 1794 890 1844 erat
909 1786 1015 1844 Romae
1028 1784 1142 1863 scripta

137 1882 186 1940 lex
196 1881 234 1940 de
246 1882 372 1961 stupriS,
389 1881 505 1940 idcirco
519 1903 579 1940 non
591 1890 697 1940 contra
713 1883 795 1941 illam
810 1883 907 1960 legem
924 1867 1141 1962 sempiternam

137 1980 207 2041 Sex.
236 1979 423 2059 Tarquinius
447 1979 508 2038 vim
540 1980 688 2038 Lucretiae
719 1980 833 2040 attulit.
861 1981 934 2038 Erat
954 1980 1035 2038 enim
1064 1975 1142 2036 ratio

137 2075 276 2156 profecta
292 2097 308 2134 a
325 2097 426 2135 rerum
444 2084 552 2138 natura
562 2078 583 2147 “,
600 2085 629 2135 et
642 2077 679 2135 ad
692 2085 774 2135 recte
785 2077 959 2136 laciendum
969 2075 1141 2156 impellens,

136 2181 196 2232 eta
213 2173 327 2232 delicto
343 2194 486 2246 avocans
509 2193 577 2253 quae
592 2194 652 2231 non
668 2181 733 2231 tum
749 2175 881 2254 denique
894 2174 1004 2254 incipit
1018 2174 1143 2232 lexesse

137 2292 208 2330 cum
225 2271 339 2351 scripta
357 2278 414 2344 est,
434 2271 568 2329 sedtum
588 2291 658 2328 cum
677 2279 744 2328 orta
763 2279 818 2328 est.
840 2271 915 2330 Orta
932 2280 1034 2330 autem
1052 2262 1144 2330 simul

136 2376 185 2428 est
207 2388 276 2428 cum
295 2375 399 2426 mente
418 2368 534 2426 divina.
554 2367 758 2434 Quamobrem
781 2367 828 2425 lex
851 2389 922 2426 vera
943 2376 1034 2447 atque
1057 2368 1143 2448 prin-

136 2486 221 2545 cepS,
241 2473 311 2545 apta
332 2465 368 2523 ad
389 2465 563 2545 jubendum
586 2471 623 2522 et'
637 2464 683 2538 ad¹
698 2464 874 2534 vetandum,
895 2465 971 2522 ratio
993 2473 1039 2523 est
1061 2471 1143 2524 recta

137 2561 250 2622 summi
264 2562 350 2622 lovis
361 2565 383 2624 *.

168 2695 210 2745 Νο
230 2694 296 2746 266
317 2709 323 2743 :
342 2694 411 2744 Dei.
430 2695 489 2742 Lire
506 2693 624 2757 l'hymne
641 2693 655 2742 a
674 2694 781 2756 Jupiter
794 2695 831 2740 du
852 2693 1011 2756 philosophe
1031 2694 1141 2742 stolcien

136 2757 276 2816 Cleanthe,
293 2757 356 2805 d'un
369 2760 415 2805 ton
431 2757 452 2804 si
470 2756 544 2804 c'leve
561 2761 588 2804 et
601 2755 678 2803 d'une
692 2756 853 2817 inspiration
869 2758 945 2804 toute
958 2757 1142 2817 spiritualiste.

136 2819 215 2867 Cette
223 2832 291 2881 page
303 2817 418 2880 (comme
427 2817 561 2866 d'ailleurs
574 2820 633 2865 tout
645 2819 669 2866 le
677 2817 746 2865 beau
754 2817 834 2865 truite
847 2817 892 2865 des
905 2817 974 2879 tois)
983 2833 1084 2880 prouve
1092 2833 1143 2880 quc

140 2880 251 2929 Ciceron
270 2880 336 2928 ttait
354 2879 466 2942 penetro
485 2881 532 2928 des
551 2881 612 2942 plus
633 2879 727 2927 hautcs
746 2880 921 2941 conceptions
938 2881 1100 2928 stoiciennes
1117 2884 1144 2928 et

138 2942 351 3004 platoniciennes
371 2957 417 2990 sur
429 2943 454 2990 la
466 2941 588 2990 divinite.
600 2941 639 2990 Cf.
649 2941 790 3002 Sophocle,
804 2942 910 3003 parlant
924 2943 957 2989 de
969 2957 1013 2990 ces
1025 2943 1075 2990 lois
1091 2956 1143 2989 non

136 3004 236 3051 acrites
247 3005 274 3052 et
286 3003 461 3071 immuables,
472 3002 587 3077 ἄγραπτα
599 2999 712 3070 κάσφαλῆ
724 3004 785 3056 θεῶν
799 3002 827 3056 νό
849 3023 891 3075 ιμα
912 3003 1066 3067 (Antiquae,
1082 3006 1143 3063 4⁵53

136 3079 166 3122 et
180 3073 281 3137 OEdipe
294 3073 347 3135 roi,
365 3077 428 3134 865).
442 3075 481 3124 Cf.
498 3075 568 3122 aussi
582 3075 712 3132 Aristote,
726 3073 812 3132 utet,
826 3024 847 3128 p
862 3080 904 3135 133
921 3078 948 3122 et
960 3075 1092 3147 Thucyd,
1109 3073 1143 3133 u,

136 3141 178 3195 tlt,
197 3137 246 3184 sub
263 3135 324 3183 fine.
341 3163 371 3171 -
388 3136 457 3186 Nee
475 3149 538 3186 non
555 3137 644 3184 donne
675 3137 716 3182 lus
734 3138 766 3183 de
783 3137 856 3185 force
873 3135 1080 3185 tl'alllrmation
1093 3151 1144 3199 que

137 3197 180 3245 s‘il
192 3214 211 3260 y
224 3198 296 3245 avait
309 3198 479 3259 simplement
491 3199 525 3246 et.
537 3225 568 3234 -
583 3197 658 3248 coel
687 3209 747 3246 em.
760 3197 826 3246 Voir
835 3199 859 3245 le
870 3199 937 3247 recit
950 3200 982 3245 dc
998 3199 1057 3246 Tite
1071 3199 1143 3258 Live,

138 3260 253 3318 11,e,1u.
264 3285 293 3294 —-
304 3259 428 3309 Rerum
440 3262 572 3309 natura.
585 3259 625 3308 Cf.
639 3259 665 3306 lu
680 3258 819 3307 definition
832 3261 868 3306 du
881 3261 926 3309 liv.
942 3261 962 3320 l,
974 3265 987 3306 6
999 3260 1040 3322 (de
1053 3259 1143 3324 Lep.):

137 3341 152 3364 a
167 3322 220 3368 Lea
233 3321 272 3369 est
285 3335 390 3376 summa
403 3320 473 3370 ratio
486 3320 567 3368 insita
582 3321 609 3369 in
623 3321 730 3370 natura.
741 3322 902 3372 n-Jovis.
918 3322 956 3371 Cl.
968 3322 993 3369 la
1005 3321 1144 3371 definitiou

140 3383 244 3430 donnee
261 3397 310 3444 pur
327 3383 439 3431 Cice'ron
456 3381 596 3446 (Philipp,
612 3382 659 3442 xl,
675 3383 713 3446 12)
730 3397 736 3432 :
751 3402 762 3426 a
776 3383 824 3431 Est
836 3383 908 3431 enim
927 3383 969 3432 len
987 3382 1057 3431 nihil
1069 3382 1145 3432 aliud

139 3444 194 3492 uisi
206 3445 279 3492 recta
292 3446 318 3491 et
330 3460 345 3492 a
358 3443 468 3494 numine
483 3445 595 3493 deorum
611 3445 696 3493 tracte
709 3444 787 3502 ratio,
805 3443 939 3506 imperans
953 3446 1071 3502 honesta,
1102 3459 1146 3494 ro·

140 3506 236 3554 hihena
256 3506 401 3580 contraria.
423 3525 434 3551 n
454 3507 493 3556 cf.
511 3508 535 3554 lu
555 3505 693 3554 definition
711 3507 746 3555 du
763 3508 919 3569 philosophe
934 3508 1047 3555 stoicien
1060 3459 1146 3570 cliry-

136 3569 216 3630 sippe
239 3583 245 3617 ι
269 3568 342 3637 λόγος
355 3566 436 3638 ορθός,
453 3567 631 3638 προστακτικὸς
644 3569 750 3636 μὲνητῶν
766 3572 896 3635 ποιητέων,
913 3566 1103 3640 ἀπαγορευτικὸς
1118 3569 1145 3623 δὲ

140 3644 189 3691 τῶν
205 3637 233 3692 οὖ
249 3641 380 3705 ποιητέων.
395 3639 435 3688 Cf.
449 3639 570 3699 Ciceron,
584 3639 616 3686 de
633 3637 706 3702 nep,
722 3639 811 3699 1V,22
826 3655 832 3688 ε
845 3641 893 3688 Est
906 3640 1015 3704 quidem
1027 3654 1088 3689 uera
1103 3641 1146 3689 teu

137 3711 215 3818 perta
230 3708 302 3758 ratio
316 3711 428 3758 naturae
441 3724 602 3774 congruens,
621 3708 719 3774 diffusa
735 3708 762 3758 in
782 3725 882 3770 omues,
898 3711 1031 3771 constans,
1048 3710 1145 3774 sempi-

153 3785 226 3819 et'rtc't.
476 3793 481 3812 ι

564 3886 723 3939 -269-
