2698 4242
422 117 483 176 39.
501 119 573 175 Les
594 117 733 176 de‘ltces
750 121 796 176 de
823 121 977 189 capoue.

544 223 591 286 (De
605 223 711 287 Capuae
728 221 853 283 deliciis.)

142 376 183 456 4⁰
238 380 285 438 Ibi
296 388 413 460 partem
430 381 698 461 majoremhiemis
717 385 886 450 exercitum
905 384 937 442 in
956 385 1065 442 tectis*
1082 383 1201 455 habuit,

197 470 352 535 adversus
370 479 473 537 omnia
500 479 634 538 humana
657 479 736 538 mala
768 500 858 559 saepe
887 500 922 538 ac
955 480 1010 538 diu
1044 480 1201 551 duratum,

198 570 287 633 bonis
317 575 511 654 inexpertum
543 583 634 654 atque
668 576 836 637 insuetum.
868 578 975 657 ltaque
1006 597 1084 657 quos
1120 577 1204 635 nulla

198 660 270 729 mali
296 671 412 729 vicerat
439 672 498 745 vis,
525 673 685 752 perdidere
716 673 809 732 nimia
844 672 925 732 bona
954 694 995 760 ‘ac
1025 673 1204 757 voluptates

198 767 391 854 immodicae,
424 775 455 826 et
475 789 511 828 eo
534 769 703 847 impensius
728 790 789 849 quo
820 770 942 829 avidius
969 791 1006 828 ex
1035 769 1203 828 insolentia

197 865 228 922 in
248 885 298 922 eas
320 885 351 922 se
376 875 555 925 merserant.
587 867 720 925 Somnus
744 866 825 926 enim
850 874 880 926 et
906 867 1012 925 vinum
1038 874 1069 925 et
1093 867 1204 946 epulae

197 960 399 1042 balineaque*
418 969 449 1021 et
475 962 573 1021 otium
595 963 819 1022 consuetudine
843 963 875 1021 in
901 963 966 1022 dies
988 963 1131 1022 blandius
1160 963 1202 1022 ita
1280 1006 1284 1015 .
1331 1007 1332 1020 i

197 1065 424 1117 enervaverunt
447 1080 577 1138 corpora
595 1059 785 1140 animosque,
805 1068 840 1119 ut
864 1061 960 1138 magis
978 1060 1090 1119 deinde
1115 1081 1205 1140 prae-

197 1155 305 1213 teritae
331 1155 477 1214 victoriae
504 1177 557 1214 eos
582 1177 673 1236 quam
698 1164 875 1236 praesentes
904 1151 1080 1215 tutarentur
1107 1157 1201 1227 vires,

197 1251 358 1334 majusque
379 1252 410 1310 id
432 1260 591 1332 peccatum
619 1253 707 1312 ducis
727 1254 808 1332 apud
830 1253 947 1332 peritos
962 1253 1096 1311 artium*
1121 1253 1204 1311 mili·
1300 1283 1304 1288 ·

197 1349 308 1407 tarium
336 1349 501 1408 haberetur
533 1371 624 1429 quam
657 1350 741 1429 quod
776 1371 837 1408 non
872 1370 910 1408 ex
944 1350 1101 1409 Cannensi
1137 1351 1204 1408 acie

197 1447 360 1524 protinus*
393 1447 430 1504 ad
462 1446 569 1505 urbem
604 1447 775 1506 Romanam
807 1447 967 1506 duxisset*
998 1466 1004 1507 :
1035 1447 1088 1506 illa
1120 1447 1203 1532 enim
1286 1505 1291 1512 ,

196 1543 354 1602 cunctatio
369 1543 525 1602 distulisse
540 1543 632 1602 modo
642 1543 803 1602 victoriam
817 1543 915 1602 videri
928 1543 1041 1623 potuit,
1056 1543 1106 1601 hic
1117 1564 1204 1601 error
1243 1526 1246 1530 Ι
1331 1527 1332 1538 i

196 1639 277 1698 vires
290 1639 440 1699 ademisse
452 1640 489 1698 ad
503 1639 701 1698 vincendum.
716 1641 824 1718 ltaque
840 1639 975 1713 hercule,
988 1639 1074 1698 velut
1091 1639 1116 1698 si
1131 1661 1202 1698 cum

196 1736 256 1795 alio
272 1737 409 1795 exercitu
427 1757 444 1794 a
462 1736 568 1815 Capua
583 1737 689 1806 exiret,
707 1735 784 1794 nihil
804 1757 931 1815 usquam
948 1737 1097 1815 pristinae
1111 1735 1203 1794 disci-

195 1833 297 1912 plinae
309 1834 440 1893 tenuit*.
453 1834 529 1892 Nam
543 1833 595 1892 ubi
607 1834 741 1912 primum
753 1833 809 1891 sub
822 1832 972 1912 pellibus*
983 1832 1088 1891 haberi
1097 1833 1202 1910 coepti

196 1937 279 2004 sunt,
303 1931 415 2009 viaque
442 1939 473 1988 et
493 1929 571 1988 alius
593 1931 736 1988 militaris
755 1929 863 1988 labor*
887 1929 1040 2008 excepit*‚
1063 1930 1202 1988 tironum

195 2026 309 2086 modo*
339 2027 504 2106 coporibus
527 2027 699 2106 animisque
723 2026 923 2096 deficiebant;
950 2033 981 2084 et
998 2007 1121 2098 ‚delude
1147 2046 1204 2105 per

148 2127 152 2134 '
195 2145 287 2182 omne
308 2125 496 2183 aestivorum
521 2132 643 2202 t'empus
665 2144 776 2201 magna
795 2144 865 2202 pars
888 2123 954 2181 sine
978 2122 1203 2180 commeatibus

195 2222 234 2280 ab
256 2221 351 2299 signis
369 2220 593 2290 dilabebantur,
615 2240 714 2298 neque
732 2220 808 2278 aliae
825 2219 963 2278 latebrae·
983 2239 1075 2298 quam
1096 2218 1201 2298 Capua

194 2318 403 2376 desertoribus
417 2325 513 2376 erant.

225 2469 266 2518 N⁰
279 2468 323 2519 39
333 2483 339 2516 :
350 2469 387 2517 In
400 2465 508 2518 tectis.
521 2467 587 2512 dans
596 2466 634 2512 les
647 2465 765 2512 maisons
777 2480 811 2514 ou
823 2466 888 2512 dans
901 2465 938 2512 lcs
949 2465 1165 2525 baraqucments,
1177 2467 1204 2510 et

195 2546 248 2579 non
260 2545 322 2578 sous
334 2530 440 2576 latente
449 2527 595 2590 (pellibus).
607 2554 636 2562 —
645 2527 794 2577 Balinea.
805 2527 841 2573 La
854 2526 998 2587 Campanie
1011 2526 1076 2573 etait
1084 2526 1203 2573 lamense

195 2609 244 2656 par
251 2607 293 2640 ses
299 2605 406 2639 sources
416 2589 566 2648 thermales,
576 2603 623 2636 son
632 2588 702 2646 lure,
712 2603 759 2636 son
769 2602 862 2635 amour
870 2588 904 2634 du
916 2588 1014 2649 plaisir.
1022 2581 1202 2646 —Artlum,

195 2655 292 2716 emploi
308 2653 385 2700 hardi
403 2653 438 2698 du
456 2650 560 2712 pluriel‚
581 2665 650 2712 pour
661 2664 785 2710 marquer
803 2664 839 2695 un
857 2649 905 2696 lait
926 2650 972 2709 qui
992 2664 1019 2696 se
1040 2649 1133 2709 repete
1148 2649 1204 2696 :les

195 2720 294 2765 secrets
312 2717 344 2761 de
365 2711 425 2761 l’art
447 2713 579 2760 militaire.
596 2738 625 2747 -
638 2712 800 2760 Protinus.
819 2727 830 2752 a
845 2711 901 2758 Les
910 2711 1012 2758 soldats
1029 2709 1202 2768 d'Hannibal‚

195 2779 235 2826 dit
247 2776 435 2836 Montesquieu
451 2774 536 2835 (chap.
551 2775 584 2835 4),
604 2773 721 2820 devenus
741 2773 827 2818 richcs
845 2773 922 2833 apres
937 2775 996 2819 tant
1015 2772 1047 2818 de
1065 2773 1202 2828 victoires,

195 2839 386 2888 n'auraient-ils
401 2851 448 2898 pas
470 2835 565 2883 trouve
585 2837 695 2897 partout
710 2834 837 2894 Capoue‘?
851 2853 861 2873 υ
874 2834 907 2880 Et
920 2833 988 2894 puis,
1002 2833 1019 2879 il
1032 2834 1090 2880 saut
1106 2847 1205 2894 songer

214 2917 247 2949 ue
265 2901 372 2961 Capoue
386 2898 452 2945 etait
464 2898 489 2945 la
504 2898 563 2958 plus
578 2897 676 2958 grande
688 2895 749 2942 ville
765 2896 797 2942 de
810 2893 903 2941 l'ltalie
914 2895 992 2956 apres
1004 2895 1096 2954 Rome,
1125 2893 1205 2942 u'elle

177 2917 261 3012 *dun
284 2961 452 3018 ambitieuse‚
477 2958 571 3020 qu'elle
593 2959 705 3019 pouvait
721 2961 748 3004 et
766 2956 867 3003 voulait
887 2957 969 3003 lutter
992 2960 1085 3003 contre
1107 2909 1203 3014 Rome,

214 3022 376 3072 u'Hannibal
389 3022 461 3068 avait
476 3021 545 3068 donc
558 3021 590 3066 de
606 3019 736 3066 strieuses
752 3019 856 3065 raisons
869 3032 937 3078 pour
947 3032 979 3064 en
995 3018 1061 3064 faire
1074 3019 1098 3065 le
1110 3022 1205 3064 centre

194 3041 228 3133 dc
247 3084 340 3132 l'ltalie
362 3083 477 3130 delivree
502 3083 534 3129 de
556 3081 648 3138 Rome,
672 3081 695 3126 le
734 3080 791 3126 oint
811 3077 918 3140 d'appui
943 3080 976 3126 de
993 3079 1018 3126 la
1038 3079 1205 3126 suzerainetd

194 3146 398 3207 carthaginoise.
421 3172 450 3178 —
471 3142 640 3201 Duxisset‚
667 3095 748 3188 verbe
773 3141 928 3198 intransitu,
952 3141 1007 3201 pris
1030 3140 1206 3188 absolument

196 3210 235 3271 (=
252 3206 372 3255 durisset
395 3205 567 3264 enercitum);
591 3219 623 3250 au
651 3202 721 3264 style
737 3203 852 3248 indirect
877 3217 882 3249 :
910 3201 975 3250 c'est
996 3202 1022 3248 la
1043 3201 1142 3262 pensee
1169 3202 1206 3249 do

194 3284 262 3317 ceux
272 3270 317 3329 qui
329 3268 447 3314 blament
460 3266 602 3314 Hannibal.
623 3292 652 3300 -
668 3263 787 3313 Tenuit
803 3283 834 3306 =
851 3262 974 3310 retinuit.
992 3289 1022 3298 -—
1042 3261 1205 3313 Pellibus.

195 3332 216 3379 ll
229 3347 247 3392 y
260 3331 332 3378 avait
344 3331 411 3377 trois
424 3333 509 3388 sortes
523 3329 555 3374 de
573 3330 660 3375 tentes
676 3341 680 3372 z
694 3331 718 3372 1⁰
731 3327 754 3373 le
773 3324 887 3388 papilio,
909 3326 975 3372 ainsi
998 3324 1101 3386 appele,
1122 3339 1205 3386 parce

194 3408 246 3454 que
265 3391 399 3452 lorsqu'on
415 3391 521 3438 ouvrait
538 3390 576 3436 les
595 3390 704 3435 rideaux
724 3389 756 3433 de
774 3401 861 3448 peaux
884 3387 928 3446 qui
947 3387 971 3432 le
991 3387 1057 3432 ferm
1077 3386 1131 3432 'ent
1154 3401 1207 3448 par

194 3457 302 3512 devant,
317 3468 351 3500 on
362 3453 400 3499 les
411 3453 521 3499 relevait
532 3455 558 3498 et
569 3466 602 3497 on
616 3450 653 3496 les
667 3449 797 3496 attachait
807 3449 854 3494 des
865 3449 934 3494 deux
945 3447 1019 3494 cbtes
1032 3449 1065 3495 de
1088 3461 1104 3494 a
1116 3450 1204 3506 tent-e,

196 3518 228 3563 de
241 3517 356 3562 muniere
369 3516 384 3560 a
396 3514 453 3560 leur
465 3514 567 3560 donner
582 3527 632 3559 une
650 3511 767 3557 certaine
784 3510 981 3556 ressemblance
998 3523 1064 3557 avec
1079 3508 1119 3556 les
1137 3508 1205 3556 ailes

195 3577 257 3625 d'un
281 3577 412 3639 papillam
435 3581 460 3621 2⁰
478 3575 502 3622 la
523 3577 595 3622 tente
615 3587 647 3619 en
666 3571 793 3633 planches
825 3569 1069 3632 (tabernaculum);
1091 3574 1117 3616 3υ
1130 3575 1158 3617 et
1179 3570 1206 3618 le

195 3639 312 3700 pavillon
335 3638 418 3684 tendu
441 3652 486 3684 sur
509 3637 556 3682 des
578 3635 673 3682 cordes
694 3630 870 3692 (tentorium).
888 3659 919 3668 -
935 3633 1057 3691 Labor,
1075 3631 1207 3693 singulier

196 3716 264 3762 pour
276 3701 300 3746 le
315 3699 418 3761 pluriel.
431 3725 460 3732 —
473 3696 622 3758 Excepit,
637 3695 831 3742 sous-entendu
844 3707 897 3743 eos.
909 3721 938 3730 -
950 3693 1056 3754 Modo,
1068 3692 1174 3742 ablatit.

628 3865 768 3910 ..40-
