2730 4234
448 150 449 153 ‘
474 171 557 228 377.
577 169 712 227 amour
727 171 769 226 ae
785 171 824 226 ia
839 169 955 238 grone

598 265 644 329 (Dc
658 266 746 315 laudis
756 266 866 330 aurore.)

175 391 216 452 40
271 374 534 442 Nisi*multorum
550 383 740 462 praeceptis*
758 383 923 462 multisque
950 383 1079 442 litteris*
1099 383 1171 440 milri
1195 382 1232 442 ab

232 480 437 541 adulescentia
464 480 624 539 suasissem
662 479 737 536 nihil
759 499 824 538 esse
851 480 882 538 in
912 479 976 538 vita
1000 486 1111 558 magno
1139 501 1233 560 opere

231 578 437 657 expetendum
457 577 514 638 nisi
529 577 649 636 laudem
663 585 754 656 atque
767 577 960 636 honestatem
971 579 992 650 *‚
1018 579 1050 635 in
1070 599 1105 636 ca
1128 586 1232 636 autem

231 675 441 754 persequenda
470 673 575 733 omnes
606 673 759 734 cruciatus
786 675 934 754 corporis,
966 675 1068 734 omnia
1095 675 1233 754 pericula

232 773 338 830 mortis
353 780 445 852 atque
467 771 584 830 exsilii*
608 771 695 850 parvi
720 792 785 830 esse
811 771 962 843 ducenda,
989 793 1157 852 numquam
1185 792 1233 829 me

231 890 287 950 pro
303 869 400 928 salute
416 877 517 928 vestra
532 869 563 926 in
580 876 625 927 tot
646 889 681 926 ac
706 875 805 928 tantas
829 868 1063 928 dimicationes*
1085 877 1179 948 atque
1202 870 1234 926 in

232 966 287 1024 hos
303 967 552 1047 profligatorum*
568 965 727 1024 hominum
746 965 942 1046 quotidianos
958 965 1092 1045 impetus
1103 966 1234 1046 objecis-

231 1065 326 1124 sem*.
339 1063 398 1121 Sed
410 1063 491 1142 pleni
502 1069 575 1121 sunt
587 1083 693 1120 omnes
709 1062 789 1135 libri,
803 1062 909 1142 plenae
924 1063 1111 1142 sapientium
1127 1085 1232 1134 voceS,

231 1161 322 1241 plena
344 1161 572 1240 exemplorum*
596 1160 754 1219 vetustas:
781 1180 859 1238 quae
881 1159 1021 1239 jacerent
1043 1161 1074 1217 in
1096 1161 1234 1220 tenebris

232 1258 344 1328 omnia,
368 1257 424 1314 nisi
450 1257 620 1315 litterarum
649 1255 751 1315 lumen
774 1257 963 1314 accederet*.
995 1257 1092 1323 Quam
1118 1258 1235 1317 multas

232 1354 319 1413 nobis
333 1355 480 1431 imagines
494 1374 555 1411 non
571 1353 668 1411 solum
687 1353 724 1411 ad
745 1353 939 1424 intuendum,
958 1375 1062 1414 verum
1086 1355 1234 1414 etiamad

232 1451 411 1511 imitandum
431 1451 668 1508 fortissimorum
680 1450 815 1509 virorum
831 1453 1007 1529 expressas*
1022 1451 1188 1530 scriptores
1205 1460 1235 1511 et

232 1548 341 1608 Graeci
370 1556 400 1607 et
424 1548 523 1606 Latini
546 1546 755 1626 reliquerunt!
773 1568 849 1626 quas
873 1569 929 1623 ego
951 1548 1026 1606 mihi
1054 1543 1177 1628 semper
1203 1549 1234 1607 in

232 1644 472 1704 administranda
487 1665 518 1702 re
535 1643 656 1724 publica
683 1664 858 1722 proponens
883 1645 1018 1702 animum
1042 1653 1074 1704 ct
1097 1655 1233 1704 mentem

232 1764 330 1800 meam
346 1745 411 1822 ipsa
429 1741 615 1820 cogitatione
631 1740 811 1798 hominum*
824 1740 1041 1818 excellentium
1057 1743 1234 1802 conferma-

233 1841 313 1898 bam.
517 1846 519 1850 ’
818 1843 820 1848 '
1144 1841 1147 1847 ’

131 2015 134 2022 ·
201 2014 218 2024 ..
232 1993 314 2054 girant
324 1991 356 2037 de
369 1990 464 2036 chants
476 2004 510 2036 ou
522 1990 555 2036 de
568 1989 672 2050 paroles
685 1989 822 2096 magicprcs
834 1989 859 2036 la
873 1990 990 2037 rotation
1001 1991 1186 2098 proplic'tique
1200 1992 1233 2038 de

232 2057 275 2101 cet
287 2052 414 2114 appareil.
429 2051 464 2098 Le
477 2051 587 2121 rhpmbe
612 2050 677 2121 e‘tait
698 2064 767 2121 cens¹
801 2052 926 2098 mcurtrir
946 2051 997 2114 (sec
1011 2053 1036 2114 a)
1055 2053 1080 2100 la
1090 2053 1160 2100 lune.
1183 2053 1233 2100 Les

207 2165 211 2173 ,
232 2116 376 2187 magiciens
387 2128 414 2160 se
428 2116 567 2187 ventarent
579 2112 611 2158 de
623 2113 688 2158 taire
699 2126 768 2184 ainsi
782 2112 926 2159 descendre
939 2113 964 2160 la
974 2113 1036 2160 lune
1058 2115 1094 2187 du
1111 2115 1170 2188 ciel.
1193 2115 1232 2162 Cl.

206 2271 210 2282 .
232 2173 575 2299 tristantium
587 2173 1234 2299 umacclamantur&a

232 2299 391 2365 profundo
404 2319 434 2340 =
449 2298 476 2345 in
488 2297 588 2345 remoto
601 2295 735 2346 cubiculo.
747 2323 778 2332 —
790 2293 842 2368 Ad
853 2297 963 2348 cubile
975 2313 983 2355 :¹
995 2299 1048 2346 tres
1062 2300 1200 2361 expressis.

262 2407 303 2455 Νο
316 2405 383 2456 377
395 2403 491 2453 :Nisi
505 2403 544 2451 Cf.
554 2404 592 2449 les
601 2404 679 2461 notes
688 2402 735 2448 des
746 2403 867 2452 versions
877 2413 913 2464 ηοξ
922 2408 966 2450 275
977 2406 1004 2450 et
1017 2409 1061 2450 276
1075 2419 1081 2452 :
1095 2405 1233 2452 Difficultc'

232 2470 267 2516 du
277 2469 330 2514 rdle
341 2469 388 2514 des
401 2460 553 2527 optimates,
568 2491 596 2498 -
608 2465 629 2510 Il
639 2464 695 2510 saut
708 2464 841 2511 imitentes
850 2467 947 2526 grands
958 2467 1088 2528 patriotas
1102 2465 1233 2520 dcl'anti-

232 2531 313 2592 quite'.
327 2557 357 2564 -
367 2526 555 2588 Praeceptls,
570 2540 672 2574 comme
687 2527 745 2586 plus
757 2526 805 2575 has
818 2525 978 2588 soluentium
988 2541 1071 2575 voces.
1082 2555 1111 2562 -
1128 2527 1233 2578 Litte-

231 2592 287 2651 ris,
302 2590 402 2652 opposd
411 2591 424 2636 a
433 2588 591 2650 praeceptis,
603 2588 710 2648 designo
719 2587 756 2634 les
765 2589 845 2634 livres
854 2591 879 2635 et
889 2589 927 2635 les
934 2589 1058 2636 lectures.
1067 2617 1098 2624 -
1108 2591 1232 2639 Hones-

231 2655 336 2704 tatem
348 2652 514 2700 :uirtutem
534 2676 562 2685 -
575 2647 703 2698 Exsilii.
720 2649 790 2696 C'est
807 2665 857 2696 nno
875 2653 945 2697 sorte
959 2653 991 2698 de
1005 2652 1231 2712 pressentimcnt:

232 2717 360 2778 quelques
369 2715 443 2774 jours
454 2713 531 2774 apres
544 2713 567 2757 le
583 2711 678 2770 proces
700 2709 847 2768 d'Archias,
868 2711 979 2760 Ciceron
1001 2712 1096 2761 accuse
1109 2729 1157 2774 par
1174 2714 1233 2760 Clo-

232 2779 291 2824 dius
304 2776 404 2823 d'avoir
416 2775 462 2822 tait
473 2773 545 2835 perir
557 2787 618 2820 sans
628 2773 766 2833 jugement
778 2773 816 2820 les
827 2775 970 2834 complices
984 2775 1016 2820 de
1029 2774 1151 2832 Catilina,
1166 2775 1233 2822 etait

231 2839 312 2886 banni
326 2839 358 2884 de
372 2837 455 2884 Rome
468 2840 494 2882 et
503 2835 602 2896 partait
614 2849 645 2880 en
663 2834 722 2881 exil.
738 2861 764 2868 —
779 2833 1015 2885 Dimicationes
1029 2850 1034 2883 :
1048 2837 1113 2883 c'est
1126 2837 1150 2883 la
1163 2837 1232 2884 lutte

232 2900 360 2949 acharnee
373 2900 406 2945 dc
419 2897 529 2944 Ciceron
542 2911 607 2942 avec
620 2895 733 2942 Catilina
743 2899 770 2943 et
783 2911 825 2942 ses
838 2897 1027 2958 complices-
1037 2897 1135 2947 proni
1160 2902 1232 2948 ato-

232 2959 313 3018 rum‚
328 2974 477 3024 synonyme
488 2960 520 3004 de
531 2957 664 3020 perditus,
680 2961 793 3004 souvent
806 2959 929 3020 eniployc'
947 2974 1010 3006 avec
1023 2959 1068 3006 lui.
1094 2985 1119 2994 -·
1165 2960 1234 3022 bje-

232 3024 360 3074 cissem.
373 3022 404 3070 Se
417 3020 534 3082 objicere
549 3035 576 3066 se
591 3019 723 3067 construit
739 3018 898 3066 d'ordinaire
915 3035 980 3067 avec
992 3021 1015 3066 le
1031 3022 1111 3080 datif;
1123 3023 1190 3068 mais
1204 3022 1232 3068 in

232 3089 272 3134 est
282 3086 346 3147 plus
359 3083 491 3144 expressis
502 3082 544 3140 ici,
563 3084 589 3128 ct
606 3079 739 3127 tl’ailleurs
757 3081 781 3128 lc
805 3082 875 3128 datis
897 3081 931 3128 im.
952 3081 1039 3130 ctilrus
1060 3085 1102 3130 est
1123 3083 1231 3130 inusitd.

232 3175 261 3184 ·-
273 3147 504 3207 Exemplorum
518 3158 523 3190 :
538 3144 584 3189 des
601 3143 663 3190 faits
674 3143 720 3203 qui
733 3147 865 3203 prouvcnt
877 3163 887 3184 α
901 3097 970 3190 nidr'l
984 3159 1038 3192 esse
1056 3146 1232 3207 expetendum

233 3209 285 3257 nisi
299 3208 404 3256 laudem
416 3207 497 3268 atquc
508 3205 672 3252 horrestatem
689 3223 709 3251 r.
728 3231 758 3238 —
775 3203 964 3254 Accederet.
986 3205 1025 3252 Cf.
1047 3207 1160 3264 Horace,
1183 3207 1230 3254 Od.

232 3272 278 3331 IV,
290 3275 312 3317 9.
327 3275 371 3329 253
386 3269 431 3327 IV,
446 3272 467 3326 8,
480 3272 517 3313 13.
532 3294 561 3300 -
574 3267 770 3327 Expressae,
784 3281 811 3312 se
825 3267 864 3312 dit
877 3267 909 3313 de
922 3282 952 3314 ce
974 3269 1018 3327 qui
1037 3271 1077 3314 cst
1092 3283 1124 3316 en
1145 3269 1230 3327 reliei,

232 3349 264 3381 en
277 3332 368 3388 saillie,
385 3331 529 3377 fo'rtcment
543 3326 734 3389 exprin1c53par
750 3328 902 3388 opposition
916 3329 930 3374 al
942 3328 1126 3386 adumbratus,
1145 3345 1175 3377 ce
1205 3330 1230 3376 ui

232 3398 272 3442 cst
285 3393 412 3454 csquisse,
427 3406 456 3438 ce
469 3392 513 3452 qui
527 3388 567 3436 n'a
581 3389 675 3450 qu'une
689 3403 846 3449 apparencc.
860 3389 898 3436 Cl.
915 3389 1031 3446 Tacent..
1047 3390 1093 3448 lll,
1106 3395 1119 3437 3
1134 3406 1139 3438 :
1155 3411 1165 3434 a
1185 3393 1231 3438 nst

233 3455 319 3517 qloria
328 3454 413 3502 solida
449 3453 550 3500 uaedam
562 3465 603 3499 res
615 3451 640 3500 et
650 3465 782 3512 cupressu,
798 3464 850 3496 non
862 3451 1022 3498 adumbrata
1035 3472 1055 3500 n.
1073 3452 1112 3500 Cr.
1127 3468 1195 3514 pour
1207 3454 1231 3500 lc

232 3507 376 3565 ¹sentiment
397 3469 520 3572 Sailustc,
540 3513 613 3575 lup,
630 3515 646 3582 4,
669 3526 711 3580 εχ(
736 3511 816 3572 Saepe
842 3527 890 3575 epo
908 3513 1000 3560 audivi
1018 3513 1053 3570 Os
1067 3514 1230 3574 Maeonium,

233 3579 261 3626 P.
275 3577 431 3639 Scipionem,
445 3578 583 3637 praeterea
596 3574 709 3624 ciuitatis
720 3575 824 3624 nostrae
833 3575 979 3636 praeclaros
997 3575 1068 3623 viros
1086 3575 1179 3623 solitos
1196 3576 1230 3624 ita

232 3640 327 3697 dicere,
349 3653 407 3684 cum
427 3637 560 3698 majorum
577 3635 706 3697 imaqincs
726 3634 906 3694 intuerentur,
924 3635 1162 3685 vehementissume
1178 3637 1231 3684 sibi

232 3701 351 3749 animum
363 3699 396 3745 ad
414 3697 540 3750 virtutem
559 3696 698 3744 accendi».
716 3723 745 3730 -
765 3696 946 3750 Hominum,
960 3698 1056 3759 gennis
1071 3700 1102 3746 de
1120 3699 1228 3761 l'objct:

233 3763 355 3823 frequent
365 3775 428 3806 avec
440 3760 476 3804 les
489 3759 649 3805 substantiis
662 3758 790 3804 abstraits
811 3755 952 3820 marquaiit
968 3761 1102 3820 penclrnnt
1114 3775 1149 3808 ou
1158 3776 1232 3808 aver-

232 3821 496 3882 sion,connaissance
510 3834 543 3866 ou
557 3820 708 3880 ignorancc.
995 3822 997 3827 ’
1067 3837 1069 3842 ·

650 3925 807 3976 -380·-
