2698 4234
364 149 446 208 387.
462 150 510 204 Le
525 150 691 206 chretieu
707 152 743 206 et
757 151 796 206 la
813 149 1031 206 souffrauce.

421 252 467 314 (De
481 253 635 302 Christiano
646 255 672 301 et
684 254 716 301 de
727 253 829 302 doloris
835 253 988 317 patientie.)

147 399 189 462 3⁶
243 407 341 474 Quem
368 410 530 489 pulchrum
560 412 788 491 spectaculum*
814 414 891 485 Dec,
921 433 991 471 cum
1018 410 1206 470 christianus

204 533 274 572 cum
289 513 394 574 dolore
409 518 621 594 congreditur!
638 538 708 576 cum
727 519 891 578 adversum
916 519 1014 577 minas
1032 526 1063 575 et
1085 515 1206 595 suppli-

202 610 304 668 ciaet
330 618 483 672 tormenta
507 615 718 694 componitur!
749 636 819 673 cum
841 616 1004 694 strepitum
1035 614 1142 672 mortis
1174 617 1206 669 et

203 705 362 766 horrorem
388 709 539 769 carnificis
565 711 696 770 irridens
724 711 883 770 insultat*l
921 732 991 770 cum
1025 711 1226 769 libertatern·

203 823 290 862 suam
305 805 451 864 adversus
464 827 550 884 reges
574 814 605 866 et
627 808 778 887 principes
798 809 904 886 erigitl
928 807 985 866 soli
1007 808 1084 876 Deo,
1108 805 1202 884 cujus

202 907 259 970 est,
274 902 376 961 cedit!
393 924 462 961 cum
479 905 701 983 triumphator*
720 913 751 964 et
768 905 867 963 victor
881 904 951 984 ipsi,
971 905 1024 984 qui
1038 903 1200 962 adversum

205 1017 237 1054 se
246 999 430 1057 sententiam
440 1000 528 1070 dixit,
541 1001 683 1060 insultatl
698 1001 780 1061 Vicit
791 1002 872 1060 enim
883 1002 936 1081 qui
949 1001 1034 1080 quod
1043 997 1207 1058 contendit

202 1092 350 1153 obtinuit.
364 1095 438 1161 Quis
451 1117 512 1154 non
528 1096 625 1168 miles,
638 1098 695 1156 sub
710 1097 807 1157 oculis
827 1097 1032 1176 imperatoris,
1054 1095 1201 1155 audacius

204 1190 375 1268 periculum
390 1195 558 1272 provocet?
578 1195 675 1252 Nemo
690 1194 773 1252 enim
796 1196 958 1274 praemium
979 1193 1112 1273 percipit
1132 1199 1203 1250 ante

203 1287 463 1365 experimentum
480 1299 510 1348 et
523 1292 690 1369 imperator
706 1300 819 1364 tamen,
838 1291 922 1371 quod
943 1311 1005 1366 non
1026 1289 1120 1348 habet
1142 1308 1203 1345 non

205 1383 272 1454 dat;
288 1405 349 1442 non
365 1393 466 1464 potest
478 1407 646 1466 propagare
659 1388 791 1461 vitam*;
808 1396 910 1467 potest
924 1387 1107 1446 honestare*
1127 1383 1206 1442 mili-

205 1481 292 1539 tiam.
316 1483 358 1540 At
377 1482 457 1540 enim
479 1483 537 1542 Dei
560 1483 647 1542 miles
676 1505 731 1544 nec
755 1485 786 1542 in
808 1484 914 1543 dolore
938 1484 1119 1554 deseritur*‚
1149 1500 1207 1538 nec

204 1584 305 1636 morte
325 1579 456 1638 finitur*.
483 1580 533 1638 Sic
550 1579 734 1640 christianus
758 1582 851 1640 miser
870 1581 968 1639 videri
995 1586 1112 1658 potest;
1141 1597 1205 1635 non

205 1681 308 1753 potest
322 1675 465 1736 inveniri.
482 1677 545 1735 Vos
558 1678 616 1756 ipsi
631 1678 823 1738 calamitosos
839 1679 922 1736 viros
935 1677 1021 1735 sertis
1035 1675 1073 1734 ad
1084 1674 1206 1744 caelum,

205 1771 345 1830 Muci-um
361 1773 540 1845 Scaevolam,
558 1775 621 1855 qui,
638 1795 707 1833 cum
723 1783 853 1833 errasset
864 1777 895 1832 in
910 1761 1033 1851 regem,
1061 1771 1206 1852 periisset

205 1869 239 1925 in
254 1869 402 1940 hostibus
419 1870 475 1927 nisi
490 1870 645 1929 dexteram
661 1871 853 1950 perdidisset.
871 1872 909 1929 Et
932 1879 1008 1950 quot
1030 1889 1067 1928 ex
1093 1867 1209 1925 nostris

206 1985 269 2022 non
281 1965 438 2024 dexteram
450 1967 559 2038 solum,
583 1967 634 2025 sed
649 1975 748 2026 totum
764 1989 876 2047 corpus
900 1967 956 2037 uri,
979 1965 1119 2031 cremari,
1141 1963 1209 2020 sinc

208 2061 278 2135 ullis
289 2063 464 2141 ejulatibus,
480 2064 682 2142 pertulerunt,
700 2085 770 2123 cum
783 2064 898 2123 dimitti
918 2063 1089 2143 pracsertim
1116 2060 1214 2118 habe-

207 2166 276 2239 rent
286 2159 317 2216 in
330 2181 384 2218 sua
396 2163 563 2239 potestate!
581 2161 671 2219 Viros
684 2182 753 2218 cum
769 2161 884 2232 Muci0,
901 2161 948 2218 vel
971 2179 1041 2217 cum
1063 2157 1204 2237 Aquilio,

207 2263 262 2314 aut
275 2255 395 2334 Regulo
410 2277 554 2336 comparo
572 2277 578 2317 :
596 2258 683 2336 pueri
703 2267 733 2315 et
753 2257 940 2322 mulierculae
965 2263 1078 2314 nostrae
1099 2273 1211 2311 cruces

210 2362 241 2411 et
252 2360 414 2426 tormenta,
431 2355 509 2412 feras
522 2364 552 2413 et
567 2375 672 2413 omncs
696 2355 920 2433 suppliciorum
941 2351 1129 2421 terriculas*‚
1147 2350 1214 2407 ins-

211 2451 308 2529 pirata
320 2451 465 2530 patientia
481 2451 605 2523 doloris
622 2451 768 2509 illudunt.

241 2610 282 2659 Νο
294 2609 360 2660 387
374 2625 379 2656 :
394 2608 634 2670 Spectaculum.
649 2608 726 2656 lmite
741 2610 773 2655 de
785 2607 905 2670 Se'n'cquc
917 2608 957 2670 (de
973 2603 1153 2664 Prouidentia,
1166 2605 1193 2666 t)
1208 2620 1215 2653 τ

212 2692 222 2715 u
234 2673 300 2719 Ecce
313 2671 494 2734 spectaculum
511 2670 624 2733 dipnum
644 2671 677 2717 ad
697 2670 769 2732 quod
787 2669 912 2732 respiciat
930 2669 1050 2716 intentus
1070 2666 1145 2729 operi
1162 2681 1216 2713 suo

210 2734 299 2781 Deus:
311 2747 429 2796 eccepur
442 2733 495 2780 Deo
508 2732 629 2795 dipuum,
643 2732 685 2780 vir·
698 2730 776 2791 f'ortis
789 2746 849 2779 cum
870 2731 937 2778 mala
955 2730 1065 2791 fortuna
1081 2727 1219 2789 composi-

211 2798 263 2855 tus,
279 2795 319 2842 uti
341 2810 371 2841 ue
382 2795 405 2842 si
416 2797 441 2842 et
449 2794 604 2858 provocavit
614 2814 633 2842 n.
643 2821 672 2828 -
683 2794 835 2842 Insultat.
850 2793 888 2840 Cl'.
904 2793 1014 2849 Rotrou,
1028 2790 1103 2838 Saint
1116 2789 1219 2836 Genest

211 2859 289 2919 (Acte
303 2810 336 2916 H‘l
355 2872 390 2904 sc.
406 2858 429 2918 6)
445 2872 449 2904 :
464 2857 531 2904 «lai
543 2871 586 2913 vu,
601 2857 659 2913 ciel,
681 2861 709 2902 tu
729 2855 752 2900 le
771 2856 832 2911 sais,
853 2870 901 2915 per
915 2854 939 2900 le
957 2853 1068 2900 nombre
1079 2852 1125 2898 des
1139 2853 1218 2898 umes

209 2920 267 2974 Que
277 2920 354 2980 j‘osai
367 2917 505 2979 t'envoyer
516 2933 564 2978 par
581 2919 627 2964 des
643 2918 763 2964 clicniins
778 2917 810 2963 dc
830 2918 958 2975 flammes,
979 2915 1080 2962 Dessus
1097 2914 1136 2959 les
1148 2913 1218 2970 grils

209 2983 318 3028 ardents
329 2981 461 3027 etdedans
475 2981 512 3025 les
524 2983 660 3036 taureaux,
675 2979 791 3026 Cliunter
805 2980 842 3024 lcs
865 2976 1026 3024 condunuics
1048 2979 1074 3022 et
1085 2973 1219 3021 tremblcr

209 3045 248 3091 les
270 3044 420 3089 bourrcaux
432 3061 452 3088 1.
473 3068 503 3075 -
526 3041 768 3102 Triumphator.
783 3041 820 3087 Cf.
840 3040 960 3108 Sdncquc
978 3038 1019 3099 (de
1035 3035 1153 3095 Provid.‚
1168 3035 1217 3097 2):

210 3120 283 3153 mors
306 3103 366 3150 illos
388 3104 525 3150 consecrat
542 3117 659 3164 quorum
677 3101 778 3148 snitum
795 3103 820 3148 et
838 3101 886 3162 qui
906 3101 999 3146 timent
1021 3097 1131 3146 laudant
1144 3116 1165 3144 ».
1185 3123 1219 3131 —

209 3167 331 3220 Vitam.
342 3166 380 3214 Cf.
395 3164 539 3227 Polyeuctc
553 3166 630 3225 (Acte
644 3164 689 3220 lv,
703 3180 738 3210 sc.
754 3165 776 3224 3)
789 3178 794 3209 :
810 3182 820 3204 «
831 3162 858 3208 Si
868 3163 968 3208 rnourir·
980 3175 1048 3222 pour
1060 3173 1108 3206 son
1121 3159 1218 3219 princc

209 3234 296 3277 estun
310 3228 412 3274 illustre
427 3230 491 3283 sort,
506 3226 599 3280 Quand
611 3241 644 3272 on
667 3229 753 3272 nicurt
772 3239 840 3285 pour
860 3238 907 3270 son
926 3223 995 3268 Dieu
1014 3221 1101 3281 quelle
1114 3234 1174 3266 sera
1188 3219 1219 3267 la

111 3321 116 3328 =
208 3293 295 3340 mort!
311 3310 331 3337 1.
348 3316 377 3324 -
398 3289 581 3337 Honestam
596 3303 600 3335 :
615 3288 727 3334 allusion
743 3301 793 3332 aux
812 3285 998 3345 recompenses
1011 3288 1037 3330 ct
1047 3297 1098 3328 nux
1113 3281 1217 3342 conges

207 3355 257 3400 des
274 3352 384 3399 soldats.
402 3376 432 3384 -·
447 3350 625 3398 Deseritur.
645 3349 684 3396 Cf.
707 3348 850 3408 Potycucte
871 3348 939 3406 (acte
959 3345 991 3402 11,
1011 3359 1046 3391 sc.
1066 3342 1217 3402 7):«1)ieu

209 3416 258 3461 snit
274 3417 342 3475 part,
357 3427 389 3458 au
402 3411 505 3467 besoin,
519 3413 551 3457 de
565 3425 593 3456 su
605 3412 674 3457 soree
687 3410 776 3456 inlinis
789 3431 809 3455 ».
823 3435 852 3442 -
862 3407 999 3456 Finitur.
1014 3405 1053 3452 Cl.
1067 3403 1217 3466 Polycuctc

156 3517 158 3522 .
210 3476 278 3536 (acte
292 3475 324 3530 ll,
338 3489 374 3520 sc.
391 3474 430 3534 6):
446 3493 456 3514 α
469 3473 536 3519 Mais
549 3473 614 3519 dans
625 3472 648 3518 le
661 3471 711 3518 ciel
722 3471 788 3530 dcjt.
801 3471 825 3516 la
837 3471 923 3530 paline
936 3473 977 3516 est
989 3466 1132 3528 prepare'el
1146 3484 1168 3512 u.
1183 3491 1218 3501 -

208 3535 410 3585 Terriculas.
425 3534 463 3581 Cf.
478 3533 598 3595 Suntque
614 3533 637 3594 (d
651 3531 735 3579 Lucil.
755 3533 801 3588 211,
827 3531 865 3578 Cl'.
885 3531 987 3577 Rotrou
1005 3527 1090 3591 (Suint
1105 3527 1216 3585 Genesi,

210 3602 269 3644 acte
290 3597 323 3651 11,
347 3596 368 3656 5)
392 3609 397 3640 :
420 3595 489 3640 «lai
506 3609 541 3640 vu
561 3595 653 3641 tendre
670 3608 721 3639 aux
739 3593 843 3639 cnlants
860 3607 911 3638 une
929 3605 1008 3653 gorge
1026 3588 1132 3636 assurte
1152 3588 1218 3636 Ala

208 3658 349 3718 sanglante
364 3660 434 3702 mort
452 3655 528 3714 qu'ils
545 3655 671 3715 voyaient
690 3653 826 3714 prcparee,
845 3654 878 3701 Et
899 3654 1004 3700 tomber
1023 3665 1085 3698 sous
1099 3651 1124 3696 le
1142 3663 1217 3710 coup

209 3719 273 3765 d'un
293 3717 382 3776 trepas
401 3717 519 3776 glorieux
541 3715 590 3762 Ces
604 3715 681 3760 fruits
698 3715 713 3760 11
733 3715 810 3775 peine
831 3715 902 3761 eclos
921 3714 980 3776 deju
995 3715 1067 3760 murs
1084 3725 1153 3774 pour
1173 3711 1217 3758 les

208 3793 289 3826 creux
301 3796 321 3824 1.

632 3871 738 3920 -390
776 3901 794 3910 -
