2658 4244
487 160 544 217 57.
566 159 733 216 Pertrait
748 161 792 215 de
805 157 960 215 Marius

572 263 682 326 (Marius
699 263 876 326 depingitur.)

167 373 207 437 2⁹
262 387 297 447 C.
332 387 432 462 Mario
470 387 548 446 forte
577 387 674 446 Uticae
702 409 757 467 per
786 387 922 446 hostias*
959 388 1014 446 Dis
1037 387 1228 467 supplicanti

221 504 330 562 magna
359 493 450 563 atque
487 484 678 542 admirabilia
707 484 851 563 portendi
884 484 1037 563 haruspex
1068 484 1189 543 dixerat
1219 503 1226 544 :

220 581 350 658 proinde
362 603 429 660 quae
441 583 543 639 animo
555 581 720 660 agitabat*,
736 582 834 639 frctus
846 580 916 653 diis,
934 589 1052 659 ageret3
1069 582 1227 639 fortunam
1314 591 1315 670 J

221 698 311 756 quam
332 679 499 757 saepissime
523 680 729 758 experiretur;
758 687 868 736 cuncta
894 699 1038 757 prospere
1064 687 1226 736 eventura.

220 777 262 832 At
283 774 368 831 illum
382 777 445 854 jam
466 783 556 833 antea
580 775 759 834 consulatus
779 776 885 852 ingens
905 775 1018 854 cupido
1037 775 1226 851 exagitabat,

219 870 257 928 ad
287 893 376 950 quem
406 872 604 951 capiundum,
631 882 743 951 praeter
772 879 957 930 vetustatem
986 870 1141 942 familiae*,
1167 872 1228 930 alia

220 969 323 1027 omnia
344 968 465 1027 abunde
487 979 584 1036 erant,
603 970 753 1028 industria
764 971 784 1038 *,
810 969 958 1048 probitas,
976 967 1093 1026 militiae
1115 990 1228 1046 magna

219 1065 357 1136 scientia,
376 1067 495 1124 animus
510 1066 603 1124 belli*
618 1067 737 1143 ingenS,
752 1066 835 1124 domi
851 1065 1009 1138 modicuS,
1027 1064 1174 1124 lubidinis
1197 1073 1229 1123 et

219 1161 397 1221 divitiarum
414 1164 523 1230 victor,
540 1163 754 1221 tantummodo
767 1163 872 1240 gloriae
885 1162 1005 1221 avidus
1022 1162 1081 1220 Sed
1096 1163 1121 1219 is
1134 1169 1228 1220 natus
1314 1161 1315 1228 l

219 1264 250 1316 et
269 1279 390 1316 omnem
403 1261 567 1339 pueritiam
583 1261 713 1338 Arpini*
734 1261 823 1331 altus,
842 1260 893 1318 ubi
909 1260 1042 1338 primum
1058 1267 1131 1317 aetas
1145 1260 1227 1318 mili·
1314 1247 1315 1292 ³

218 1355 270 1413 tiae
281 1357 400 1434 patiens
416 1357 484 1426 luit,
502 1358 665 1435 stipendiis
679 1357 842 1427 faciundis,
862 1377 923 1414 non
947 1376 1044 1432 graeca
1061 1356 1227 1414 facundia*
1314 1334 1315 1402 l

219 1473 318 1531 neque
332 1453 455 1510 urbanis
471 1453 631 1511 munditiis
645 1474 709 1512 sese
724 1453 870 1510 exercuit.
885 1454 931 1510 lta
945 1453 1026 1510 inter
1039 1462 1117 1511 artes
1128 1451 1228 1511 bonas

218 1549 392 1625 integrum*
407 1550 564 1626 ingenium
578 1550 664 1607 brevi
680 1549 823 1608 adolevit.
839 1550 919 1627 Ergo
934 1549 985 1607 ubi
999 1549 1132 1628 primum
1144 1549 1227 1607 mili·
1314 1533 1315 1536 Ἴ

217 1653 313 1703 tarem
333 1647 545 1704 tribunatum*
566 1667 582 1704 a
602 1646 718 1726 populo
737 1647 824 1724 petit,
847 1647 1002 1725 plerisque
1021 1647 1130 1704 taciem
1156 1647 1225 1725 ejus
1314 1641 1315 1712 i

219 1743 461 1818 ignorantibus*,
484 1743 573 1801 facile
589 1745 710 1814 notus*,
729 1764 783 1822 per
798 1764 904 1800 omnes
920 1743 1017 1800 tribus
1038 1742 1222 1803 declaratur.
1314 1733 1315 1818 ]

220 1839 337 1896 Deinde
356 1840 394 1896 ab
417 1839 468 1897 illo
489 1841 670 1917 magistratu
686 1840 779 1898 alium
804 1849 874 1918 post
891 1840 984 1898 alium
1008 1839 1065 1896 sibi
1081 1841 1223 1919 peperit;

217 1956 398 2014 semperque
414 1936 444 1993 in
458 1937 683 2015 potestatibus*
696 1957 731 1994 eo
747 1936 839 1994 modo
853 1934 998 2012 agitabat,
1015 1937 1058 1993 uti
1074 1936 1225 2014 ampliore
1314 1925 1315 1986 Ῑ

218 2052 309 2110 quam
325 2033 450 2109 gerebat
465 2033 576 2110 dignus
595 2033 769 2092 haberetur.
787 2033 901 2090 Tamen
918 2033 942 2089 is
958 2032 995 2089 ad
1018 2032 1048 2090 id
1064 2033 1224 2090 locorum*

217 2128 286 2186 talis
299 2129 350 2185 =vir
365 2129 447 2207 (nam
463 2138 569 2208 postea
585 2131 753 2188 ambitione
770 2150 905 2208 praeceps
920 2129 1009 2186 datus
1023 2129 1092 2208 est),
1110 2150 1223 2188 consu·
1314 2115 1315 2136 l

217 2225 312 2283 latum
336 2233 438 2303 petere
461 2247 523 2284 non
543 2227 685 2284 audebat.
713 2219 901 2284 Etiam'tum
931 2227 1006 2283 alios
1026 2227 1224 2302 magistratus

217 2321 303 2402 plebs
313 2323 334 2391 *,
345 2323 539 2381 consulatum
552 2323 696 2381 nobilitas
712 2325 792 2380 inter
808 2344 839 2380 se
855 2344 909 2402 per
924 2343 1033 2380 manus
1049 2323 1201 2382 tradebat.

249 2454 289 2503 N⁰
312 2454 356 2503 57
379 2467 386 2498 .·
410 2455 474 2502 Per
493 2453 628 2503 hostias.
656 2455 756 2502 hierius
778 2456 878 2502 menait
902 2470 967 2502 avec
991 2455 1038 2515 lui,
1071 2457 1138 2503 dans
1168 2472 1222 2505 une

216 2515 314 2571 litiere,
330 2531 381 2562 une
393 2515 567 2576 prophetasse
583 2517 715 2577 syrienne.
731 2517 807 2563 Deux
822 2520 951 2564 vautours
971 2517 995 2563 le
1016 2517 1150 2565 suivaient
1167 2519 1181 2565 a
1198 2519 1223 2566 la

218 2591 320 2634 guerre.
337 2578 375 2624 Cf.
392 2577 542 2638 Plutarque,
554 2578 664 2635 Marius,
675 2582 696 2635 8,
709 2582 730 2636 6,
745 2582 782 2626 18.
795 2605 825 2613 -
836 2577 998 2648 Agitabat
1012 2594 1017 2626 :
1032 2579 1098 2625 dans
1110 2579 1134 2626 le
1150 2581 1224 2640 style
1314 2639 1315 2642 Ἴ

217 2639 332 2685 indirect
351 2638 369 2684 il
382 2639 497 2684 faudrait
519 2638 648 2701 agitaret3
667 2640 733 2686 mais
751 2640 893 2687 l'indicatii
907 2638 1042 2700 s'emploie
1054 2641 1223 2701 quelquel'ois

218 2715 454 2760 pourmarquerun
467 2701 515 2748 fait
527 2701 622 2762 positis
632 2704 659 2748 et
672 2701 733 2748 recl.
742 2728 771 2734 -
780 2700 937 2750 Familiae.
947 2701 994 2750 Sus
1003 2706 1111 2762 parents
1120 2703 1226 2750 etaient

218 2763 250 2809 de
267 2777 380 2822 pauvres
396 2762 518 2810 artisans.
534 2789 562 2796 -
581 2762 751 2812 Industria
775 2778 780 2809 :
804 2765 868 2810 c'est
883 2763 1022 2822 l'aptitude
1047 2764 1061 2808 a
1086 2765 1151 2810 faire
1169 2779 1222 2811 unc

218 2824 298 2870 chose
311 2827 338 2870 et
360 2823 383 2869 le
396 2823 450 2869 zele
472 2838 522 2884 que
535 2824 587 2871 l'on
611 2839 629 2886 y
642 2828 704 2871 met.
725 2852 755 2858 -
767 2824 852 2873 Belli
874 2844 905 2866 =
925 2823 1038 2871 militiae.
1053 2850 1079 2858 -
1091 2824 1220 2886 Arpini,

218 2885 322 2945 depend
355 2886 387 2930 de
413 2886 490 2931 natus
519 2888 546 2932 et
579 2885 611 2932 de
633 2885 704 2932 attus
734 2886 873 2947 (participe
906 2887 938 2932 de
980 2885 1041 2946 alo).
1077 2888 1221 2947 Arpinum,

217 2947 303 3008 patrie
325 2947 357 2993 de
374 2946 474 2993 Marius
494 2948 520 2993 et
538 2947 570 2993 de
583 2947 703 3004 Cice'ron,
723 2952 764 2994 est
777 2948 843 2994 dans
855 2949 878 2994 le
910 2962 958 3009 ays
970 2949 1016 2994 des
1029 2947 1172 3009 Volsques.
1191 2977 1224 2984 -

218 3007 398 3058 Facundia.
417 3008 519 3068 Depuis
536 3009 560 3054 le
575 3014 805 3056 commencement
822 3010 857 3055 du
872 2963 908 3056 li3
924 3009 1012 3066 siecle,
1032 3007 1221 3058 l'aristocratie

218 3069 332 3116 etudiait
357 3070 395 3116 les
422 3069 515 3116 lettres
540 3085 676 3131 grecques.
705 3070 805 3116 Marius
831 3085 858 3117 se
874 3071 977 3118 vantait
994 3071 1027 3116 de
1049 3069 1087 3117 les
1112 3071 1222 3132 ignorer

218 3131 374 3193 (Iugurtha,
389 3132 436 3192 85).
451 3158 480 3166 —
492 3131 660 3192 Integrum
678 3151 708 3173 z
726 3131 922 3194 incorruptum.
941 3159 970 3166 —
990 3131 1220 3182 Tribunatum.

218 3193 319 3254 Depuis
334 3197 431 3241 362av.
446 3193 525 3250 J.-C.,
543 3208 588 3240 sur
608 3193 646 3239 les
662 3195 689 3238 al
711 3193 816 3240 tribuns
834 3193 982 3250 militaires,
1002 3198 1030 3238 16
1048 3194 1149 3240 c'taient
1162 3195 1223 3242 elus
1314 3227 1315 3260 ,

217 3255 284 3302 dans
296 3255 335 3301 les
348 3255 462 3301 comices
475 3269 522 3316 par
536 3255 631 3312 tribus,
645 3255 707 3301 les8
721 3259 811 3302 autres
825 3255 924 3302 etaient
935 3255 1068 3301 laissesau
1082 3257 1160 3302 choix
1171 3257 1220 3303 des
1314 3293 1315 3300 ,

218 3316 358 3376 ge'nc'raux.
385 3342 412 3350 —
433 3315 665 3377 ignorantibus
689 3331 694 3363 :
720 3331 798 3377 parce
823 3317 886 3377 qu'il
908 3317 980 3364 avait
1002 3317 1068 3362 vdcu
1092 3318 1158 3364 dans
1181 3318 1224 3365 les
1314 3309 1315 3328 ¹

217 3392 316 3438 camps.
340 3404 367 3412 —
381 3377 486 3427 Notus
506 3377 605 3427 facile
620 3398 650 3419 =
670 3393 730 3424 cum
749 3377 770 3425 is
789 3379 856 3425 esset
872 3393 951 3440 quem
973 3377 1053 3438 facile
1070 3382 1219 3426 noscerent.
1314 3421 1315 3424 ,

217 3466 247 3474 -
257 3439 492 3497 Potestatihus,
504 3439 543 3486 les
556 3440 690 3487 fonctions
701 3440 802 3498 civiles,
815 3455 862 3501 par
874 3440 1029 3501 opposition
1044 3439 1220 3510 dimperia,
1314 3475 1315 3478 =

217 3502 256 3548 les
273 3502 519 3548 commandements
535 3502 681 3548 militaires.
695 3528 725 3535 -
739 3502 789 3550 Ad
806 3500 840 3550 id
857 3502 1001 3550 locorum
1020 3521 1050 3543 z
1068 3502 1101 3548 ad
1114 3502 1140 3548 td
1155 3505 1221 3549 tent·
1314 3517 1315 3548 i

214 3563 446 3625 poris:ditl'c'rent
459 3565 491 3610 de
507 3563 540 3609 ad
557 3563 583 3609 id
598 3562 650 3609 toci
660 3564 705 3624 qui
719 3578 827 3623 marque
846 3563 870 3610 le
887 3563 948 3610 lieu.
976 3563 1128 3622 -Plehs,
1146 3578 1222 3611 sous·
1314 3559 1315 3583 ¹

218 3626 346 3672 entendez
367 3625 400 3671 ici
425 3640 459 3671 un
484 3624 565 3671 verbe
588 3639 691 3670 comme
709 3624 832 3681 habebat,
849 3625 915 3671 dont
936 3623 1013 3670 l'idee
1030 3627 1071 3670 est
1086 3628 1221 3673 contenue
1314 3657 1315 3666 ,

218 3687 284 3732 dans
303 3685 432 3740 tradebat,
450 3687 494 3747 qui
510 3686 636 3732 convient
656 3686 803 3732 seulement
823 3701 855 3732 au
878 3686 1009 3732 consulat.
1026 3685 1121 3747 Duruy
1140 3687 1220 3746 (Hist.

217 3762 294 3805 rom,
322 3747 353 3804 ll,
376 3750 428 3808 773)
450 3749 512 3808 Jugc
537 3747 706 3794 se'veremcnt
730 3747 840 3805 Marius,
855 3751 881 3795 et
903 3747 928 3794 le
946 3750 1053 3808 compte
1074 3749 1159 3809 parmi
1181 3749 1220 3796 les

217 3808 364 3856 ambitieux
387 3809 539 3870 incapables
563 3809 596 3854 de
614 3809 726 3870 grandes
743 3809 846 3856 choses.
