2658 4244
437 163 517 220 135.
537 161 720 230 Adoption
734 161 951 218 d’Aure'lien.

517 265 692 329 (Aurelianus
705 265 868 328 adoptatur.)
887 271 889 275 '

138 424 179 486 3Θ
233 425 404 504 Imperator
416 425 598 484 Valerianus
608 426 629 496 *,
646 433 797 504 praesente
812 425 958 492 exercitu,
971 425 1048 484 dixit
1065 443 1072 484 :
1087 447 1103 479 u
1116 422 1196 483 Gra-

193 523 252 581 tias
267 522 323 580 tibi
339 523 412 599 agit,
429 523 603 593 Aureliane,
616 523 798 601 respublica,
816 521 898 601 quod
912 543 977 580 eam
1001 521 1195 582 Gothorum*

193 626 346 700 potestate
362 619 508 679 liberasti.
527 619 727 678 Abundamus
741 641 796 698 per
813 627 842 678 te
865 619 979 698 praeda.
1002 618 1194 678 abundamus

149 707 151 714 ’
177 716 302 796 gloria,
332 723 362 774 et
385 716 422 774 iis
446 716 589 774 omnibus
615 716 726 795 quibus
756 716 893 775 Romana
917 716 1046 774 felicitas
1072 715 1193 774 crescit.

193 813 277 892 Cape
293 813 388 890 igitur
408 813 465 872 tibi
487 834 542 892 pro
562 813 653 870 rebus
680 813 773 890 gestis
798 813 859 871 tuis
885 833 1014 872 coronas
1041 811 1196 870 murales*

193 917 336 989 quatuor,
349 909 637 968 eoronasvallares*
647 909 794 989 quinque,
809 931 937 968 coronas
954 909 1193 980 navales*duas,

194 1007 284 1088 pallia
300 1008 528 1087 proconsularia
544 1006 616 1076 duo,
641 1015 743 1083 togam
762 1015 953 1085 praetextam,
971 1007 1109 1064 tunicam¹
1129 1005 1197 1084 pal-

193 1113 318 1174 matam,
333 1112 435 1182 togam
455 1104 580 1184 pictam,
598 1103 703 1161 sellam
725 1103 912 1163 eboratam*.
935 1105 1012 1161 Nam
1032 1111 1061 1161 te
1086 1123 1197 1160 consu-

194 1201 251 1259 lem
268 1201 360 1259 hodie
373 1201 510 1278 design0,
528 1201 700 1279 scripturus
719 1200 756 1258 ad
776 1209 914 1258 senatum
938 1209 972 1258 ut
991 1200 1045 1258 tibi
1066 1200 1196 1278 deputet

192 1298 372 1376 scipionem,
389 1297 517 1377 deputet
529 1298 620 1356 etiam
635 1298 731 1356 fasces
753 1322 779 1356 n.
806 1297 990 1356 Aurelianus
1013 1296 1195 1375 respondit:

194 1419 209 1449 u
236 1395 274 1452 Et
295 1415 362 1472 eg0‚
393 1394 567 1464 Valeriane,
590 1394 661 1452 ideo
682 1401 792 1452 cuncta
824 1393 894 1468 feci,
917 1402 951 1452 ut
973 1394 1047 1451 mihi
1081 1393 1198 1470 gratias

192 1499 298 1568 ageret
320 1512 368 1549 res
385 1490 510 1569 publica
527 1499 557 1550 et
570 1491 779 1550 conscientia*
796 1511 874 1550 mea.
892 1495 934 1550 At
947 1500 979 1550 tu
996 1491 1064 1570 plus
1084 1491 1195 1549 fecisti.

192 1592 259 1666 Ago
275 1609 347 1665 ergo
360 1589 472 1664 gratias
486 1587 615 1646 bonitati
632 1594 702 1646 tuae
718 1595 749 1646 et
764 1588 882 1668 accipio
896 1589 1089 1646 consulatum
1104 1608 1197 1668 quem

192 1686 287 1746 das.»
314 1685 484 1760 Agentibus
501 1685 596 1761 igitur
617 1685 730 1762 gratias
746 1685 890 1743 omnibus
912 1684 1195 1754 circumstantibus

194 1782 304 1861 Ulpius
318 1781 486 1840 consularis
506 1782 648 1850 surrexit,
673 1789 765 1861 atque
790 1781 847 1840 hac
870 1782 1010 1840 oratione
1036 1802 1107 1839 usus
1121 1791 1195 1841 est:

193 1899 208 1929 «
225 1875 315 1953 Apud
331 1875 462 1953 majores
478 1883 610 1944 nostros,
625 1873 786 1932 Valeriane
800 1877 949 1951 Auguste,
966 1873 1048 1954 quod
1065 1874 1194 1931 etfami-

192 1973 240 2030 liae
253 1992 329 2029 meae
344 1972 474 2029 amicum
490 1991 525 2028 ac
538 1971 696 2049 proprium
717 1970 786 2042 fuit,
813 1971 850 2030 ab
874 1971 999 2050 optimis
1018 1970 1194 2050 quibusque

191 2080 223 2138 in
234 2069 366 2126 filiorum
382 2067 484 2126 locum
498 2068 655 2126 fortissimi
671 2067 731 2125 viri
746 2087 867 2145 semper
891 2067 979 2125 electi
1001 2075 1081 2137 sunt,
1100 2073 1135 2125 ut
1147 2067 1197 2125 vel

181 2171 385 2225 'senescentes
402 2164 541 2236 familias
571 2164 618 2221 vel
643 2164 723 2222 fetus
748 2164 954 2222 matrimoniis
964 2165 1028 2243 jam
1049 2163 1194 2236 caducos

182 2264 366 2321 ‘substitutae
398 2260 569 2318 fecunditas
604 2260 699 2340 prolis
733 2271 868 2319 ornaret.
910 2262 977 2318 Hoc
1008 2281 1081 2337 ergo
1111 2260 1195 2339 quod

192 2360 340 2418 Cocceius
356 2359 455 2417 Nerva
468 2359 500 2415 in
522 2357 653 2436 Trajano
673 2356 861 2436 adoptand0,
884 2358 967 2428 quod
991 2357 1099 2437 Ulpius
1121 2358 1197 2416 Tra-

187 2457 280 2535 janus
292 2457 322 2513 in
341 2455 507 2526 Hadrian0,
527 2454 610 2533 quod
633 2453 807 2512 Hadrianus
827 2454 858 2511 in
879 2454 1050 2524 Antonin0,
1074 2455 1137 2534 jam
1163 2455 1194 2512 in

192 2552 369 2630 adrogando
382 2551 548 2609 Aureliano
558 2551 632 2630 jube
647 2559 680 2608 ut
696 2551 760 2628 lege
774 2559 892 2628 agatur.
910 2554 996 2610 Actae
1012 2559 1085 2610 sunt
1102 2551 1195 2631 Ulpio

192 2651 308 2730 gratiae,
329 2658 359 2708 et
374 2649 529 2729 adoptio*,
550 2656 583 2706 ut
601 2647 729 2721 solebat,
746 2648 882 2727 impleta.

221 2809 262 2858 Νο
277 2809 340 2858 135
355 2806 582 2863 :Valerianus,
604 2806 673 2866 legat
693 2807 740 2853 des
761 2805 868 2866 Gaules,
888 2807 927 2854 lut
938 2807 1043 2853 nomme
1056 2821 1198 2867 empereur

190 2886 223 2919 en
242 2875 294 2918 253.
309 2898 340 2904 —
358 2869 544 2919 Gothorum.
569 2869 618 2914 Les
643 2867 804 2927 Ostrogoths
825 2871 852 2914 ct
866 2869 904 2915 les
928 2867 1066 2928 Visigotlis
1088 2869 1195 2916 avaient

190 2933 294 2980 franchi
305 2933 330 2978 le
343 2931 456 2978 Danube
469 2945 534 2976 avec
547 2931 604 2975 leur
617 2931 654 2976 roi
670 2930 752 2976 Cniva
767 2929 839 2991 249).
862 2929 987 2976 Aurelien
1005 2931 1043 2976 les
1056 2944 1195 2992 repoussa.

191 3021 219 3030 —
234 2994 390 3043 Murales.
407 2992 474 3038 Voir
494 2992 606 3038 muralis
625 3007 658 3038 au
681 2992 795 3052 lenique.
811 3019 841 3026 -
857 2991 1013 3040 vallares
1033 3006 1038 3038 :
1058 3005 1196 3039 couronne

189 3056 249 3103 d’or
267 3055 346 3102 ornle
367 3055 399 3100 de
415 3053 572 3113 palissudcs,
593 3053 696 3098 (tonnee
709 3068 741 3099 au
760 3054 848 3100 solclat
861 3055 906 3114 qui
927 3053 1001 3099 avait
1029 3053 1052 3099 le
1080 3054 1198 3114 premier

191 3118 294 3166 franchi
312 3118 350 3163 les
370 3116 598 3162 retranchcincnts
617 3116 788 3161 canoniis-
802 3114 952 3164 Navales
969 3129 1124 3161 :couronne
1139 3114 1198 3163 d'or

189 3181 285 3227 offerte
299 3179 312 3224 a
326 3177 436 3224 l'aniirul
457 3178 502 3236 qui
520 3177 592 3223 avait
612 3176 712 3223 (letruit
732 3192 782 3223 unc
796 3177 870 3223 llotte
887 3177 1015 3223 cnnemie.
1029 3203 1057 3212 -
1070 3177 1198 3227 Ebora-

191 3243 260 3291 tam
275 3254 336 3287 :ces
348 3242 441 3300 quatre
460 3239 578 3284 derniers
599 3239 716 3296 insignes
736 3238 876 3298 designent
893 3239 916 3284 le
929 3238 1059 3286 consulat.
1076 3238 1141 3285 Voir
1162 3253 1197 3286 au

188 3303 305 3363 lenique.
326 3328 356 3336 —
369 3298 585 3350 Conscientia.
604 3299 623 3344 ll
637 3304 677 3345 est
697 3300 837 3346 consolant
852 3297 1006 3346 d'entendre
1028 3314 1072 3347 ces
1089 3300 1197 3360 paroles

190 3365 258 3412 dans
279 3364 303 3410 la
321 3363 425 3409 bouche
448 3360 509 3407 d'un
529 3362 617 3408 soldut
637 3362 669 3406 de
690 3361 796 3406 fortune
812 3365 839 3407 et
858 3377 891 3408 au
905 3362 994 3407 milicu
1007 3361 1039 3406 dc
1052 3362 1197 3411 l'anarchie

189 3426 316 3472 militaire
337 3425 362 3471 la
380 3425 441 3485 plus
461 3423 617 3469 1·edou·able
630 3421 709 3482 qu'on
723 3423 760 3468 ait
776 3423 873 3482 janiais
890 3438 949 3469 vuc.
972 3422 1108 3482 Aurelien,
1129 3423 1197 3472 etait

191 3486 343 3535 surnomme
358 3499 451 3532 munus
465 3485 497 3531 ad
506 3483 620 3544 ferrum.
636 3511 662 3518 -
677 3483 818 3545 Adoptio
832 3500 837 3532 :
851 3484 918 3530 Voir
929 3499 963 3531 au
976 3485 1081 3546 lenique
1095 3484 1197 3547 adop-

191 3551 292 3599 tatus.
315 3548 354 3595 Cf.
371 3547 471 3605 Bonan,
491 3547 538 3592 Les
555 3547 676 3608 itpdtres,
688 3549 739 3591 >305
761 3561 766 3592 ε
789 3565 799 3586 κ
816 3547 937 3606 Auguste
954 3546 1027 3592 avait
1046 3547 1161 3606 manque
1182 3547 1198 3594 d

192 3615 253 3658 tous
266 3611 303 3657 les
312 3610 419 3655 devoirs
428 3610 463 3654 du
472 3609 528 3656 vrai
538 3609 667 3669 polilique
679 3621 711 3652 en
724 3607 836 3654 laissant
849 3607 958 3654 l'avenir
966 3622 999 3653 au
1010 3607 1116 3655 hasard.
1129 3606 1197 3654 Sans

192 3671 312 3720 heredita
324 3671 461 3730 regulierc,
474 3685 535 3716 sans
545 3671 627 3730 rthes
644 3669 709 3715 fixes
727 3667 891 3728 d’adoption,
910 3683 972 3716 sans
988 3669 1024 3715 loi
1044 3667 1196 3728 d'e'lection,

192 3749 254 3782 sans
274 3734 373 3780 limites
395 3731 665 3790 constitutionncllcs,
680 3731 703 3776 le
717 3731 859 3777 clsarisme
877 3731 942 3777 etait
954 3744 1057 3778 comme
1069 3745 1105 3778 un
1117 3732 1197 3792 poids

187 3796 305 3843 colossal
319 3809 364 3842 sur
376 3795 399 3840 lc
410 3797 477 3855 pont
492 3792 553 3839 d'un
565 3793 654 3840 navire
666 3807 729 3839 sans
740 3793 791 3839 lest
804 3812 824 3841 n.

613 3926 768 3976 -136-
