2658 4244
456 163 537 219 121.
557 164 614 220 Un
628 162 824 220 intendant
839 162 1020 233 imperial.

371 265 589 327 (Procuratoris*
606 267 776 330 reipriuatae
786 269 879 330 partes
892 267 1105 330 deseribuntur.)

183 422 223 486 2⁰
277 421 407 502 Jamque
422 424 504 503 piam
518 425 571 483 iux
586 425 645 483 alta
661 425 787 483 domum
804 426 1011 506 praecelsaque
1023 427 1035 449 *
1047 433 1114 484 toto

278 519 409 579 Intravit
419 521 552 579 Fortuna
567 523 679 599 gradu3
690 523 755 600 jam
766 523 904 581 creditur
918 523 970 581 uni
1044 575 1046 578 .

278 615 482 676 Sanctarum*
498 618 635 695 digestus
651 640 745 698 opum
762 628 920 699 partaeque
931 640 987 699 per
1002 640 1109 678 omnes

279 713 403 772 Divitiae
414 715 545 794 populos
561 716 725 794 magnique
736 716 892 795 impendia
903 717 1010 774 mundi
1018 718 1039 774 *.

277 809 435 889 Quidquid
451 811 490 870 ab
505 812 647 870 auriferis
663 813 776 892 ejactat
793 813 918 871 Hiberia
935 813 1055 885 sossis*‚

278 906 471 967 Dalmatico*
488 909 570 988 quod
586 918 691 967 monte
706 911 795 979 nitet,
813 910 896 990 quod
912 910 1063 968 messibus
1076 909 1161 968 Afris

277 1003 429 1077 Verritum
447 1005 574 1064 aestiferi
587 1006 738 1086 quidquid
754 1007 843 1065 terit*
865 1028 935 1066 area
946 1007 1019 1079 Nili,

276 1100 427 1182 Quodque
438 1101 531 1178 legit*
546 1123 664 1160 mersus
678 1103 777 1182 pelagi
793 1112 950 1162 scrutator
964 1104 1031 1176 Eoi,

279 1198 316 1255 Et
329 1199 555 1261 Lacedaemonii
571 1201 713 1278 pecuaria
730 1200 812 1259 culta
827 1198 930 1260 Galesi
938 1203 957 1270 *‚

278 1293 512 1374 Perspicuaeque
527 1296 634 1354 nives*
650 1297 866 1377 Massylaque*
880 1298 992 1357 robora
1009 1307 1039 1356 et
1055 1297 1123 1355 indi

278 1393 385 1450 Dentis
401 1393 498 1450 honos
519 1412 525 1452 ε
543 1393 597 1451 uni
612 1402 722 1472 parent
735 1395 899 1452 commissa
915 1395 1069 1466 ministro,

276 1488 350 1555 Quae
364 1489 477 1548 Boreas
494 1511 624 1570 quaeque
641 1491 740 1548 Eurus
759 1498 857 1560 atrox,
875 1512 944 1569 quae
961 1491 1084 1549 nubilus
1098 1493 1214 1549 Auster

277 1585 399 1644 invehit
414 1605 419 1645 :
438 1587 579 1645 hibernas
601 1587 693 1644 citius
707 1588 917 1645 numeraveris
932 1588 1045 1646 imbres

276 1682 488 1762 Silvarumque
504 1705 617 1742 comas,
638 1683 719 1760 Vigii
737 1685 792 1742 iste
804 1685 959 1762 animique
978 1685 1094 1762 sagacis

276 1781 330 1838 AEs
342 1781 421 1838 citus
436 1780 552 1839 evolvit
567 1789 717 1859 quantum
734 1782 873 1840 Romana
889 1781 945 1840 sub
961 1782 1045 1839 omni

277 1877 418 1934 Pila*die
434 1885 645 1957 quantumque
657 1878 786 1947 tribus*‚
805 1878 878 1958 quid
895 1878 1018 1957 templa,
1037 1877 1112 1957 quid
1125 1876 1202 1934 alti*

279 1973 436 2031 Undarum
450 1995 568 2046 cursus
586 1975 658 2053 quid
675 1974 905 2054 propugnacula
923 1984 1053 2054 poscant

275 2071 420 2149 AEquoris
431 2078 484 2129 aut
498 2071 608 2148 longe*
624 2073 716 2130 series
732 2080 870 2150 porrecta
884 2073 1000 2130 viarum
1014 2091 1021 2142 ;

276 2168 364 2234 Quod
376 2168 492 2225 domini
514 2169 601 2226 celsis
617 2170 714 2226 niteat
727 2169 920 2248 laquearibus
935 2189 1054 2238 aurum,

276 2265 350 2331 Quae
366 2265 471 2322 divum
487 2265 516 2322 in
534 2266 637 2323 vuitus
652 2265 717 2342 igni
730 2266 892 2326 i'ormanda
914 2267 1064 2345 liquescat

275 2363 387 2434 Massa,
405 2362 479 2441 quid
494 2363 640 2420 Ausoniae
652 2363 800 2441 scriptum
816 2370 1001 2442 crepetar-ce
1017 2367 1160 2422 monetae.

265 2529 306 2580 ΙΨ
320 2529 381 2578 121
399 2542 406 2578 ε
421 2529 661 2580 Procuratoris.
676 2530 742 2576 Voir
755 2530 780 2576 la
794 2535 826 2576 1²⁶
840 2532 902 2576 note
915 2531 947 2576 de
958 2531 983 2576 la
996 2530 1101 2576 version
1111 2534 1245 2577 n⁰122.-
1318 2511 1319 2572 l

237 2590 403 2641 Proecelsa
419 2607 424 2638 :
439 2593 533 2652 depuis
547 2593 571 2638 ln
585 2592 664 2638 chute
683 2592 715 2637 de
730 2593 755 2638 la
772 2591 950 2652 Repubiique‚
966 2592 1004 2638 les
1021 2591 1132 2652 charges
1145 2592 1180 2637 du
1195 2591 1245 2638 fise
1318 2621 1319 2652 ᾗ

236 2653 336 2702 etaient
348 2654 386 2700 ies
398 2653 457 2715 pius
471 2669 502 2700 en
516 2669 567 2701 vue
580 2657 607 2700 et
620 2655 658 2700 les
668 2654 728 2714 plus
737 2652 853 2699 envides.
864 2653 913 2700 Les
921 2655 1113 2714 procuratores
1122 2653 1245 2716 Auqusii

235 2717 343 2763 avaient
361 2716 407 2761 des
428 2716 644 2775 appointements
662 2715 694 2760 de
714 2719 814 2761 200.000
831 2718 971 2774 sesterces,
991 2717 1018 2762 et
1035 2715 1191 2777 pouvaient‚
1208 2731 1245 2762 au
1318 2733 1319 2762 l

236 2778 339 2838 besoin,
352 2777 476 2837 suppieer
489 2777 527 2823 ies
538 2790 718 2838 gouverneurs
734 2777 766 2823 de
781 2775 917 2837 province.
931 2804 960 2811 —-
974 2775 1174 2826 Sanctarum
1189 2791 1194 2823 :
1210 2778 1246 2824 de
1318 2805 1319 2826 r

236 2837 393 2900 i'empereur
405 2839 450 2898 qui
467 2838 531 2886 etait
546 2838 631 2886 dirius.
646 2839 733 2885 Aires
751 2838 901 2899 Docletien,
917 2839 942 2885 la
959 2853 1024 2884 cour
1041 2837 1168 2898 s'appeiia
1183 2840 1244 2885 offi-
1318 2833 1319 2890 i

235 2901 387 2948 ciellement
405 2899 494 2946 divina
510 2901 612 2948 domus.
626 2927 657 2934 —-
710 2899 796 2950 undi.
817 2901 852 2946 Le
862 2903 1027 2962 procurator
1042 2899 1163 2970 Aupusti
1175 2900 1246 2948 e'iait

235 2962 331 3022 charge'
342 2962 408 3008 dans
417 2961 454 3007 ies
465 2963 607 3021 provinces
616 2961 775 3022 imperiales,
785 2976 887 3009 comme
896 2963 962 3008 dans
969 2963 1006 3008 ies
1014 2975 1157 3022 provinces
1166 2962 1245 3010 sena·
1318 2975 1319 3012 l

236 3025 352 3076 toriales,
372 3023 403 3068 de
421 3024 555 3068 contrdier
575 3025 600 3070 ia
620 3023 777 3084 repartition
798 3025 830 3070 de
849 3022 961 3085 i'impdt,
980 3024 1012 3069 de
1029 3023 1187 3070 centraliser
1203 3024 1245 3071 les
1318 3021 1319 3046 ³

235 3088 358 3144 recettes‚
379 3085 411 3130 de
432 3085 497 3130 i'aire
519 3085 542 3130 le
563 3085 658 3146 depart
678 3086 724 3131 des
749 3099 863 3132 sommes
884 3085 1032 3132 attributes
1052 3099 1103 3131 aux
1120 3085 1245 3132 diverses

234 3149 343 3206 misses,
358 3144 569 3192 d'ordonnancer
581 3146 618 3193 los
634 3145 773 3206 de'penses.
792 3173 821 3181 -
835 3146 965 3196 Fossis:
983 3148 1021 3193 les
1035 3147 1119 3193 mines
1134 3145 1194 3193 d'or
1209 3149 1245 3194 de

235 3208 386 3255 Celtibo'rie.
401 3208 440 3254 ef.
455 3207 569 3268 iliartiaI,
583 3208 642 3269 xii,
653 3213 691 3268 18,
701 3214 722 3256 9.
733 3235 762 3243 -
771 3207 966 3258 Dalmatico.
976 3207 1015 3255 Cr.
1025 3207 1098 3254 Piine
1108 3205 1243 3269 i'Ancien‚
1318 3209 1319 3240 i

235 3270 360 3329 xxxiii,
375 3274 412 3315 21.
426 3295 455 3302 -
469 3268 633 3332 Quidquid
648 3269 727 3319 terit
742 3284 747 3316 :
763 3269 895 3317 13111.-
913 3269 1069 3332 Quodque
1085 3268 1187 3330 legit:
1203 3271 1244 3318 ies
1318 3297 1319 3330 ᾗ

235 3333 331 3393 perles.
350 3358 379 3364 -
394 3330 515 3390 Galesi,
532 3332 618 3377 iieuve
634 3332 695 3393 pres
712 3333 744 3378 de
763 3332 884 3380 Tarente.
901 3333 951 3380 Les
968 3333 1083 3380 Doriens
1098 3332 1130 3378 de
1144 3331 1243 3392 Sparte
1318 3333 1319 3394 j

234 3393 376 3440 tonderent
389 3391 502 3439 Tarento
516 3408 547 3438 en
563 3397 614 3439 705.
626 3419 655 3427 -
666 3391 770 3442 Nives
785 3407 790 3440 :
805 3409 904 3455 coupes
917 3397 1116 3456 transparentes
1129 3394 1163 3440 de
1177 3396 1245 3441 cris-
1318 3403 1319 3450 ξ

216 3455 280 3502 tal.
300 3481 329 3488 -
346 3453 507 3516 Massyla.
526 3455 566 3500 On
588 3455 679 3501 iaisait
696 3469 762 3501 avec
779 3455 802 3501 le
820 3455 879 3502 bois
897 3457 929 3503 de
950 3457 1016 3503 citre
1039 3455 1089 3502 iire'
1113 3455 1145 3501 de
1168 3459 1243 3503 cette
1318 3451 1319 3488 ἶ

234 3516 325 3577 region
340 3516 385 3562 des
403 3515 513 3561 tabiosai
530 3517 605 3576 pieds
623 3514 743 3563 d'ivoire.
762 3542 791 3550 -
811 3517 884 3566 Pila
903 3531 909 3564 ε
928 3517 953 3564 ia
966 3517 1039 3564 soide
1058 3517 1190 3564 militaire.
1210 3545 1242 3553 -
1318 3557 1319 3562 ,

233 3577 371 3627 Tribus:
381 3577 616 3637 lesgratiiications
627 3592 660 3624 au
672 3577 768 3638 penpie
781 3577 888 3638 (voirau
896 3578 1001 3639 lenique
1012 3579 1035 3624 le
1048 3582 1240 3640 motannona).
1318 3573 1319 3624 l

234 3665 264 3673 —
283 3637 352 3687 Ani
374 3650 492 3687 cursus
518 3652 522 3685 :
545 3638 584 3685 les
601 3638 782 3685 inondations.
803 3665 832 3672 -
845 3637 963 3703 Longe.
980 3640 1028 3686 Les
1047 3639 1173 3686 Romains
1191 3645 1244 3688 ont
1318 3645 1319 3685 1

234 3699 347 3747 sillonne
364 3697 456 3746 i'orbis
476 3713 602 3746 romanus
625 3700 659 3748 de
681 3703 772 3747 routes
794 3700 934 3762 famenses,
952 3703 1018 3748 dont
1032 3701 1243 3762 quelques-unes
1318 3731 1319 3758 ³

234 3763 332 3808 durent
345 3776 448 3808 encore.

657 3923 801 3973 -122-
