2756 4238
231 191 316 250 258.
334 193 402 249 Les
417 193 617 250 audiences
632 196 668 250 et
687 193 744 250 les
758 206 872 263 repas
886 195 930 250 de
950 193 1098 252 Verres.
1117 219 1120 226 ·

237 348 243 357 ,
284 296 433 360 (Quomodo
453 297 548 346 Verres
563 297 612 361 jus
623 298 712 347 dicere
725 300 750 346 et
762 313 857 346 cenare
872 299 968 348 solitus
984 299 1039 362 sit.)

202 453 280 515 Cum
310 456 348 516 ad
376 456 501 536 aliquod
527 458 675 537 oppidum
697 465 834 530 venerat,
869 441 977 518 lectica
1009 459 1163 539 usquein
1178 459 1220 522 4⁰

164 552 341 612 cubiculum
364 553 588 615 deserebatur*.
612 555 657 613 Eo
674 556 840 615 veniebant
861 556 1033 614 Siculorum
1053 557 1164 638 magis-

162 651 293 722 tratus*,
318 651 484 711 veniebant
510 652 648 733 equites*
671 652 815 724 Romani,
839 652 870 710 id
894 653 978 733 quod
1001 673 1037 711 ex
1058 653 1164 711 multis

157 746 291 826 juratis*
303 748 432 807 audistis
446 767 453 808 z
468 749 684 808 controversiae
697 757 814 808 secreto
828 749 1053 820 deferebantur,
1071 750 1165 828 paulo

136 910 139 916 ¹
161 850 233 922 post
248 844 347 925 palam
364 845 485 904 decreta
501 846 730 905 auferebantur.
749 846 878 917 Deinde,
898 847 949 905 ubi
966 847 1121 926 paulisper
1132 847 1165 907 iu
1204 867 1209 874 ’

161 940 306 1000 cubiculo
329 941 438 1021 pretio,
456 963 517 1001 555
534 943 689 1022 aequitate,
706 942 800 1022 jura*
818 944 1030 1024 descripserat,
1054 944 1164 1002 Libero

161 1039 313 1118 reliquum
331 1046 454 1119 tempus
471 1039 574 1098 deberi
593 1040 811 1100 arbitrabatur.
833 1041 928 1100 Erant
942 1049 1044 1100 autem
1059 1041 1166 1100 convi-

161 1137 230 1195 via*
244 1156 304 1194 555
321 1135 373 1195 1115
388 1137 510 1196 51155115
524 1144 690 1216 praetorum
701 1137 808 1218 populi
820 1139 953 1197 Romani
968 1147 1059 1219 atque
1070 1139 1166 1217 impe·

160 1241 309 1304 ratarum,
329 1253 427 1314 neque
447 1253 483 1292 eo
503 1233 620 1314 pudore
641 1235 693 1314 qui
714 1235 745 1293 in
761 1235 994 1313 magistratuum
1013 1235 1165 1294 conviviis

161 1329 277 1388 versari
297 1331 385 1403 solet,
408 1330 460 1389 sed
482 1351 552 1390 cum
572 1331 706 1390 maximo
724 1331 857 1390 clamore
877 1338 969 1411 atque
991 1332 1132 1391 convicio
1155 1349 1163 1392 τ

162 1446 393 1506 nonnumquam
429 1427 521 1486 etiam
553 1449 600 1486 res
632 1428 669 1486 ad
704 1449 837 1508 pugnam
869 1436 960 1508 atque
986 1428 1024 1486 ad
1056 1449 1165 1488 manus

161 1522 315 1582 veniebat.
334 1524 395 1582 1515
411 1524 492 1582 enim
508 1532 623 1603 praetor
642 1545 766 1584 severus
783 1546 817 1585 ac
833 1525 975 1603 diligens,
990 1525 1042 1603 qui
1058 1525 1165 1605 populi

162 1619 294 1678 Romani
317 1619 435 1698 legibus
460 1642 628 1701 numquam
653 1622 816 1700 paruisset,
841 1622 902 1680 illis
924 1621 1074 1700 legibus*,
1097 1643 1166 1701 quae

162 1716 193 1773 in
219 1716 338 1796 poculis
365 1717 570 1796 ponebantur,
597 1718 769 1796 diligenter
784 1718 1027 1798 obtemperabat.
1059 1720 1166 1797 ltaque

161 1820 249 1871 erant
268 1814 368 1873 exitus
391 1814 456 1893 ejus
479 1815 573 1888 modi,
599 1823 633 1874 ut
654 1815 731 1874 alius
754 1816 835 1874 inter
858 1836 966 1874 manus
986 1835 1002 1874 e
1021 1815 1166 1874 convivio

162 1916 318 1990 tamquam
346 1931 362 1970 e
393 1912 504 1991 proelio
538 1912 722 1985 auferretur,
756 1913 834 1971 alius
862 1920 1019 1992 tamquam
1047 1911 1166 1971 occisus

161 2007 399 2086 relinqueretur,
414 2009 554 2089 plerique
570 2009 658 2068 ellusi
672 2010 737 2090 5155
751 2017 853 2068 mente
869 2029 904 2068 55
917 2009 982 2082 5155
998 2008 1061 2068 5115
1075 2029 1166 2067 55555

159 2103 329 2182 jacerent:
359 2113 394 2164 ut
417 2105 530 2185 quivis,
561 2126 631 2164 cum
665 2107 845 2185 aspexisset,
875 2127 937 2165 non
966 2127 997 2165 55
1025 2105 1166 2185 praetoris

162 2201 352 2274 convivium,
378 2201 430 2261 sed
452 2208 487 2261 51
504 2188 722 2262 Cannensem*
741 2223 874 2282 pugnam
894 2203 1039 2282 nequitiae
1062 2202 1166 2262 videre

163 2297 374 2358 arbitraretur.

194 2457 235 2505 N·
248 2455 314 2508 258
330 2469 337 2505 2
352 2456 583 2506 Deserebatur.
604 2457 817 2505 Contrairement
829 2458 843 2505 (1
856 2457 880 2505 15
891 2459 940 2516 151,
952 2457 1049 2504 Verres
1061 2459 1167 2507 rendait

163 2517 208 2578 (ou
219 2516 308 2579 515151
315 2519 432 2579 vendaitl
445 2519 470 2566 la
478 2519 576 2579 justice
589 2533 621 2565 en
633 2522 720 2566 secret
729 2521 795 2566 dans
806 2534 835 2567 sa
843 2520 969 2566 chambre
982 2521 996 2566 a
1007 2520 1167 2578 coucher,et

163 2595 262 2626 nonen
279 2580 369 2642 public
384 2581 450 2628 dans
464 2595 511 2627 son
526 2579 683 2628 tribunal-
696 2583 754 2630 Ma
778 2581 919 2630 istratus
936 2595 942 2628 τ
959 2580 998 2627 155
1011 2583 1166 2642 magistrats

163 2641 259 2688 locaux
279 2642 335 2688 elus
357 2643 461 2702 parles
481 2642 634 2689 (lilldrentes
651 2643 728 2690 villes
769 2657 782 2689 e
806 2642 892 2690 Sieile.
912 2668 939 2677 —
960 2641 1106 2704 Equites,
1127 2643 1166 2691 les

162 2703 314 2766 publicains
333 2705 376 2764 qui
396 2705 500 2750 avaient
520 2705 573 2765 pris
594 2705 607 2750 a
625 2705 707 2751 ferme
724 2705 748 2751 la
766 2705 920 2766 perception
944 2704 990 2751 des
1010 2705 1117 2766 1515515.
1136 2732 1165 2740 -

162 2763 339 2814 Juratiszla
352 2767 477 2812 concinite
489 2767 521 2812 de
532 2765 1108 2826 Venesesttellementodieusequeciceron
1121 2767 1165 2829 n'y

163 2827 326 2887 croiraitpas
336 2842 398 2873 sans
406 2828 470 2874 cela.
481 2828 612 2877 —Jura.
626 2828 733 2888 Chaque
745 2829 872 2890 province
885 2827 950 2874 etan
963 2827 1063 2875 divise'e
1072 2829 1166 2875 eudio-

163 2889 239 2934 55555
252 2903 286 2934 55
297 2889 432 2946 districts;
446 2891 512 2936 (1555
523 2890 624 2936 chacun
637 2891 670 2936 de
683 2905 727 2936 ces
743 2891 863 2938 districts
873 2889 891 2935 11
906 2905 924 2950 y
942 2890 1014 2937 avait
1031 2905 1082 2935 une
1102 2890 1165 2937 ville

164 2947 199 2996 oh
213 2949 235 2996 15
250 2965 417 3011 gouverneur
429 2952 513 2998 155511
525 2967 567 2998 555
580 2951 686 2998 assises.
697 2951 732 2998 La
746 2952 783 2998 les
796 2954 918 3013 citoyens
936 2952 1052 2998 romains
1065 2951 1165 2999 c'taient

160 3010 238 3072 juges
253 3011 325 3058 selon
339 3013 377 3059 les
391 3013 440 3059 lois
452 3013 484 3059 de
497 3011 588 3070 Rome,
600 3013 638 3060 les
647 3016 736 3059 autres
748 3013 820 3060 selon
831 3014 856 3060 15
867 3013 979 3064 lormule
991 3027 1041 3074 que
1053 3013 1076 3058 15
1085 3013 1167 3060 85551

164 3073 238 3120 avait
250 3072 316 3120 fixee
329 3089 397 3135 pour
407 3074 431 3120 15
445 3075 579 3134 province.
592 3102 623 3108 —
640 3074 807 3136 Convivia.
822 3074 873 3123 Sur
889 3075 913 3122 le
930 3075 990 3121 luxe
1005 3075 1038 3120 de
1056 3075 1079 3120 la
1094 3074 1166 3122 table

164 3134 227 3180 chez
238 3134 276 3180 les
295 3135 429 3192 Romains,
444 3137 503 3182 voir
515 3141 591 3182 notre
607 3135 651 3182 Vie
661 3135 763 3194 Prinde,
778 3137 854 3197 chap.
867 3141 888 3185 8.
910 3164 939 3171 -
959 3135 1112 3196 Legibus.
1130 3136 1166 3184 La

164 3209 229 3242 cena
252 3194 348 3243 511155
362 3197 456 3244 buvait
469 3204 529 3258 peu)
543 3197 608 3244 e'tait
621 3197 706 3243 suivie
717 3199 749 3245 de
764 3199 788 3245 15
804 3197 963 3245 comissatio.
979 3198 1018 3244 On
1035 3197 1122 3245 5115511
1133 3213 1164 3245 55

164 3261 221 3304 sort
252 3272 280 3305 es
291 3257 338 3306 des
351 3259 375 3306 le
387 3259 426 3305 roi
436 3260 470 3305 du
484 3259 563 3305 155115
577 3273 582 3306 :
595 3259 612 3304 11
623 3259 717 3319 reglait
729 3261 753 3306 15
766 3261 962 3313 conversation,
974 3264 1000 3306 et
1011 3259 1093 3316 lixait,
1104 3274 1167 3307 5555

164 3320 241 3381 peine
257 3319 403 3377 d'amende,
418 3321 441 3366 le
461 3320 571 3366 nombre
591 3322 623 3367 (15
643 3336 742 3381 555555
762 3337 813 3382 que
829 3322 929 3381 chaque
949 3321 1063 3367 convive
1076 3321 1168 3368 devait

164 3381 248 3428 vider.
270 3380 310 3429 On
334 3383 742 3438 5555555511-55115515551551
766 3398 814 3444 par
833 3383 907 3429 boire
928 3383 993 3428 (1555
1018 3383 1050 3428 (15
1068 3383 1167 3443 5511155

163 3457 277 3504 555555;
298 3444 415 3490 celles-ci
433 3443 534 3490 etaient
545 3445 643 3491 suivies
656 3445 688 3490 de
701 3444 762 3504 plus
775 3446 886 3507 grandes
904 3443 965 3504 quil
986 3444 1070 3490 1511511
1093 3445 1168 3490 vider

164 3503 366 3552 (1555511115
384 3505 458 3552 sante
472 3503 533 3551 d'un
547 3508 659 3552 convive
672 3506 782 3568 present
794 3522 827 3554 55
841 3505 901 3552 d'un
915 3506 1018 3552 absent.
1033 3504 1168 3565 Quelque·

106 3581 109 3585 ·
165 3567 246 3614 151511
263 3566 345 3614 1511511
355 3568 431 3613 vider
444 3570 538 3613 551551
551 3568 582 3614 (15
595 3567 687 3630 cyathi
701 3584 751 3630 que
767 3569 791 3615 le
803 3583 865 3614 nom
876 3568 1012 3615 contenuit
1025 3568 1057 3614 de
1073 3567 1167 3614 lettres

164 3628 291 3687 1111551151,
308 3629 443 3691 1,12).1)5
463 3629 486 3674 11
502 3629 539 3675 155
555 3630 642 3690 orgies
659 3631 704 3691 qui
725 3630 896 3677 terminaient
914 3630 939 3676 la
958 3629 1119 3676 comissatio.
1137 3654 1168 3663 -

164 3689 376 3739 Cannensem.
395 3691 431 3737 La
448 3692 632 3751 comparaison
649 3695 689 3738 est
712 3707 747 3738 55
765 3707 816 3753 555
835 3690 935 3750 lorce'e3
958 3691 1025 3737 mais
1040 3705 1108 3752 pour
1122 3689 1168 3751 qui

164 3755 274 3798 connatt
290 3752 329 3798 les
342 3766 441 3798 moeurs
454 3753 500 3799 des
516 3753 649 3810 Romains,
663 3753 701 3799 les
714 3753 809 3801 details
822 3754 854 3800 de
867 3767 913 3799 ces
926 3753 1012 3815 orgies
1025 3753 1058 3799 de
1070 3752 1169 3798 Verres

164 3817 227 3860 sont
240 3814 326 3874 pleius
339 3814 371 3860 de
384 3815 549 3875 pittoresque
561 3817 589 3861 51
601 3815 633 3862 (15
646 3814 740 3863 verite.

589 3963 747 4016 -261-
