2718 4246
470 93 548 228 158..
570 138 641 194 Les
660 139 778 194 fluns.-

523 241 570 305 (De
592 240 735 306 Hun'nia*.)

163 401 209 459 Ab
232 401 307 480 ipsis
331 401 477 460 nascendi
503 401 647 481 primitiis
669 401 845 460 infantum*
867 402 948 460 lerro
972 400 1131 459 sulcantur
1146 397 1186 459 3⁰

123 493 215 554 altius
229 518 328 574 genae,
350 503 384 556 ut
405 497 538 577 pilorum
560 499 649 576 vigor
666 497 868 578 tempestivus
887 517 1046 574 emergens
1065 517 1132 554 cor-

121 594 239 671 rugatis
250 595 446 653 cicatricibus
460 594 623 654 hebetetur
634 597 645 620 *
658 614 664 667 3
678 603 842 653 senescunt
852 594 1004 652 imberbes
1014 594 1130 673 absque

123 689 185 748 ulla
209 698 392 775 venustate,
411 693 599 771 compactis*
619 712 725 750 omnes
741 691 899 769 firmisque
916 689 1072 762 membris,
1100 696 1131 749 et

122 787 236 865 opimis
249 788 440 859 cervicibus,
464 789 650 868 prodigiosae
663 786 770 846 formae
784 795 814 846 et
828 788 919 866 pandi
937 806 943 846 :
961 795 994 845 ut
1006 787 1131 866 bipedes

123 885 281 942 existimes
297 883 421 958 bestias,
440 885 489 942 vel
512 885 616 964 quales
633 885 662 942 in
679 884 960 963 commarginandis
984 883 1131 963 pontibus

122 980 252 1058 effigiati
277 981 399 1060 stipites
429 981 573 1040 dolantur
591 983 774 1060 incompte*.
807 982 914 1061 Neque
942 981 1005 1059 igni
1032 1001 1131 1059 neque

122 1080 276 1156 saporatis
289 1078 429 1155 indigent
443 1078 530 1147 cibis,
549 1079 601 1137 sed
618 1078 772 1138 radicibus
786 1078 952 1137 herbarum
966 1077 1131 1154 agrestium

124 1181 157 1232 et
180 1175 354 1233 semicruda
375 1174 512 1254 cujusvis
540 1176 658 1255 pecoris
676 1196 768 1234 carne
785 1177 962 1234 vescuntur.
980 1173 1132 1232 AEdificiis

123 1271 217 1329 nullis
241 1292 387 1350 umquam
414 1272 507 1342 teeti;
534 1293 590 1330 nee
611 1272 691 1330 euim
721 1272 803 1352 apud
829 1292 882 1330 eos
909 1271 957 1329 vel
982 1269 1132 1328 arundine

122 1368 303 1446 fastigatum
333 1368 461 1447 reperiri
489 1369 645 1446 tugurium
680 1377 792 1448 potest.
826 1367 892 1427 Sed·
912 1367 982 1446 vagi
1011 1373 1132 1425 montes

123 1471 322 1543 peragrantes
345 1474 375 1523 et
401 1464 504 1536 silvas,
530 1466 666 1545 pruinas
697 1467 808 1524 l'amem
832 1466 977 1542 sitimque
996 1462 1131 1542 perferre

123 1561 162 1619 ab
176 1561 372 1620 incunabulis
387 1561 584 1622 adsuescunt.
604 1563 796 1621 Indumentis
813 1563 997 1640 operiuntur
1018 1560 1130 1632 linteis,

123 1659 173 1716 vel
200 1679 237 1716 ex
268 1659 399 1736 pellibus
428 1658 617 1717 silvestrium
648 1660 782 1718 murium
810 1657 1045 1718 consarcinatis.
1073 1656 1133 1714 Sed

123 1755 218 1813 semel
232 1756 361 1813 obsoleti
378 1756 491 1814 coloris
505 1757 609 1814 tunica
624 1756 704 1814 collo
719 1756 834 1814 inserta
846 1776 907 1813 non
917 1762 988 1813 ante
1004 1753 1133 1832 deponi-

123 1859 176 1909 tur
190 1859 244 1910 aut
254 1859 401 1924 mutatur,
420 1873 510 1931 quam
522 1852 667 1912 diuturna
681 1854 780 1911 carie*
794 1853 824 1910 in
837 1851 989 1931 pannulos
999 1851 1133 1909 detluxe·

123 1949 165 2006 rit
188 1948 369 2018 defrustata.
403 1949 498 2027 Equis
521 1971 616 2029 prope
644 1949 737 2008 adfixi
758 1949 933 2026 iunguntur
953 1946 1133 2006 muneribus

86 2057 89 2060 '
124 2045 290 2105 consuetis.
308 2046 353 2102 Ex
366 2046 459 2124 ipsis*
484 2047 585 2125 quivis
603 2049 634 2104 in
650 2046 707 2105 hac
729 2046 853 2105 natione
868 2065 987 2124 pernox
1002 2052 1033 2102 et
1066 2063 1133 2123 per·
1150 2104 1153 2110 ,

126 2141 196 2200 dius
212 2143 287 2200 emit
299 2149 330 2200 et
347 2142 463 2216 vendit,
477 2143 642 2223 cibumque
664 2143 759 2201 sumit
771 2149 802 2200 et
816 2150 937 2222 potum,
960 2149 990 2200 et
1007 2140 1135 2199 inclina-

126 2246 175 2296 tus
191 2238 304 2298 cervici
326 2247 463 2316 angustae
481 2239 626 2319 jumenti,
644 2241 675 2298 in
696 2238 793 2298 altum
818 2259 961 2318 soporem
986 2237 1127 2316 adusque

127 2336 311 2395 varietatem
328 2336 496 2396 effunditur
511 2335 703 2395 somniorum
712 2337 734 2398 *.

156 2548 199 2597 Νο
219 2547 283 2598 158
302 2545 463 2597 εΗῑιυῃίε,
481 2547 520 2594 Eu
537 2549 589 2606 376,
600 2547 639 2594 les
654 2547 731 2594 Huns
744 2546 850 2609 (peuple
867 2547 900 2593 de
917 2560 978 2593 raee
996 2545 1132 2607 mongole.

129 2610 237 2656 suivant
251 2610 289 2656 les
307 2624 366 2668 uns,
380 2609 412 2655 de
427 2623 488 2656 race
505 2608 626 2667 finnoise,
641 2609 715 2655 selon
733 2609 770 2656 les
792 2608 891 2670 autres)
909 2607 1090 2656 traverserent
1109 2607 1133 2653 le

127 2671 207 2718 Palus
216 2671 322 2718 Maeotis
333 2686 395 2718 sous
407 2671 432 2718 la
443 2671 569 2717 couduite
579 2671 613 2717 de
628 2670 751 2728 Balamir,
763 2671 820 2716 leur
832 2670 880 2727 roi,
893 2668 1085 2729 subjuguerent
1094 2668 1133 2714 les

126 2733 229 2791 Alains‚
246 2733 284 2780 les
305 2732 391 2780 Goths
410 2732 485 2794 (dont
503 2732 535 2779 ils
554 2732 727 2780 detruisirent
751 2732 775 2778 le
795 2734 869 2779 vaste
887 2731 1007 2791 empire),
1027 2730 1134 2776 vinrent

127 2809 252 2842 menacer
264 2793 484 2855 Constantinople
498 2795 564 2841 dont
583 2795 620 2841 les
642 2793 800 2856 Empereurs
820 2793 877 2840 leur
892 2792 1022 2854 payerent
1038 2791 1132 2838 tribut.

126 2857 197 2903 Leur
217 2856 359 2917 puissance
380 2854 509 2903 colossale
531 2856 679 2902 s'evanouit
699 2869 731 2902 au
752 2855 831 2902 siecle
849 2855 964 2911 suivant,
985 2855 999 2900 a
1019 2855 1043 2900 la
1063 2855 1134 2900 mort

126 2918 238 2965 d'Attila
253 2917 326 2979 (453).
342 2943 369 2952 -
382 2917 549 2967 1nrantum
562 2917 667 2978 depend
685 2917 718 2962 de
730 2931 818 3024 spenae.
836 2943 867 2950 -
885 2916 1075 2965 Hebetetur.
1092 2913 1131 2962 Cf.

126 2980 221 3026 Alfred
239 2980 272 3025 de
292 2978 396 3026 Musset
415 2978 583 3040 (Numana),
604 2979 710 3040 parlant
749 2993 776 3025 es
797 2978 916 3026 cheveux
936 2993 941 3025 z
962 2997 972 3019 ι(
992 2977 1063 3024 C'est
1081 2990 1133 3023 une

125 3041 217 3088 venite
235 3040 315 3102 qu'on
333 3055 391 3087 rase
408 3055 441 3086 en
458 3040 577 3089 Tartarie
596 3061 617 3087 ».
631 3067 660 3074 -—
678 3039 875 3100 compactis,
890 3040 923 3086 de
941 3038 1090 3101 compingo.
1106 3063 1134 3072 -

126 3103 292 3163 Incompte
307 3115 312 3148 ι
327 3106 396 3148 cette
416 3101 510 3162 langue
528 3106 568 3150 est
582 3102 651 3149 sorte
665 3104 691 3148 et
704 3103 879 3162 pittoresque.
894 3099 1018 3149 L'auteur
1032 3099 1133 3146 semble

126 3167 203 3211 avoir
214 3179 251 3210 vu
264 3164 301 3210 les
313 3166 445 3210 monstres
476 3163 622 3210 u'ilde'crit.
638 3182 649 3205 «
664 3163 714 3210 Les
726 3164 827 3223 plaines
841 3164 873 3209 de
887 3163 911 3208 la
924 3162 1004 3210 haute
1015 3162 1086 3218 Asia,
1099 3162 1134 3208 ou

127 3227 175 3272 des
196 3225 355 3272 tourbillons
373 3226 405 3271 de
421 3178 493 3272 suble
512 3225 624 3272 eltacent
641 3225 673 3271 de
692 3227 778 3285 temps
798 3225 812 3271 a
833 3228 908 3270 autre
925 3226 1001 3270 toute
1019 3223 1132 3282 culture,

126 3287 265 3334 comblent
278 3300 312 3332 ou
326 3285 487 3332 de'tournent
498 3287 522 3334 le
534 3287 565 3333 lit
579 3287 625 3333 des
640 3287 741 3333 sseuves
754 3290 782 3333 et
794 3287 986 3332 ensevelissent
998 3285 1044 3330 des
1057 3285 1133 3342 cites,

127 3353 175 3395 ont
188 3349 261 3394 aussi
274 3348 320 3394 des
333 3349 492 3395 avalanehes
501 3348 646 3394 d'hommes
659 3348 713 3408 qui,
728 3347 842 3394 formdes
853 3348 1007 3403 lentement,
1020 3347 1074 3393 loin
1087 3347 1134 3392 des

127 3410 236 3471 regards
251 3409 286 3454 du
299 3410 395 3454 monde
407 3409 517 3466 civilisd‚
532 3423 559 3456 se
569 3409 732 3471 pre'cipitent
743 3424 787 3456 sur
799 3409 836 3454 lui
849 3409 864 3454 d
876 3408 991 3454 certains
1002 3411 1134 3454 moments

127 3487 197 3533 pour
209 3471 232 3517 le
246 3470 372 3518 detruire.
387 3471 436 3517 Les
451 3471 526 3517 Huns
538 3471 627 3518 fureut
640 3486 674 3517 un
687 3471 720 3518 de
733 3485 776 3518 ces
789 3470 914 3531 cyclones
927 3469 1112 3516 devastateurs
1122 3489 1133 3512 ι»

127 3533 244 3595 (Βυνυγ,
259 3531 327 3578 Hist.
344 3531 389 3579 des
407 3532 446 3591 11,
466 3531 525 3588 Vll,
545 3532 605 3594 418).
627 3559 656 3566 -
674 3531 779 3590 Garie,
793 3531 858 3578 c’est
879 3531 1016 3587 lucrasse,
1039 3533 1065 3576 et
1086 3545 1135 3590 par

127 3595 198 3641 suite
211 3594 237 3640 la
250 3593 369 3639 vermine
383 3595 427 3654 qui
440 3593 480 3656 s'y
495 3594 609 3642 attache.
622 3621 652 3628 -
664 3594 715 3642 Ex
727 3591 819 3655 ipsis,
838 3593 1032 3639 sous-entendu
1046 3591 1132 3654 equis.

126 3682 158 3691 -
170 3653 375 3704 Somniorum
389 3670 394 3702 :
406 3656 430 3702 la
443 3657 544 3703 reverte
557 3657 644 3702 estun
658 3655 721 3703 trait
739 3653 894 3716 particulier
904 3654 951 3700 des
962 3667 1036 3700 races
1046 3654 1135 3699 orien-

127 3718 196 3764 tales
211 3731 246 3762 ou
258 3717 490 3775 septentrionales.

552 3894 708 3944 -ttaf-
