2658 4244
294 180 352 238 68.
373 178 751 249 Qualites'mtlitaires
766 182 811 237 de
827 179 952 237 cesar.

292 275 406 338 (Quibus
417 275 485 323 belli
499 275 608 324 dotibus
620 275 644 324 J.
660 276 756 324 Caesar
767 276 956 339 praestiterit.)

159 393 327 450 Armorum
338 392 350 414 *
365 399 396 450 et
409 390 569 471 equitandi
578 391 793 470 peritissimus,
807 391 921 450 laboris
938 391 1016 450 ultra
1034 391 1124 450 fidem
1139 385 1183 451 4‘

114 488 242 566 patiens
264 495 340 547 erat.
363 489 397 546 ln
415 488 537 566 agmine
558 508 790 567 nonnumquam
810 509 900 568 eque,
918 489 1028 568 saepius
1042 488 1127 567 pedi-

116 584 177 643 bus
207 585 355 653 anteibat,
378 585 478 664 capite
501 585 654 656 detecto*,
678 606 730 643 seu
759 585 816 658 sol,
839 605 893 644 seu
918 585 1015 644 imber
1034 592 1125 643 esset.

116 682 330 760 Longissimas
344 682 409 741 vias
424 682 620 741 incredibili*
635 682 792 742 celeritate
804 682 939 740 coniecit
953 681 1126 761 expeditus,

116 779 277 837 meritoria
291 778 395 850 rheda,
409 786 538 838 centena
558 800 704 859 passuum
725 779 808 838 milia
828 779 860 836 in
885 779 1021 856 singulos
1041 778 1125 849 dies;

116 876 144 934 si
179 875 308 933 flumina
342 882 549 947 morarentur,
584 877 687 936 nando
718 876 892 955 trajicienS,
921 875 969 933 vel
1004 875 1128 934 innixus
1159 861 1162 869 ¹

116 973 255 1030 inllatis*
271 972 391 1032 utribus
409 991 415 1032 :
432 980 467 1031 ut
483 989 620 1052 persaepe
639 973 764 1031 nuntios
775 972 812 1031 de
831 993 861 1032 se
877 973 1072 1052 praevenerit.
1093 972 1127 1029 ln

115 1069 273 1128 obeundis
300 1069 549 1148 expeditionibus
579 1068 707 1129 dubium
731 1070 851 1128 cautior
881 1090 919 1131 an
953 1069 1125 1128 audentior.

117 1167 299 1225 Exercitum
315 1186 415 1246 neque
430 1158 766 1246 perinsidiosa'itinera
784 1166 875 1225 duxit
894 1186 1052 1248 umquam,
1068 1165 1126 1222 nisi

117 1263 355 1342 perspeculatus
373 1264 511 1322 locorum
534 1265 628 1338 situs;
649 1285 748 1342 neque
767 1263 798 1321 in
820 1263 1010 1322 Britanniam
1030 1270 1127 1321 trans·
1188 1262 1192 1272 ’

117 1361 217 1432 vexit,
251 1360 311 1418 nisi
341 1367 412 1419 ante
450 1381 506 1440 per
546 1363 598 1420 se*
625 1369 731 1440 portus
768 1368 799 1419 et
836 1361 1064 1438 navigationem
1097 1366 1128 1417 et

116 1477 262 1516 accessus
277 1457 315 1516 ad
331 1457 461 1516 insulam
479 1458 678 1537 explorasset.
696 1459 735 1516 At
756 1458 847 1527 idem,
868 1457 1044 1516 obsessione
1063 1477 1128 1514 cas·

116 1563 240 1612 trorum
270 1553 302 1612 in
332 1553 522 1614 Germania*
550 1556 701 1626 nuntiata,
731 1575 785 1634 per
815 1555 963 1612 stationes
992 1552 1125 1612 hostium

115 1651 241 1710 Gallico
263 1651 370 1710 habitu
392 1651 566 1730 penetravit
588 1652 625 1710 ad
644 1673 727 1711 snos.
749 1654 775 1710 Α
803 1651 988 1710 Brundisio*
1015 1651 1128 1728 Dyrra-

114 1749 225 1807 chium
245 1748 327 1806 inter
347 1749 505 1828 oppositas
526 1748 637 1808 classes
659 1749 759 1807 hieme
775 1749 959 1821 transmisit;
981 1746 1127 1805 cessanti·

116 1846 262 1925 busque*
277 1845 373 1923 copiis
387 1866 464 1924 quas
478 1843 624 1927 subsequi
635 1846 779 1925 jusserat,
793 1865 861 1904 cum
879 1845 916 1904 ad
931 1842 1127 1903 arcessendas

116 1943 234 2000 irustra
246 1962 328 2022 saepe
339 1941 501 2014 misisset*,
516 1943 680 2002 novissime
692 1943 757 2021 ipse
769 1942 846 2001 clam
858 1949 951 2000 noctu
963 1941 1126 2021 parvulum

115 2039 278 2118 navigium
295 2037 379 2097 solus
395 2039 544 2098 obvoluto
555 2039 655 2118 eapite
670 2039 858 2110 conscendit,
877 2059 976 2120 neque
991 2045 1043 2096 aut
1058 2037 1127 2116 quis

115 2143 203 2195 esset
216 2144 287 2194 ante
301 2135 430 2206 detexit,
447 2143 501 2194 aut
516 2135 752 2214 gubernatorem
772 2134 879 2194 cedere
894 2135 1030 2193 adversae
1050 2142 1129 2193 tem-

117 2233 234 2312 pestati
249 2253 359 2312 passus
375 2240 432 2305 est,
446 2253 539 2312 quarn
556 2253 642 2312 paene
660 2232 790 2292 obrutus
804 2231 980 2292 lluetibus*.

150 2365 192 2415 N·
215 2363 258 2414 68
285 2377 291 2412 :
315 2364 498 2414 Armorum.
524 2364 656 2412 Confirme
681 2379 729 2426 par
749 2364 901 2424 Plutarque,
925 2363 1013 2423 Cesar,
1039 2369 1076 2413 17.
1096 2392 1129 2404 -

116 2427 267 2476 Detecto.
289 2425 370 2474 Silius
390 2425 499 2474 Italicus
517 2426 557 2474 dit
575 2427 600 2473 la
618 2428 704 2473 meme
724 2426 804 2474 chose
825 2425 994 2483 d'Hannibal,
1016 2427 1035 2485 1,
1057 2431 1126 2477 250:

120 2490 191 2537 Tum
210 2487 311 2536 oeriiee
332 2488 404 2535 nudo
423 2487 554 2550 Excipere
577 2487 685 2535 insanos
706 2487 805 2535 imbres
822 2487 944 2550 caelique
963 2487 1078 2536 ruinam.
1097 2517 1129 2526 -

116 2549 329 2600 Incredibili:
339 2564 373 2597 on
381 2549 405 2596 le
416 2550 473 2596 voit
498 2564 527 2596 ar
537 2564 579 2596 ses
587 2549 804 2597 Commentaires.
815 2549 853 2597 Cf.
862 2549 973 2597 Ciceron
983 2549 1025 2611 (ad
1035 2549 1127 2611 Attin,

117 2611 194 2669 Vlll,
211 2611 244 2673 9).
264 2610 303 2658 Ci.
324 2611 447 2669 Bossuet,
490 2627 512 2659 r.
530 2610 550 2672 f.
571 2611 602 2658 de
623 2610 732 2659 Condi:
752 2631 763 2654 «
776 2610 797 2657 11
816 2613 902 2673 paratt
914 2626 946 2658 en
962 2627 997 2658 un
1008 2617 1128 2661 moment

117 2688 225 2722 comme
236 2687 271 2720 un
285 2672 366 2720 eclair
378 2673 444 2720 dans
454 2672 492 2721 les
503 2688 537 2734 pa
558 2688 570 2720 s
583 2673 621 2719 les
637 2674 696 2734 plus
714 2673 831 2732 eloignes
843 2693 864 2720 r.
878 2700 908 2707 -
924 2673 1061 2723 Inssaiis.
1086 2674 1126 2723 Ci.

117 2737 151 2783 de
166 2733 233 2782 Bell.
248 2733 308 2793 cin,
323 2734 343 2794 I,
357 2737 400 2794 483
414 2734 528 2792 T.-Liv.,
569 2734 613 2792 Xl,
625 2740 662 2782 27.
675 2761 705 2769 -
715 2736 779 2784 Per
791 2747 835 2783 se.
850 2735 916 2781 Voir
928 2734 959 2781 de
970 2734 1038 2783 Bell.
1049 2735 1126 2799 9611,

118 2797 167 2854 IV,
181 2801 210 2842 20
228 2800 255 2843 et
273 2797 403 2845 m.-1n
427 2796 626 2847 Germania:
643 2797 705 2843 chez
723 2797 760 2843 les
780 2796 912 2855 Eburons,
933 2796 1029 2857 peuple
1050 2797 1083 2845 de
1103 2798 1128 2844 la

116 2859 206 2907 Gaule
231 2858 358 2918 Belgique
378 2860 405 2906 et
433 2857 560 2919 d'origine
587 2859 765 2919 germanique.
790 2886 821 2892 —
847 2857 1030 2907 Brundisio.
1061 2858 1128 2905 Voir

115 2920 247 2978 Suetone,
261 2918 350 2978 Ce'sar,
364 2924 402 2968 35.
417 2947 446 2954 -
458 2919 673 2969 cessantibus
686 2939 717 2962 =
729 2920 872 2966 adventum
887 2917 1084 2982 differentibus.
1097 2947 1128 2956 -

116 2981 279 3038 Mislsset,
292 2981 415 3043 employe
428 2982 605 3030 absolument.
619 3009 649 3017 —
662 2981 843 3031 Fluctibus.
858 2981 938 3029 Cc'sar
948 2980 1006 3027 n'en
1018 2982 1058 3028 dit
1071 2982 1127 3029 rien

116 3047 187 3092 dans
198 3058 241 3090 ses
253 3042 472 3091 Commentaires.
486 3043 579 3091 Florus
594 3047 703 3090 raconte
720 3043 744 3090 le
758 3044 806 3090 fait
824 3039 879 3104 (lV,
900 3048 922 3098 1,
936 3045 984 3103 37),
1001 3046 1028 3090 61
1041 3044 1092 3090 cite
1103 3044 1127 3090 le

117 3109 178 3153 mot
191 3106 223 3152 de
235 3104 317 3152 Cesar
329 3118 362 3151 au
374 3104 488 3152 betelier
501 3119 506 3153 :
523 3125 533 3146 «ι
545 3105 614 3162 Quid
628 3105 724 3152 times?
740 3104 879 3152 Caesarem
891 3104 966 3152 vebis
978 3125 999 3151 ».
1018 3105 1126 3164 Lucain,

116 3169 153 3226 V,
167 3171 220 3224 577,
234 3181 267 3213 ne
278 3166 302 3213 le
316 3167 368 3214 cite
382 3180 430 3228 pas
449 3169 477 3214 et
495 3165 626 3214 l'affaiblit
643 3169 657 3213 d
675 3167 746 3213 force
764 3167 796 3213 de
814 3167 838 3213 le
858 3165 1020 3227 developper
1032 3182 1037 3213 :
1050 3167 1128 3214 Fisus

115 3229 218 3278 <iuncta
233 3227 288 3275 sibi
300 3242 408 3276 cessura
419 3227 541 3290 pericula
560 3229 664 3286 Caesar,
683 3228 782 3289 Sperne
801 3227 894 3285 minas,
913 3227 1011 3289 inquit,
1025 3227 1086 3290 pela
1110 3228 1127 3288 ι’,

117 3292 254 3352 ventoque
267 3288 372 3349 furenti
386 3290 471 3338 Trade
491 3289 589 3338 sinam.
610 3290 649 3337 Ci.
668 3290 764 3336 Valere
781 3290 862 3347 Max„
882 3290 926 3349 IX,
946 3293 967 3347 8,
982 3294 1011 3348 2;
1027 3294 1054 3337 61
1067 3244 1106 3338 Pi
1117 3317 1129 3326 -

117 3360 225 3413 larque,
240 3350 330 3410 Cesar,
348 3355 386 3399 38.

149 3431 192 3480 Ν·
206 3428 249 3479 69
264 3429 367 3480 :olam
381 3430 421 3479 cf.
433 3430 458 3478 le
469 3430 536 3478 recit
546 3427 689 3491 d'Appien‚
704 3429 806 3477 Guerre
817 3430 876 3489 civ,
890 3430 922 3478 11.
934 3457 964 3464 -
974 3427 1109 3481 Gelidas
1121 3446 1128 3479 τ

117 3507 190 3542 nous
204 3505 320 3539 sommes
333 3505 365 3538 en
378 3491 519 3539 decembre
534 3496 562 3538 50
576 3494 603 3539 et
620 3506 652 3538 en
667 3493 772 3553 J'anvier
787 3495 824 3539 19.
840 3519 867 3527 -
886 3491 1074 3542 Rubiconis.
1093 3493 1129 3539 Le

116 3554 247 3603 Rubicon
263 3567 278 3599 a
295 3553 337 3600 ete
349 3553 375 3600 la
390 3553 475 3600 limite
493 3554 527 3600 de
541 3552 636 3601 l'ltalie
653 3557 680 3601 et
698 3554 729 3600 de
750 3554 774 3601 16
792 3554 925 3615 Cisalpine
941 3554 1078 3614 (province
1096 3556 1128 3600 de

114 3616 212 3674 Cesar)
231 3613 354 3676 jusqu'au
373 3619 491 3663 moment
510 3617 544 3662 ou
564 3615 590 3662 la
607 3614 740 3676 Cisalpine
761 3617 853 3663 devint
873 3616 958 3676 partie
978 3616 1128 3674 integrante

114 3681 152 3726 <le
176 3675 271 3723 l'ltalie
290 3676 352 3736 (42).
370 3703 400 3711 -
423 3677 550 3739 Ingens,
572 3677 695 3738 euplique
716 3693 764 3738 par
788 3677 930 3724 obscuram
951 3678 1073 3724 nortem..
1098 3704 1126 3712 -

115 3737 268 3790 Patriae.
285 3737 448 3799 Remarquer
461 3753 512 3799 que
528 3738 625 3786 Lucain
643 3739 765 3800 possede,
781 3754 883 3786 comme
901 3743 962 3785 tous
980 3739 1017 3785 les
1032 3740 1129 3799 grands

114 3801 228 3865 poetes,
244 3799 268 3846 le
285 3799 339 3846 don
357 3800 389 3847 de
404 3800 581 3862 personnifier
599 3800 636 3848 les
653 3801 726 3848 idees
744 3804 771 3849 et
787 3799 825 3848 les
846 3800 1003 3847 sentimenta
1024 3814 1086 3846 sous
1104 3801 1129 3847 16

555 3935 695 3987 ...69-
