<?xml version="1.0" encoding="UTF-8"?>
<!DOCTYPE html PUBLIC "-//W3C//DTD XHTML 1.0 Transitional//EN"
    "http://www.w3.org/TR/xhtml1/DTD/xhtml1-transitional.dtd">
<html xmlns="http://www.w3.org/1999/xhtml" xml:lang="en" lang="en">
 <head>
  <title>
</title>
<meta http-equiv="Content-Type" content="text/html;charset=utf-8" />
  <meta name='ocr-system' content='tesseract 3.04.00' />
  <meta name='ocr-capabilities' content='ocr_page ocr_carea ocr_par ocr_line ocrx_word'/>
</head>
<body>
  <div class='ocr_page' id='page_1' title='image "./depublicaprivat01arnagoog_0167.png"; bbox 0 0 2658 4244; ppageno 0'>
   <div class='ocr_carea' id='block_1_1' title="bbox 519 143 986 207">
    <p class='ocr_par' dir='ltr' id='par_1_1' title="bbox 519 143 986 207">
     <span class='ocr_line' id='line_1_1' title="bbox 519 143 986 207; baseline -0.004 -6"><span class='ocrx_word' id='word_1_1' title='bbox 519 143 600 202; x_wconf 81' lang='lat'><strong>119.</strong></span> <span class='ocrx_word' id='word_1_2' title='bbox 622 143 894 200; x_wconf 82' lang='lat' dir='ltr'>Surnomitien.</span> <span class='ocrx_word' id='word_1_3' title='bbox 981 197 986 207; x_wconf 80' lang='grc'><strong>,</strong></span> 
     </span>
    </p>
   </div>
   <div class='ocr_carea' id='block_1_2' title="bbox 587 238 820 302">
    <p class='ocr_par' dir='ltr' id='par_1_2' title="bbox 587 238 820 302">
     <span class='ocr_line' id='line_1_2' title="bbox 587 238 820 302; baseline 0 -16"><span class='ocrx_word' id='word_1_4' title='bbox 587 238 635 300; x_wconf 86' lang='lat' dir='ltr'>(De</span> <span class='ocrx_word' id='word_1_5' title='bbox 647 238 726 288; x_wconf 84' lang='lat' dir='ltr'>Domi</span> <span class='ocrx_word' id='word_1_6' title='bbox 739 238 820 302; x_wconf 72' lang='grc' dir='ltr'>ι’ῑυιο.)</span> 
     </span>
    </p>
   </div>
   <div class='ocr_carea' id='block_1_3' title="bbox 101 317 1219 1887">
    <p class='ocr_par' dir='ltr' id='par_1_3' title="bbox 141 317 1219 1597">
     <span class='ocr_line' id='line_1_3' title="bbox 141 317 1204 434; baseline -0.004 -18"><span class='ocrx_word' id='word_1_7' title='bbox 141 353 190 421; x_wconf 78' lang='lat'>,3⁰</span> <span class='ocrx_word' id='word_1_8' title='bbox 244 354 302 416; x_wconf 89' lang='lat' dir='ltr'>Per</span> <span class='ocrx_word' id='word_1_9' title='bbox 316 354 410 414; x_wconf 81' lang='lat' dir='ltr'>haec*</span> <span class='ocrx_word' id='word_1_10' title='bbox 423 355 568 413; x_wconf 89' lang='lat' dir='ltr'>terribilis</span> <span class='ocrx_word' id='word_1_11' title='bbox 584 317 703 413; x_wconf 77' lang='lat' dir='ltr'>cundtis</span> <span class='ocrx_word' id='word_1_12' title='bbox 716 363 747 413; x_wconf 93' lang='lat' dir='ltr'>et</span> <span class='ocrx_word' id='word_1_13' title='bbox 761 355 890 426; x_wconf 90' lang='lat' dir='ltr'>invisus,</span> <span class='ocrx_word' id='word_1_14' title='bbox 908 355 1204 434; x_wconf 83' lang='lat' dir='ltr'>tandemoppres&#39;sus</span> 
     </span>
     <span class='ocr_line' id='line_1_4' title="bbox 200 451 1202 531; baseline -0.002 -21"><span class='ocrx_word' id='word_1_15' title='bbox 200 458 250 531; x_wconf 85' lang='lat' dir='ltr'>¹est</span> <span class='ocrx_word' id='word_1_16' title='bbox 283 451 451 512; x_wconf 91' lang='lat' dir='ltr'>amicorum</span> <span class='ocrx_word' id='word_1_17' title='bbox 474 451 717 531; x_wconf 80' lang='lat' dir='ltr'>libertorumque</span> <span class='ocrx_word' id='word_1_18' title='bbox 749 452 928 510; x_wconf 90' lang='lat' dir='ltr'>intimorum</span> <span class='ocrx_word' id='word_1_19' title='bbox 962 451 1202 530; x_wconf 75' lang='lat' dir='ltr'>conspiratione,</span> 
     </span>
     <span class='ocr_line' id='line_1_5' title="bbox 197 541 1204 628; baseline -0.004 -19"><span class='ocrx_word' id='word_1_20' title='bbox 197 547 293 613; x_wconf 77' lang='lat' dir='ltr'>,simul</span> <span class='ocrx_word' id='word_1_21' title='bbox 311 556 342 608; x_wconf 90' lang='lat' dir='ltr'>et</span> <span class='ocrx_word' id='word_1_22' title='bbox 352 549 465 608; x_wconf 78' lang='lat' dir='ltr'>uxoris</span> <span class='ocrx_word' id='word_1_23' title='bbox 483 541 607 608; x_wconf 73' lang='lat' dir='ltr'>dnnum</span> <span class='ocrx_word' id='word_1_24' title='bbox 619 549 761 628; x_wconf 86' lang='lat' dir='ltr'>diemque</span> <span class='ocrx_word' id='word_1_25' title='bbox 778 548 919 607; x_wconf 91' lang='lat' dir='ltr'>ultimum</span> <span class='ocrx_word' id='word_1_26' title='bbox 935 549 1007 607; x_wconf 83' lang='lat' dir='ltr'>vitae</span> <span class='ocrx_word' id='word_1_27' title='bbox 1018 548 1204 627; x_wconf 88' lang='lat' dir='ltr'>jampridem</span> 
     </span>
     <span class='ocr_line' id='line_1_6' title="bbox 182 631 1203 724; baseline 0.001 -21"><span class='ocrx_word' id='word_1_28' title='bbox 182 631 380 724; x_wconf 52' lang='lat' dir='ltr'>&#39;suspectum</span> <span class='ocrx_word' id='word_1_29' title='bbox 396 645 539 715; x_wconf 90' lang='lat' dir='ltr'>habebat,</span> <span class='ocrx_word' id='word_1_30' title='bbox 554 642 661 704; x_wconf 82' lang='lat' dir='ltr'>libram</span> <span class='ocrx_word' id='word_1_31' title='bbox 676 647 778 717; x_wconf 89' lang='lat' dir='ltr'>etiam,</span> <span class='ocrx_word' id='word_1_32' title='bbox 796 665 916 704; x_wconf 86' lang='lat' dir='ltr'>necnon</span> <span class='ocrx_word' id='word_1_33' title='bbox 927 653 958 704; x_wconf 90' lang='lat' dir='ltr'>et</span> <span class='ocrx_word' id='word_1_34' title='bbox 973 666 1069 722; x_wconf 88' lang='lat' dir='ltr'>genus</span> <span class='ocrx_word' id='word_1_35' title='bbox 1083 645 1203 704; x_wconf 90' lang='lat' dir='ltr'>mortis.</span> 
     </span>
     <span class='ocr_line' id='line_1_7' title="bbox 198 742 1219 822; baseline -0.001 -22"><span class='ocrx_word' id='word_1_36' title='bbox 198 743 354 822; x_wconf 13' lang='lat' dir='ltr'>*Tempore</span> <span class='ocrx_word' id='word_1_37' title='bbox 377 743 511 822; x_wconf 88' lang='lat' dir='ltr'>suspecti</span> <span class='ocrx_word' id='word_1_38' title='bbox 539 742 667 822; x_wconf 91' lang='lat' dir='ltr'>periculi</span> <span class='ocrx_word' id='word_1_39' title='bbox 692 743 971 822; x_wconf 75' lang='lat' dir='ltr'>appropinquante,</span> <span class='ocrx_word' id='word_1_40' title='bbox 993 742 1155 818; x_wconf 80' lang='lat' dir='ltr'>sollicitior</span> <span class='ocrx_word' id='word_1_41' title='bbox 1173 742 1219 805; x_wconf 81' lang='lat' dir='ltr'>in.</span> 
     </span>
     <span class='ocr_line' id='line_1_8' title="bbox 197 839 1205 920; baseline -0.002 -23"><span class='ocrx_word' id='word_1_42' title='bbox 197 839 280 914; x_wconf 86' lang='lat' dir='ltr'>dies,</span> <span class='ocrx_word' id='word_1_43' title='bbox 306 839 493 920; x_wconf 84' lang='lat' dir='ltr'>porticuum,</span> <span class='ocrx_word' id='word_1_44' title='bbox 519 840 551 898; x_wconf 90' lang='lat' dir='ltr'>in</span> <span class='ocrx_word' id='word_1_45' title='bbox 580 839 692 918; x_wconf 91' lang='lat' dir='ltr'>quibus</span> <span class='ocrx_word' id='word_1_46' title='bbox 715 841 842 918; x_wconf 89' lang='lat' dir='ltr'>spatiari</span> <span class='ocrx_word' id='word_1_47' title='bbox 868 846 1041 912; x_wconf 86' lang='lat' dir='ltr'>consuerat,</span> <span class='ocrx_word' id='word_1_48' title='bbox 1071 841 1205 918; x_wconf 86' lang='lat' dir='ltr'>parietes</span> 
     </span>
     <span class='ocr_line' id='line_1_9' title="bbox 197 935 1206 1016; baseline -0.005 -18"><span class='ocrx_word' id='word_1_49' title='bbox 197 937 371 1016; x_wconf 82' lang='lat' dir='ltr'>phengite*</span> <span class='ocrx_word' id='word_1_50' title='bbox 383 936 484 1016; x_wconf 91' lang='lat' dir='ltr'>lapide</span> <span class='ocrx_word' id='word_1_51' title='bbox 505 936 655 1008; x_wconf 76' lang='lat' dir='ltr'>distinxit,</span> <span class='ocrx_word' id='word_1_52' title='bbox 669 937 783 1016; x_wconf 85' lang='lat' dir='ltr'>ecujus</span> <span class='ocrx_word' id='word_1_53' title='bbox 803 936 965 1016; x_wconf 88' lang='lat' dir='ltr'>splendore</span> <span class='ocrx_word' id='word_1_54' title='bbox 983 956 1038 1015; x_wconf 88' lang='lat' dir='ltr'>per</span> <span class='ocrx_word' id='word_1_55' title='bbox 1056 935 1206 1013; x_wconf 84' lang='lat' dir='ltr'>imagines</span> 
     </span>
     <span class='ocr_line' id='line_1_10' title="bbox 200 1033 1206 1114; baseline -0.001 -23"><span class='ocrx_word' id='word_1_56' title='bbox 200 1033 353 1114; x_wconf 29' lang='lat' dir='ltr'>,quidquid</span> <span class='ocrx_word' id='word_1_57' title='bbox 365 1054 382 1092; x_wconf 91' lang='lat' dir='ltr'>a</span> <span class='ocrx_word' id='word_1_58' title='bbox 396 1042 482 1111; x_wconf 89' lang='lat' dir='ltr'>tergo</span> <span class='ocrx_word' id='word_1_59' title='bbox 498 1034 585 1092; x_wconf 83' lang='lat' dir='ltr'>fieret</span> <span class='ocrx_word' id='word_1_60' title='bbox 599 1033 786 1113; x_wconf 81' lang='lat' dir='ltr'>provideret</span> <span class='ocrx_word' id='word_1_61' title='bbox 809 1034 872 1091; x_wconf 91' lang='lat' dir='ltr'>Nec</span> <span class='ocrx_word' id='word_1_62' title='bbox 892 1033 950 1090; x_wconf 94' lang='lat' dir='ltr'>nisi</span> <span class='ocrx_word' id='word_1_63' title='bbox 973 1039 1090 1090; x_wconf 88' lang='lat' dir='ltr'>secreto</span> <span class='ocrx_word' id='word_1_64' title='bbox 1113 1040 1206 1112; x_wconf 90' lang='lat' dir='ltr'>atque</span> 
     </span>
     <span class='ocr_line' id='line_1_11' title="bbox 200 1129 1206 1209; baseline -0.003 -21"><span class='ocrx_word' id='word_1_65' title='bbox 200 1129 285 1188; x_wconf 85' lang='lat' dir='ltr'>solus</span> <span class='ocrx_word' id='word_1_66' title='bbox 311 1129 472 1209; x_wconf 88' lang='lat' dir='ltr'>plerasque</span> <span class='ocrx_word' id='word_1_67' title='bbox 498 1130 688 1202; x_wconf 82' lang='lat' dir='ltr'>custodias*,</span> <span class='ocrx_word' id='word_1_68' title='bbox 709 1130 840 1209; x_wconf 87' lang='lat' dir='ltr'>receptis</span> <span class='ocrx_word' id='word_1_69' title='bbox 860 1129 984 1208; x_wconf 87' lang='lat' dir='ltr'>quidem</span> <span class='ocrx_word' id='word_1_70' title='bbox 1019 1130 1050 1186; x_wconf 97' lang='lat' dir='ltr'>in</span> <span class='ocrx_word' id='word_1_71' title='bbox 1079 1149 1206 1186; x_wconf 80' lang='lat' dir='ltr'>niarium</span> 
     </span>
     <span class='ocr_line' id='line_1_12' title="bbox 202 1225 1205 1304; baseline 0 -20"><span class='ocrx_word' id='word_1_72' title='bbox 202 1228 330 1300; x_wconf 76' lang='lat' dir='ltr'>cateniS,</span> <span class='ocrx_word' id='word_1_73' title='bbox 358 1227 514 1290; x_wconf 83' lang='lat' dir='ltr'>audiebat.</span> <span class='ocrx_word' id='word_1_74' title='bbox 537 1227 700 1288; x_wconf 91' lang='lat' dir='ltr'>Continuis</span> <span class='ocrx_word' id='word_1_75' title='bbox 724 1235 794 1286; x_wconf 91' lang='lat' dir='ltr'>octo</span> <span class='ocrx_word' id='word_1_76' title='bbox 825 1225 982 1284; x_wconf 90' lang='lat' dir='ltr'>mensibus</span> <span class='ocrx_word' id='word_1_77' title='bbox 1006 1232 1053 1284; x_wconf 93' lang='lat' dir='ltr'>tot</span> <span class='ocrx_word' id='word_1_78' title='bbox 1079 1225 1205 1304; x_wconf 79' lang='lat' dir='ltr'>fulgura</span> 
     </span>
     <span class='ocr_line' id='line_1_13' title="bbox 202 1306 1204 1404; baseline -0.002 -22"><span class='ocrx_word' id='word_1_79' title='bbox 202 1324 284 1383; x_wconf 88' lang='lat' dir='ltr'>iacta</span> <span class='ocrx_word' id='word_1_80' title='bbox 301 1325 505 1404; x_wconf 86' lang='lat' dir='ltr'>nuntiataque</span> <span class='ocrx_word' id='word_1_81' title='bbox 525 1332 608 1396; x_wconf 90' lang='lat' dir='ltr'>sunt,</span> <span class='ocrx_word' id='word_1_82' title='bbox 633 1306 668 1384; x_wconf 84' lang='lat' dir='ltr'>rit</span> <span class='ocrx_word' id='word_1_83' title='bbox 691 1325 908 1382; x_wconf 87' lang='lat' dir='ltr'>exclamaverit</span> <span class='ocrx_word' id='word_1_84' title='bbox 926 1341 932 1382; x_wconf 91' lang='lat'>:</span> <span class='ocrx_word' id='word_1_85' title='bbox 949 1347 963 1378; x_wconf 65' lang='grc' dir='ltr'>(ι</span> <span class='ocrx_word' id='word_1_86' title='bbox 981 1316 1204 1401; x_wconf 81' lang='lat' dir='ltr'>Feriat*jam,</span> 
     </span>
     <span class='ocr_line' id='line_1_14' title="bbox 202 1419 1204 1501; baseline -0.006 -19"><span class='ocrx_word' id='word_1_87' title='bbox 202 1439 273 1482; x_wconf 87' lang='lat' dir='ltr'>cum</span> <span class='ocrx_word' id='word_1_88' title='bbox 297 1419 394 1480; x_wconf 85' lang='lat' dir='ltr'>volet!</span> <span class='ocrx_word' id='word_1_89' title='bbox 417 1446 444 1483; x_wconf 79' lang='lat' dir='ltr'>u.</span> <span class='ocrx_word' id='word_1_90' title='bbox 476 1421 626 1482; x_wconf 88' lang='lat' dir='ltr'>Liberalia</span> <span class='ocrx_word' id='word_1_91' title='bbox 655 1421 757 1480; x_wconf 89' lang='lat' dir='ltr'>studia</span> <span class='ocrx_word' id='word_1_92' title='bbox 783 1421 904 1501; x_wconf 89' lang='lat' dir='ltr'>imperii</span> <span class='ocrx_word' id='word_1_93' title='bbox 936 1420 1026 1478; x_wconf 88' lang='lat' dir='ltr'>initio</span> <span class='ocrx_word' id='word_1_94' title='bbox 1056 1419 1204 1498; x_wconf 82' lang='lat' dir='ltr'>neglexit,</span> 
     </span>
     <span class='ocr_line' id='line_1_15' title="bbox 203 1517 1208 1597; baseline -0.001 -22"><span class='ocrx_word' id='word_1_95' title='bbox 203 1537 388 1597; x_wconf 89' lang='lat' dir='ltr'>quamquam</span> <span class='ocrx_word' id='word_1_96' title='bbox 403 1518 605 1577; x_wconf 89' lang='lat' dir='ltr'>bibliothecas</span> <span class='ocrx_word' id='word_1_97' title='bbox 626 1517 768 1577; x_wconf 90' lang='lat' dir='ltr'>incendio</span> <span class='ocrx_word' id='word_1_98' title='bbox 787 1519 963 1596; x_wconf 90' lang='lat' dir='ltr'>absumptas</span> <span class='ocrx_word' id='word_1_99' title='bbox 983 1517 1208 1595; x_wconf 87' lang='lat' dir='ltr'>impensissime</span> 
     </span>
    </p>

    <p class='ocr_par' dir='ltr' id='par_1_4' title="bbox 101 1614 1208 1887">
     <span class='ocr_line' id='line_1_16' title="bbox 101 1614 1208 1695; baseline -0.003 -21"><span class='ocrx_word' id='word_1_100' title='bbox 101 1651 107 1655; x_wconf 93' lang='lat'>-</span> <span class='ocrx_word' id='word_1_101' title='bbox 201 1635 343 1694; x_wconf 87' lang='lat' dir='ltr'>reparare</span> <span class='ocrx_word' id='word_1_102' title='bbox 356 1624 502 1688; x_wconf 85' lang='lat' dir='ltr'>curasset,</span> <span class='ocrx_word' id='word_1_103' title='bbox 519 1615 744 1695; x_wconf 84' lang='lat' dir='ltr'>exemplaribus</span> <span class='ocrx_word' id='word_1_104' title='bbox 757 1615 892 1694; x_wconf 91' lang='lat' dir='ltr'>undique</span> <span class='ocrx_word' id='word_1_105' title='bbox 910 1615 1025 1693; x_wconf 85' lang='lat' dir='ltr'>petitis,</span> <span class='ocrx_word' id='word_1_106' title='bbox 1045 1614 1208 1692; x_wconf 87' lang='lat' dir='ltr'>missisque</span> 
     </span>
     <span class='ocr_line' id='line_1_17' title="bbox 202 1711 1208 1793; baseline -0.005 -21"><span class='ocrx_word' id='word_1_107' title='bbox 202 1713 419 1772; x_wconf 87' lang='lat' dir='ltr'>Alexandriam</span> <span class='ocrx_word' id='word_1_108' title='bbox 431 1718 443 1737; x_wconf 78' lang='lat'>&#39;</span> <span class='ocrx_word' id='word_1_109' title='bbox 453 1713 506 1793; x_wconf 91' lang='lat' dir='ltr'>qui</span> <span class='ocrx_word' id='word_1_110' title='bbox 519 1713 730 1772; x_wconf 89' lang='lat' dir='ltr'>describerent</span> <span class='ocrx_word' id='word_1_111' title='bbox 745 1711 1014 1791; x_wconf 88' lang='lat' dir='ltr'>emendarentque.</span> <span class='ocrx_word' id='word_1_112' title='bbox 1031 1712 1208 1790; x_wconf 90' lang='lat' dir='ltr'>Numquam</span> 
     </span>
     <span class='ocr_line' id='line_1_18' title="bbox 204 1807 1206 1887; baseline -0.003 -20"><span class='ocrx_word' id='word_1_113' title='bbox 204 1817 306 1870; x_wconf 88' lang='lat' dir='ltr'>tamen</span> <span class='ocrx_word' id='word_1_114' title='bbox 324 1811 532 1869; x_wconf 89' lang='lat' dir='ltr'>authistoriae</span> <span class='ocrx_word' id='word_1_115' title='bbox 544 1809 769 1869; x_wconf 89' lang='lat' dir='ltr'>carminibusve</span> <span class='ocrx_word' id='word_1_116' title='bbox 785 1808 947 1866; x_wconf 89' lang='lat' dir='ltr'>noscendis</span> <span class='ocrx_word' id='word_1_117' title='bbox 963 1829 1088 1887; x_wconf 90' lang='lat' dir='ltr'>operam</span> <span class='ocrx_word' id='word_1_118' title='bbox 1110 1807 1206 1866; x_wconf 92' lang='lat' dir='ltr'>ullam</span> 
     </span>
    </p>
   </div>
   <div class='ocr_carea' id='block_1_4' title="bbox 203 1904 1209 2076">
    <p class='ocr_par' dir='ltr' id='par_1_5' title="bbox 203 1904 1209 2076">
     <span class='ocr_line' id='line_1_19' title="bbox 204 1904 1209 1966; baseline -0.004 0"><span class='ocrx_word' id='word_1_119' title='bbox 204 1913 257 1966; x_wconf 87' lang='lat' dir='ltr'>aut</span> <span class='ocrx_word' id='word_1_120' title='bbox 278 1906 348 1964; x_wconf 91' lang='lat' dir='ltr'>stilo</span> <span class='ocrx_word' id='word_1_121' title='bbox 371 1907 418 1965; x_wconf 91' lang='lat' dir='ltr'>vel</span> <span class='ocrx_word' id='word_1_122' title='bbox 443 1909 615 1966; x_wconf 89' lang='lat' dir='ltr'>necessario</span> <span class='ocrx_word' id='word_1_123' title='bbox 631 1906 726 1965; x_wconf 90' lang='lat' dir='ltr'>dedit.</span> <span class='ocrx_word' id='word_1_124' title='bbox 755 1906 880 1964; x_wconf 88' lang='lat' dir='ltr'>Praeter</span> <span class='ocrx_word' id='word_1_125' title='bbox 899 1904 1156 1964; x_wconf 80' lang='lat' dir='ltr'>commentarios*</span> <span class='ocrx_word' id='word_1_126' title='bbox 1177 1910 1209 1962; x_wconf 91' lang='lat' dir='ltr'>et</span> 
     </span>
     <span class='ocr_line' id='line_1_20' title="bbox 203 1996 1209 2076; baseline -0.005 -18"><span class='ocrx_word' id='word_1_127' title='bbox 203 1999 288 2058; x_wconf 83' lang='lat' dir='ltr'>acta*</span> <span class='ocrx_word' id='word_1_128' title='bbox 303 1997 418 2057; x_wconf 88' lang='lat' dir='ltr'>Tiberii</span> <span class='ocrx_word' id='word_1_129' title='bbox 434 1997 564 2058; x_wconf 88' lang='lat' dir='ltr'>Caesaris</span> <span class='ocrx_word' id='word_1_130' title='bbox 575 1998 652 2058; x_wconf 92' lang='lat' dir='ltr'>nihil</span> <span class='ocrx_word' id='word_1_131' title='bbox 671 1997 845 2062; x_wconf 80' lang='lat' dir='ltr'>lectitabat:</span> <span class='ocrx_word' id='word_1_132' title='bbox 868 1997 1015 2076; x_wconf 90' lang='lat' dir='ltr'>epistulas</span> <span class='ocrx_word' id='word_1_133' title='bbox 1036 1996 1209 2055; x_wconf 90' lang='lat' dir='ltr'>orationes-</span> 
     </span>
    </p>
   </div>
   <div class='ocr_carea' id='block_1_5' title="bbox 203 2080 1210 2466">
    <p class='ocr_par' dir='ltr' id='par_1_6' title="bbox 203 2080 1210 2466">
     <span class='ocr_line' id='line_1_21' title="bbox 203 2080 1208 2176; baseline -0.003 -22"><span class='ocrx_word' id='word_1_134' title='bbox 203 2115 262 2176; x_wconf 90' lang='lat' dir='ltr'>que</span> <span class='ocrx_word' id='word_1_135' title='bbox 278 2103 309 2154; x_wconf 93' lang='lat' dir='ltr'>et</span> <span class='ocrx_word' id='word_1_136' title='bbox 319 2095 420 2154; x_wconf 91' lang='lat' dir='ltr'>edicta</span> <span class='ocrx_word' id='word_1_137' title='bbox 434 2095 555 2154; x_wconf 83' lang='lat' dir='ltr'>alieno*</span> <span class='ocrx_word' id='word_1_138' title='bbox 572 2095 726 2154; x_wconf 82' lang='lat' dir='ltr'>formabat</span> <span class='ocrx_word' id='word_1_139' title='bbox 746 2095 881 2172; x_wconf 88' lang='lat' dir='ltr'>ingenio.</span> <span class='ocrx_word' id='word_1_140' title='bbox 906 2094 952 2152; x_wconf 86' lang='lat' dir='ltr'>Ad</span> <span class='ocrx_word' id='word_1_141' title='bbox 972 2080 1079 2152; x_wconf 90' lang='lat' dir='ltr'>horam</span> <span class='ocrx_word' id='word_1_142' title='bbox 1106 2093 1208 2152; x_wconf 89' lang='lat' dir='ltr'>somni</span> 
     </span>
     <span class='ocr_line' id='line_1_22' title="bbox 203 2189 1210 2272; baseline -0.005 -20"><span class='ocrx_word' id='word_1_143' title='bbox 203 2193 280 2252; x_wconf 93' lang='lat' dir='ltr'>nihil</span> <span class='ocrx_word' id='word_1_144' title='bbox 296 2192 378 2251; x_wconf 91' lang='lat' dir='ltr'>aliud</span> <span class='ocrx_word' id='word_1_145' title='bbox 395 2213 487 2272; x_wconf 93' lang='lat' dir='ltr'>quam</span> <span class='ocrx_word' id='word_1_146' title='bbox 502 2193 584 2252; x_wconf 91' lang='lat' dir='ltr'>solus</span> <span class='ocrx_word' id='word_1_147' title='bbox 600 2201 717 2250; x_wconf 88' lang='lat' dir='ltr'>secreto</span> <span class='ocrx_word' id='word_1_148' title='bbox 731 2191 958 2250; x_wconf 90' lang='lat' dir='ltr'>deambulabat.</span> <span class='ocrx_word' id='word_1_149' title='bbox 977 2189 1210 2248; x_wconf 86' lang='lat' dir='ltr'>Condicionem</span> 
     </span>
     <span class='ocr_line' id='line_1_23' title="bbox 203 2286 1210 2369; baseline -0.001 -24"><span class='ocrx_word' id='word_1_150' title='bbox 203 2288 375 2369; x_wconf 90' lang='lat' dir='ltr'>principum</span> <span class='ocrx_word' id='word_1_151' title='bbox 393 2289 595 2347; x_wconf 89' lang='lat' dir='ltr'>miserrimam</span> <span class='ocrx_word' id='word_1_152' title='bbox 617 2289 728 2360; x_wconf 90' lang='lat' dir='ltr'>aiebat,</span> <span class='ocrx_word' id='word_1_153' title='bbox 753 2312 767 2342; x_wconf 92' lang='lat'>«</span> <span class='ocrx_word' id='word_1_154' title='bbox 791 2286 906 2368; x_wconf 82' lang='lat' dir='ltr'>quibus</span> <span class='ocrx_word' id='word_1_155' title='bbox 929 2286 966 2346; x_wconf 86' lang='lat' dir='ltr'>de</span> <span class='ocrx_word' id='word_1_156' title='bbox 986 2286 1210 2367; x_wconf 65' lang='lat' dir='ltr'>conjuratione</span> 
     </span>
     <span class='ocr_line' id='line_1_24' title="bbox 203 2384 891 2466; baseline 0 -22"><span class='ocrx_word' id='word_1_157' title='bbox 203 2392 358 2466; x_wconf 86' lang='lat' dir='ltr'>comperta</span> <span class='ocrx_word' id='word_1_158' title='bbox 371 2407 434 2444; x_wconf 85' lang='lat' dir='ltr'>non</span> <span class='ocrx_word' id='word_1_159' title='bbox 446 2385 635 2458; x_wconf 83' lang='lat' dir='ltr'>crederetur,</span> <span class='ocrx_word' id='word_1_160' title='bbox 661 2385 724 2443; x_wconf 82' lang='lat' dir='ltr'>nisi</span> <span class='ocrx_word' id='word_1_161' title='bbox 740 2384 849 2444; x_wconf 78' lang='lat' dir='ltr'>occisis</span> <span class='ocrx_word' id='word_1_162' title='bbox 866 2410 891 2444; x_wconf 74' lang='lat' dir='ltr'>r.</span> 
     </span>
    </p>
   </div>
   <div class='ocr_carea' id='block_1_6' title="bbox 204 2543 1209 2730">
    <p class='ocr_par' dir='ltr' id='par_1_7' title="bbox 204 2543 1209 2730">
     <span class='ocr_line' id='line_1_25' title="bbox 235 2543 1209 2607; baseline -0.001 -14"><span class='ocrx_word' id='word_1_163' title='bbox 235 2545 276 2593; x_wconf 76' lang='grc' dir='ltr'>111ο</span> <span class='ocrx_word' id='word_1_164' title='bbox 292 2543 354 2593; x_wconf 85' lang='grc'>119</span> <span class='ocrx_word' id='word_1_165' title='bbox 371 2557 378 2593; x_wconf 88' lang='lat'><strong>:</strong></span> <span class='ocrx_word' id='word_1_166' title='bbox 393 2545 455 2593; x_wconf 87' lang='lat' dir='ltr'>Per</span> <span class='ocrx_word' id='word_1_167' title='bbox 467 2545 537 2594; x_wconf 79' lang='lat' dir='ltr'>haec</span> <span class='ocrx_word' id='word_1_168' title='bbox 553 2543 641 2592; x_wconf 85' lang='lat' dir='ltr'>:l&#39;exil</span> <span class='ocrx_word' id='word_1_169' title='bbox 655 2545 702 2594; x_wconf 89' lang='lat' dir='ltr'>des</span> <span class='ocrx_word' id='word_1_170' title='bbox 719 2543 966 2607; x_wconf 72' lang='lat' dir='ltr'>philosophaster.</span> <span class='ocrx_word' id='word_1_171' title='bbox 983 2543 1084 2603; x_wconf 83' lang='lat' dir='ltr'>Tacite,</span> <span class='ocrx_word' id='word_1_172' title='bbox 1103 2543 1209 2606; x_wconf 66' lang='lat' dir='ltr'>Agrie,</span> 
     </span>
     <span class='ocr_line' id='line_1_26' title="bbox 204 2605 1209 2730; baseline 0 -78"><span class='ocrx_word' id='word_1_173' title='bbox 204 2611 231 2665; x_wconf 74' lang='lat'>23</span> <span class='ocrx_word' id='word_1_174' title='bbox 247 2608 274 2652; x_wconf 88' lang='lat' dir='ltr'>et</span> <span class='ocrx_word' id='word_1_175' title='bbox 288 2605 326 2653; x_wconf 88' lang='lat' dir='ltr'>ies</span> <span class='ocrx_word' id='word_1_176' title='bbox 339 2606 426 2653; x_wconf 89' lang='lat' dir='ltr'>beaux</span> <span class='ocrx_word' id='word_1_177' title='bbox 438 2620 499 2654; x_wconf 86' lang='lat' dir='ltr'>vers</span> <span class='ocrx_word' id='word_1_178' title='bbox 512 2607 545 2652; x_wconf 93' lang='lat' dir='ltr'>de</span> <span class='ocrx_word' id='word_1_179' title='bbox 558 2605 676 2730; x_wconf 78' lang='lat' dir='ltr'>Sulpicia</span> <span class='ocrx_word' id='word_1_180' title='bbox 692 2609 785 2654; x_wconf 90' lang='lat' dir='ltr'>contre</span> <span class='ocrx_word' id='word_1_181' title='bbox 798 2608 868 2653; x_wconf 87' lang='lat' dir='ltr'>cette</span> <span class='ocrx_word' id='word_1_182' title='bbox 882 2606 1031 2666; x_wconf 88' lang='lat' dir='ltr'>expulsion.</span> <span class='ocrx_word' id='word_1_183' title='bbox 1050 2605 1118 2652; x_wconf 85' lang='lat' dir='ltr'>Voir</span> <span class='ocrx_word' id='word_1_184' title='bbox 1130 2609 1209 2654; x_wconf 89' lang='lat' dir='ltr'>notre</span> 
     </span>
    </p>
   </div>
   <div class='ocr_carea' id='block_1_7' title="bbox 201 2666 1216 3839">
    <p class='ocr_par' dir='ltr' id='par_1_8' title="bbox 201 2666 1216 3839">
     <span class='ocr_line' id='line_1_27' title="bbox 204 2666 1212 2730; baseline -0.001 -14"><span class='ocrx_word' id='word_1_185' title='bbox 204 2667 368 2730; x_wconf 80' lang='lat' dir='ltr'>Anthologie</span> <span class='ocrx_word' id='word_1_186' title='bbox 381 2667 471 2728; x_wconf 85' lang='lat' dir='ltr'>latine,</span> <span class='ocrx_word' id='word_1_187' title='bbox 483 2682 550 2729; x_wconf 81' lang='lat' dir='ltr'>page</span> <span class='ocrx_word' id='word_1_188' title='bbox 563 2671 605 2714; x_wconf 83' lang='grc'>451</span> <span class='ocrx_word' id='word_1_189' title='bbox 626 2682 631 2726; x_wconf 94' lang='grc'>;</span> <span class='ocrx_word' id='word_1_190' title='bbox 646 2669 670 2716; x_wconf 88' lang='lat' dir='ltr'>la</span> <span class='ocrx_word' id='word_1_191' title='bbox 681 2667 799 2716; x_wconf 77' lang='lat' dir='ltr'>deletion</span> <span class='ocrx_word' id='word_1_192' title='bbox 812 2667 965 2728; x_wconf 76' lang='lat' dir='ltr'>organisde3</span> <span class='ocrx_word' id='word_1_193' title='bbox 977 2668 1016 2714; x_wconf 92' lang='lat' dir='ltr'>les</span> <span class='ocrx_word' id='word_1_194' title='bbox 1027 2666 1152 2715; x_wconf 77' lang='lat' dir='ltr'>cruautds</span> <span class='ocrx_word' id='word_1_195' title='bbox 1164 2668 1212 2716; x_wconf 88' lang='lat' dir='ltr'>des</span> 
     </span>
     <span class='ocr_line' id='line_1_28' title="bbox 205 2729 1212 2792; baseline 0 -16"><span class='ocrx_word' id='word_1_196' title='bbox 205 2730 339 2777; x_wconf 81' lang='lat' dir='ltr'>dernieres</span> <span class='ocrx_word' id='word_1_197' title='bbox 352 2730 450 2777; x_wconf 76' lang='lat' dir='ltr'>annees</span> <span class='ocrx_word' id='word_1_198' title='bbox 459 2731 492 2776; x_wconf 91' lang='lat' dir='ltr'>de</span> <span class='ocrx_word' id='word_1_199' title='bbox 503 2744 551 2777; x_wconf 94' lang='lat' dir='ltr'>son</span> <span class='ocrx_word' id='word_1_200' title='bbox 560 2730 653 2790; x_wconf 70' lang='lat' dir='ltr'>regne,</span> <span class='ocrx_word' id='word_1_201' title='bbox 667 2744 715 2777; x_wconf 92' lang='lat' dir='ltr'>son</span> <span class='ocrx_word' id='word_1_202' title='bbox 725 2730 812 2792; x_wconf 86' lang='lat' dir='ltr'>esprit</span> <span class='ocrx_word' id='word_1_203' title='bbox 822 2743 1027 2790; x_wconf 75' lang='lat' dir='ltr'>soupconneux3</span> <span class='ocrx_word' id='word_1_204' title='bbox 1041 2743 1070 2776; x_wconf 90' lang='lat' dir='ltr'>sa</span> <span class='ocrx_word' id='word_1_205' title='bbox 1083 2729 1212 2776; x_wconf 89' lang='lat' dir='ltr'>solitude.</span> 
     </span>
     <span class='ocr_line' id='line_1_29' title="bbox 204 2789 1213 2853; baseline -0.003 -13"><span class='ocrx_word' id='word_1_206' title='bbox 204 2817 234 2826; x_wconf 90' lang='lat'>-·</span> <span class='ocrx_word' id='word_1_207' title='bbox 247 2791 405 2852; x_wconf 79' lang='lat' dir='ltr'>Phengite</span> <span class='ocrx_word' id='word_1_208' title='bbox 424 2805 429 2838; x_wconf 92' lang='lat'>:</span> <span class='ocrx_word' id='word_1_209' title='bbox 468 2793 535 2838; x_wconf 91' lang='lat' dir='ltr'>ierre</span> <span class='ocrx_word' id='word_1_210' title='bbox 549 2791 695 2853; x_wconf 78' lang='lat' dir='ltr'>precieuse,</span> <span class='ocrx_word' id='word_1_211' title='bbox 709 2791 823 2838; x_wconf 89' lang='lat' dir='ltr'>blanche</span> <span class='ocrx_word' id='word_1_212' title='bbox 838 2793 866 2838; x_wconf 88' lang='lat' dir='ltr'>et</span> <span class='ocrx_word' id='word_1_213' title='bbox 878 2792 1073 2852; x_wconf 88' lang='lat' dir='ltr'>transparente,</span> <span class='ocrx_word' id='word_1_214' title='bbox 1089 2805 1140 2850; x_wconf 87' lang='lat' dir='ltr'>que</span> <span class='ocrx_word' id='word_1_215' title='bbox 1157 2789 1213 2839; x_wconf 88' lang='lat' dir='ltr'>l&#39;on</span> 
     </span>
     <span class='ocr_line' id='line_1_30' title="bbox 205 2851 1214 2962; baseline 0.004 -63"><span class='ocrx_word' id='word_1_216' title='bbox 205 2853 295 2900; x_wconf 82' lang='lat' dir='ltr'>iaisait</span> <span class='ocrx_word' id='word_1_217' title='bbox 304 2854 380 2899; x_wconf 88' lang='lat' dir='ltr'>venir</span> <span class='ocrx_word' id='word_1_218' title='bbox 392 2854 424 2899; x_wconf 91' lang='lat' dir='ltr'>dc</span> <span class='ocrx_word' id='word_1_219' title='bbox 456 2869 471 2900; x_wconf 93' lang='lat' dir='ltr'>a</span> <span class='ocrx_word' id='word_1_220' title='bbox 492 2855 594 2914; x_wconf 90' lang='lat' dir='ltr'>padoce</span> <span class='ocrx_word' id='word_1_221' title='bbox 604 2853 686 2962; x_wconf 56' lang='grc' dir='ltr'>(ξ’ϋηε</span> <span class='ocrx_word' id='word_1_222' title='bbox 694 2851 790 2912; x_wconf 86' lang='lat' dir='ltr'>l&#39;Anc.,</span> <span class='ocrx_word' id='word_1_223' title='bbox 800 2852 922 2913; x_wconf 85' lang='lat' dir='ltr'>XXXVI,</span> <span class='ocrx_word' id='word_1_224' title='bbox 934 2857 962 2898; x_wconf 82' lang='lat'>22</span> <span class='ocrx_word' id='word_1_225' title='bbox 974 2851 1214 2914; x_wconf 60' lang='lat' dir='ltr'>catat-Custo-</span> 
     </span>
     <span class='ocr_line' id='line_1_31' title="bbox 205 2913 1212 2975; baseline 0.001 -12"><span class='ocrx_word' id='word_1_226' title='bbox 205 2913 453 2964; x_wconf 82' lang='lat' dir='ltr'>dias=custodiae</span> <span class='ocrx_word' id='word_1_227' title='bbox 480 2915 595 2963; x_wconf 85' lang='lat' dir='ltr'>atos.Cf.</span> <span class='ocrx_word' id='word_1_228' title='bbox 629 2913 1212 2975; x_wconf 75' lang='lat' dir='ltr'>ouile,dPlessis-les-Tours.-Feriat,</span> 
     </span>
     <span class='ocr_line' id='line_1_32' title="bbox 205 2974 1213 3038; baseline 0 -14"><span class='ocrx_word' id='word_1_229' title='bbox 205 2977 397 3025; x_wconf 90' lang='lat' dir='ltr'>sous-entendu</span> <span class='ocrx_word' id='word_1_230' title='bbox 414 2975 520 3038; x_wconf 71' lang='lat' dir='ltr'>sulpur.</span> <span class='ocrx_word' id='word_1_231' title='bbox 539 2975 610 3024; x_wconf 86' lang='lat' dir='ltr'>C&#39;est</span> <span class='ocrx_word' id='word_1_232' title='bbox 628 2977 652 3023; x_wconf 92' lang='lat' dir='ltr'>le</span> <span class='ocrx_word' id='word_1_233' title='bbox 673 2979 730 3023; x_wconf 87' lang='lat' dir='ltr'>sort</span> <span class='ocrx_word' id='word_1_234' title='bbox 746 2977 793 3024; x_wconf 89' lang='lat' dir='ltr'>des</span> <span class='ocrx_word' id='word_1_235' title='bbox 813 2979 915 3038; x_wconf 88' lang='lat' dir='ltr'>tyrans.</span> <span class='ocrx_word' id='word_1_236' title='bbox 930 2975 969 3023; x_wconf 89' lang='lat' dir='ltr'>Cf.</span> <span class='ocrx_word' id='word_1_237' title='bbox 987 2976 1026 3023; x_wconf 92' lang='lat' dir='ltr'>les</span> <span class='ocrx_word' id='word_1_238' title='bbox 1044 2974 1213 3036; x_wconf 86' lang='lat' dir='ltr'>pre&#39;dictions</span> 
     </span>
     <span class='ocr_line' id='line_1_33' title="bbox 205 3037 1214 3099; baseline 0 -15"><span class='ocrx_word' id='word_1_239' title='bbox 205 3039 238 3084; x_wconf 92' lang='lat' dir='ltr'>de</span> <span class='ocrx_word' id='word_1_240' title='bbox 249 3037 367 3084; x_wconf 89' lang='lat' dir='ltr'>Burrhus</span> <span class='ocrx_word' id='word_1_241' title='bbox 378 3040 391 3084; x_wconf 81' lang='lat' dir='ltr'>a</span> <span class='ocrx_word' id='word_1_242' title='bbox 401 3037 490 3084; x_wconf 77' lang='lat' dir='ltr'>Neron</span> <span class='ocrx_word' id='word_1_243' title='bbox 501 3039 567 3086; x_wconf 80' lang='lat' dir='ltr'>dans</span> <span class='ocrx_word' id='word_1_244' title='bbox 579 3037 678 3085; x_wconf 81' lang='lat' dir='ltr'>Recine</span> <span class='ocrx_word' id='word_1_245' title='bbox 690 3037 881 3098; x_wconf 84' lang='lat' dir='ltr'>(Britannicus,</span> <span class='ocrx_word' id='word_1_246' title='bbox 890 3039 951 3084; x_wconf 89' lang='lat' dir='ltr'>acte</span> <span class='ocrx_word' id='word_1_247' title='bbox 962 3037 1008 3099; x_wconf 85' lang='lat' dir='ltr'>IV,</span> <span class='ocrx_word' id='word_1_248' title='bbox 1018 3052 1055 3084; x_wconf 92' lang='lat' dir='ltr'>sc.</span> <span class='ocrx_word' id='word_1_249' title='bbox 1064 3037 1087 3099; x_wconf 81' lang='lat'>3)</span> <span class='ocrx_word' id='word_1_250' title='bbox 1100 3051 1106 3084; x_wconf 90' lang='lat'><strong>:</strong></span> <span class='ocrx_word' id='word_1_251' title='bbox 1119 3038 1214 3086; x_wconf 89' lang='lat' dir='ltr'>Craint</span> 
     </span>
     <span class='ocr_line' id='line_1_34' title="bbox 205 3097 1213 3161; baseline 0.002 -17"><span class='ocrx_word' id='word_1_252' title='bbox 205 3100 238 3145; x_wconf 92' lang='lat' dir='ltr'>de</span> <span class='ocrx_word' id='word_1_253' title='bbox 250 3101 311 3145; x_wconf 90' lang='lat' dir='ltr'>tout</span> <span class='ocrx_word' id='word_1_254' title='bbox 321 3097 446 3146; x_wconf 88' lang='lat' dir='ltr'>l&#39;univers</span> <span class='ocrx_word' id='word_1_255' title='bbox 459 3100 477 3146; x_wconf 94' lang='lat' dir='ltr'>il</span> <span class='ocrx_word' id='word_1_256' title='bbox 494 3115 561 3147; x_wconf 91' lang='lat' dir='ltr'>vous</span> <span class='ocrx_word' id='word_1_257' title='bbox 575 3101 668 3147; x_wconf 83' lang='lat' dir='ltr'>faudra</span> <span class='ocrx_word' id='word_1_258' title='bbox 680 3101 741 3147; x_wconf 89' lang='lat' dir='ltr'>tout</span> <span class='ocrx_word' id='word_1_259' title='bbox 753 3100 883 3160; x_wconf 88' lang='lat' dir='ltr'>craindre,</span> <span class='ocrx_word' id='word_1_260' title='bbox 898 3099 1031 3160; x_wconf 86' lang='lat' dir='ltr'>Toujours</span> <span class='ocrx_word' id='word_1_261' title='bbox 1043 3099 1132 3161; x_wconf 89' lang='lat' dir='ltr'>punir,</span> <span class='ocrx_word' id='word_1_262' title='bbox 1150 3102 1213 3146; x_wconf 86' lang='lat' dir='ltr'>tbu-</span> 
     </span>
     <span class='ocr_line' id='line_1_35' title="bbox 201 3161 1213 3223; baseline 0.001 -16"><span class='ocrx_word' id='word_1_263' title='bbox 201 3161 278 3222; x_wconf 85' lang='lat' dir='ltr'>jours</span> <span class='ocrx_word' id='word_1_264' title='bbox 292 3161 419 3207; x_wconf 89' lang='lat' dir='ltr'>trembler</span> <span class='ocrx_word' id='word_1_265' title='bbox 431 3162 497 3208; x_wconf 90' lang='lat' dir='ltr'>dans</span> <span class='ocrx_word' id='word_1_266' title='bbox 509 3176 558 3210; x_wconf 92' lang='lat' dir='ltr'>vos</span> <span class='ocrx_word' id='word_1_267' title='bbox 570 3163 681 3223; x_wconf 84' lang='lat' dir='ltr'>projets,</span> <span class='ocrx_word' id='word_1_268' title='bbox 695 3161 730 3208; x_wconf 88' lang='lat' dir='ltr'>Et</span> <span class='ocrx_word' id='word_1_269' title='bbox 742 3175 810 3223; x_wconf 89' lang='lat' dir='ltr'>pour</span> <span class='ocrx_word' id='word_1_270' title='bbox 821 3175 870 3208; x_wconf 92' lang='lat' dir='ltr'>vos</span> <span class='ocrx_word' id='word_1_271' title='bbox 883 3161 1003 3208; x_wconf 90' lang='lat' dir='ltr'>ennemis</span> <span class='ocrx_word' id='word_1_272' title='bbox 1015 3163 1138 3223; x_wconf 89' lang='lat' dir='ltr'>compter</span> <span class='ocrx_word' id='word_1_273' title='bbox 1149 3163 1213 3208; x_wconf 89' lang='lat' dir='ltr'>tous</span> 
     </span>
     <span class='ocr_line' id='line_1_36' title="bbox 204 3222 1213 3284; baseline 0.006 -17"><span class='ocrx_word' id='word_1_274' title='bbox 204 3236 253 3268; x_wconf 90' lang='lat' dir='ltr'>vos</span> <span class='ocrx_word' id='word_1_275' title='bbox 268 3222 360 3282; x_wconf 75' lang='lat' dir='ltr'>sujets.</span> <span class='ocrx_word' id='word_1_276' title='bbox 373 3222 411 3270; x_wconf 88' lang='lat' dir='ltr'>Cl.</span> <span class='ocrx_word' id='word_1_277' title='bbox 424 3225 496 3270; x_wconf 88' lang='lat' dir='ltr'>aussi</span> <span class='ocrx_word' id='word_1_278' title='bbox 503 3223 542 3270; x_wconf 92' lang='lat' dir='ltr'>les</span> <span class='ocrx_word' id='word_1_279' title='bbox 550 3226 667 3270; x_wconf 89' lang='lat' dir='ltr'>terreurs</span> <span class='ocrx_word' id='word_1_280' title='bbox 679 3225 824 3270; x_wconf 89' lang='lat' dir='ltr'>nocturnes</span> <span class='ocrx_word' id='word_1_281' title='bbox 834 3223 866 3268; x_wconf 90' lang='lat' dir='ltr'>de</span> <span class='ocrx_word' id='word_1_282' title='bbox 875 3222 963 3270; x_wconf 79' lang='lat' dir='ltr'>Neron</span> <span class='ocrx_word' id='word_1_283' title='bbox 972 3223 1051 3284; x_wconf 75' lang='lat' dir='ltr'>apres</span> <span class='ocrx_word' id='word_1_284' title='bbox 1061 3223 1086 3270; x_wconf 87' lang='lat' dir='ltr'>le</span> <span class='ocrx_word' id='word_1_285' title='bbox 1093 3224 1213 3272; x_wconf 77' lang='lat' dir='ltr'>meurtre</span> 
     </span>
     <span class='ocr_line' id='line_1_37' title="bbox 205 3282 1213 3345; baseline 0.001 -16"><span class='ocrx_word' id='word_1_286' title='bbox 205 3282 379 3344; x_wconf 82' lang='lat' dir='ltr'>d&#39;Agrippine</span> <span class='ocrx_word' id='word_1_287' title='bbox 391 3284 501 3344; x_wconf 81' lang='lat' dir='ltr'>(Tacite,</span> <span class='ocrx_word' id='word_1_288' title='bbox 515 3287 596 3345; x_wconf 68' lang='lat' dir='ltr'>Anu,</span> <span class='ocrx_word' id='word_1_289' title='bbox 613 3285 685 3345; x_wconf 90' lang='lat' dir='ltr'>XlV,</span> <span class='ocrx_word' id='word_1_290' title='bbox 699 3285 747 3344; x_wconf 67' lang='lat'>10).</span> <span class='ocrx_word' id='word_1_291' title='bbox 761 3311 791 3320; x_wconf 88' lang='lat'>-</span> <span class='ocrx_word' id='word_1_292' title='bbox 804 3283 1043 3334; x_wconf 79' lang='lat' dir='ltr'>Alexandriam</span> <span class='ocrx_word' id='word_1_293' title='bbox 1057 3297 1062 3331; x_wconf 90' lang='lat'>:</span> <span class='ocrx_word' id='word_1_294' title='bbox 1076 3284 1101 3331; x_wconf 87' lang='lat' dir='ltr'>la</span> <span class='ocrx_word' id='word_1_295' title='bbox 1112 3286 1213 3345; x_wconf 85' lang='lat' dir='ltr'>grande</span> 
     </span>
     <span class='ocr_line' id='line_1_38' title="bbox 205 3344 1212 3408; baseline 0.002 -17"><span class='ocrx_word' id='word_1_296' title='bbox 205 3344 390 3405; x_wconf 80' lang='lat' dir='ltr'>bibliotheque</span> <span class='ocrx_word' id='word_1_297' title='bbox 403 3347 435 3392; x_wconf 91' lang='lat' dir='ltr'>de</span> <span class='ocrx_word' id='word_1_298' title='bbox 450 3345 584 3393; x_wconf 78' lang='lat' dir='ltr'>Ptoleme&#39;e</span> <span class='ocrx_word' id='word_1_299' title='bbox 603 3346 775 3408; x_wconf 88' lang='lat' dir='ltr'>Philadelphe</span> <span class='ocrx_word' id='word_1_300' title='bbox 793 3347 866 3394; x_wconf 81' lang='lat' dir='ltr'>avait</span> <span class='ocrx_word' id='word_1_301' title='bbox 883 3346 925 3392; x_wconf 79' lang='lat' dir='ltr'>ete&#39;</span> <span class='ocrx_word' id='word_1_302' title='bbox 937 3346 1030 3392; x_wconf 80' lang='lat' dir='ltr'>brulee</span> <span class='ocrx_word' id='word_1_303' title='bbox 1043 3360 1106 3393; x_wconf 92' lang='lat' dir='ltr'>sous</span> <span class='ocrx_word' id='word_1_304' title='bbox 1120 3345 1212 3406; x_wconf 89' lang='lat' dir='ltr'>Ce&#39;sar,</span> 
     </span>
     <span class='ocr_line' id='line_1_39' title="bbox 205 3406 1212 3482; baseline 0.002 -30"><span class='ocrx_word' id='word_1_305' title='bbox 205 3407 325 3468; x_wconf 89' lang='lat' dir='ltr'>pendant</span> <span class='ocrx_word' id='word_1_306' title='bbox 339 3408 364 3454; x_wconf 89' lang='lat' dir='ltr'>la</span> <span class='ocrx_word' id='word_1_307' title='bbox 380 3421 473 3468; x_wconf 85' lang='lat' dir='ltr'>guerre</span> <span class='ocrx_word' id='word_1_308' title='bbox 487 3406 673 3454; x_wconf 80' lang='lat' dir='ltr'>d‘AIexandrie</span> <span class='ocrx_word' id='word_1_309' title='bbox 688 3423 693 3454; x_wconf 93' lang='lat'><strong>:</strong></span> <span class='ocrx_word' id='word_1_310' title='bbox 707 3409 726 3455; x_wconf 92' lang='lat' dir='ltr'>il</span> <span class='ocrx_word' id='word_1_311' title='bbox 739 3407 815 3482; x_wconf 85' lang='lat' dir='ltr'>s&#39;agit</span> <span class='ocrx_word' id='word_1_312' title='bbox 828 3408 1034 3468; x_wconf 87' lang='lat' dir='ltr'>probablemeht</span> <span class='ocrx_word' id='word_1_313' title='bbox 1049 3408 1083 3454; x_wconf 93' lang='lat' dir='ltr'>ici</span> <span class='ocrx_word' id='word_1_314' title='bbox 1099 3407 1132 3454; x_wconf 83' lang='lat' dir='ltr'>de</span> <span class='ocrx_word' id='word_1_315' title='bbox 1145 3408 1212 3455; x_wconf 88' lang='lat' dir='ltr'>celle</span> 
     </span>
     <span class='ocr_line' id='line_1_40' title="bbox 205 3467 1214 3530; baseline 0.003 -16"><span class='ocrx_word' id='word_1_316' title='bbox 205 3469 238 3514; x_wconf 90' lang='lat' dir='ltr'>de</span> <span class='ocrx_word' id='word_1_317' title='bbox 255 3468 387 3528; x_wconf 28' lang='lat' dir='ltr'>,Pergama</span> <span class='ocrx_word' id='word_1_318' title='bbox 410 3467 571 3530; x_wconf 85' lang='lat' dir='ltr'>qu&#39;Antoine</span> <span class='ocrx_word' id='word_1_319' title='bbox 593 3471 682 3517; x_wconf 90' lang='lat' dir='ltr'>donna</span> <span class='ocrx_word' id='word_1_320' title='bbox 706 3470 720 3516; x_wconf 79' lang='lat' dir='ltr'>a</span> <span class='ocrx_word' id='word_1_321' title='bbox 743 3469 881 3530; x_wconf 79' lang='lat' dir='ltr'>Cleopatra</span> <span class='ocrx_word' id='word_1_322' title='bbox 903 3473 930 3516; x_wconf 87' lang='lat' dir='ltr'>et</span> <span class='ocrx_word' id='word_1_323' title='bbox 955 3469 985 3517; x_wconf 88' lang='lat' dir='ltr'>fit</span> <span class='ocrx_word' id='word_1_324' title='bbox 1006 3472 1175 3530; x_wconf 87' lang='lat' dir='ltr'>transporter</span> <span class='ocrx_word' id='word_1_325' title='bbox 1197 3471 1214 3517; x_wconf 78' lang='lat' dir='ltr'>a</span> 
     </span>
     <span class='ocr_line' id='line_1_41' title="bbox 205 3530 1212 3591; baseline 0.001 -15"><span class='ocrx_word' id='word_1_326' title='bbox 205 3530 375 3578; x_wconf 85' lang='lat' dir='ltr'>Alexandrie.</span> <span class='ocrx_word' id='word_1_327' title='bbox 388 3557 418 3565; x_wconf 94' lang='lat'>-</span> <span class='ocrx_word' id='word_1_328' title='bbox 430 3531 696 3581; x_wconf 81' lang='lat' dir='ltr'>Commentarios.</span> <span class='ocrx_word' id='word_1_329' title='bbox 710 3531 817 3580; x_wconf 89' lang='lat' dir='ltr'>Comme</span> <span class='ocrx_word' id='word_1_330' title='bbox 828 3531 1056 3591; x_wconf 89' lang='lat' dir='ltr'>administrateur,</span> <span class='ocrx_word' id='word_1_331' title='bbox 1065 3530 1212 3591; x_wconf 89' lang='lat' dir='ltr'>Domitien,</span> 
     </span>
     <span class='ocr_line' id='line_1_42' title="bbox 206 3591 1213 3654; baseline 0.001 -17"><span class='ocrx_word' id='word_1_332' title='bbox 206 3591 246 3638; x_wconf 90' lang='lat' dir='ltr'>dit</span> <span class='ocrx_word' id='word_1_333' title='bbox 259 3591 363 3654; x_wconf 88' lang='lat' dir='ltr'>Duruy,</span> <span class='ocrx_word' id='word_1_334' title='bbox 376 3611 387 3635; x_wconf 75' lang='grc' dir='ltr'>(ι</span> <span class='ocrx_word' id='word_1_335' title='bbox 401 3595 467 3654; x_wconf 89' lang='lat' dir='ltr'>peut</span> <span class='ocrx_word' id='word_1_336' title='bbox 476 3607 570 3654; x_wconf 89' lang='lat' dir='ltr'>passer</span> <span class='ocrx_word' id='word_1_337' title='bbox 582 3609 650 3653; x_wconf 90' lang='lat' dir='ltr'>pour</span> <span class='ocrx_word' id='word_1_338' title='bbox 661 3608 695 3639; x_wconf 89' lang='lat' dir='ltr'>un</span> <span class='ocrx_word' id='word_1_339' title='bbox 708 3594 800 3654; x_wconf 91' lang='lat' dir='ltr'>prince</span> <span class='ocrx_word' id='word_1_340' title='bbox 813 3593 895 3639; x_wconf 85' lang='lat' dir='ltr'>ferme</span> <span class='ocrx_word' id='word_1_341' title='bbox 906 3597 933 3640; x_wconf 90' lang='lat' dir='ltr'>et</span> <span class='ocrx_word' id='word_1_342' title='bbox 944 3593 1056 3654; x_wconf 86' lang='lat' dir='ltr'>vigilant</span> <span class='ocrx_word' id='word_1_343' title='bbox 1067 3612 1088 3640; x_wconf 88' lang='lat'>».</span> <span class='ocrx_word' id='word_1_344' title='bbox 1103 3591 1213 3639; x_wconf 88' lang='lat' dir='ltr'>Comme</span> 
     </span>
     <span class='ocr_line' id='line_1_43' title="bbox 206 3647 1214 3716; baseline 0.004 -18"><span class='ocrx_word' id='word_1_345' title='bbox 206 3647 224 3698; x_wconf 91' lang='lat' dir='ltr'>il</span> <span class='ocrx_word' id='word_1_346' title='bbox 237 3655 395 3713; x_wconf 88' lang='lat' dir='ltr'>gouvcrnait</span> <span class='ocrx_word' id='word_1_347' title='bbox 409 3669 458 3716; x_wconf 90' lang='lat' dir='ltr'>par</span> <span class='ocrx_word' id='word_1_348' title='bbox 471 3655 496 3702; x_wconf 91' lang='lat' dir='ltr'>la</span> <span class='ocrx_word' id='word_1_349' title='bbox 513 3658 623 3710; x_wconf 88' lang='lat' dir='ltr'>terreur,</span> <span class='ocrx_word' id='word_1_350' title='bbox 640 3656 658 3701; x_wconf 93' lang='lat' dir='ltr'>il</span> <span class='ocrx_word' id='word_1_351' title='bbox 671 3657 711 3701; x_wconf 88' lang='lat' dir='ltr'>est</span> <span class='ocrx_word' id='word_1_352' title='bbox 725 3655 829 3702; x_wconf 87' lang='lat' dir='ltr'>naturel</span> <span class='ocrx_word' id='word_1_353' title='bbox 844 3653 907 3716; x_wconf 84' lang='lat' dir='ltr'>qu&#39;il</span> <span class='ocrx_word' id='word_1_354' title='bbox 922 3655 1004 3702; x_wconf 75' lang='lat' dir='ltr'>ulmal</span> <span class='ocrx_word' id='word_1_355' title='bbox 1016 3654 1055 3702; x_wconf 90' lang='lat' dir='ltr'>les</span> <span class='ocrx_word' id='word_1_356' title='bbox 1069 3654 1214 3702; x_wconf 79' lang='lat' dir='ltr'>Memoires</span> 
     </span>
     <span class='ocr_line' id='line_1_44' title="bbox 204 3714 1216 3780; baseline 0.004 -20"><span class='ocrx_word' id='word_1_357' title='bbox 204 3714 239 3760; x_wconf 92' lang='lat' dir='ltr'>de</span> <span class='ocrx_word' id='word_1_358' title='bbox 261 3714 365 3763; x_wconf 81' lang='lat' dir='ltr'>Tibere.</span> <span class='ocrx_word' id='word_1_359' title='bbox 384 3742 414 3752; x_wconf 91' lang='lat'>-</span> <span class='ocrx_word' id='word_1_360' title='bbox 437 3715 532 3773; x_wconf 81' lang='lat' dir='ltr'>Acta,</span> <span class='ocrx_word' id='word_1_361' title='bbox 551 3718 745 3764; x_wconf 89' lang='lat' dir='ltr'>sous-entendu</span> <span class='ocrx_word' id='word_1_362' title='bbox 760 3715 879 3780; x_wconf 85' lang='lat' dir='ltr'>publica.</span> <span class='ocrx_word' id='word_1_363' title='bbox 901 3716 967 3764; x_wconf 89' lang='lat' dir='ltr'>Voir</span> <span class='ocrx_word' id='word_1_364' title='bbox 989 3731 1021 3762; x_wconf 91' lang='lat' dir='ltr'>au</span> <span class='ocrx_word' id='word_1_365' title='bbox 1046 3716 1160 3778; x_wconf 88' lang='lat' dir='ltr'>lexique.</span> <span class='ocrx_word' id='word_1_366' title='bbox 1181 3739 1216 3753; x_wconf 91' lang='lat'><em>-</em></span> 
     </span>
     <span class='ocr_line' id='line_1_45' title="bbox 204 3775 750 3839; baseline 0.004 -15"><span class='ocrx_word' id='word_1_367' title='bbox 204 3775 342 3826; x_wconf 83' lang='lat' dir='ltr'>Alieno:</span> <span class='ocrx_word' id='word_1_368' title='bbox 357 3792 405 3825; x_wconf 91' lang='lat' dir='ltr'>son</span> <span class='ocrx_word' id='word_1_369' title='bbox 419 3779 574 3839; x_wconf 88' lang='lat' dir='ltr'>conseil,ses</span> <span class='ocrx_word' id='word_1_370' title='bbox 585 3779 750 3826; x_wconf 88' lang='lat' dir='ltr'>secre&#39;taires.</span> 
     </span>
    </p>
   </div>
   <div class='ocr_carea' id='block_1_8' title="bbox 630 3913 800 3996">
    <p class='ocr_par' dir='ltr' id='par_1_9' title="bbox 630 3913 800 3996">
     <span class='ocr_line' id='line_1_46' title="bbox 630 3913 800 3996; baseline -0.006 -33"><span class='ocrx_word' id='word_1_371' title='bbox 630 3941 663 3951; x_wconf 91' lang='lat'><em>-</em></span> <span class='ocrx_word' id='word_1_372' title='bbox 687 3913 737 3963; x_wconf 81' lang='lat'>120</span> <span class='ocrx_word' id='word_1_373' title='bbox 756 3941 800 3996; x_wconf 27' lang='grc' dir='ltr'>-Λ</span> 
     </span>
    </p>
   </div>
   <div class='ocr_carea' id='block_1_9' title="bbox 0 0 1341 4244">
    <p class='ocr_par' dir='ltr' id='par_1_10' title="bbox 0 0 1341 4244">
     <span class='ocr_line' id='line_1_47' title="bbox 0 0 1341 4244; baseline 0 0"><span class='ocrx_word' id='word_1_374' title='bbox 0 0 1341 4244; x_wconf 95' lang='lat' dir='ltr'> </span> 
     </span>
    </p>
   </div>
  </div>
 </body>
</html>
