2664 4234
431 151 517 208 48³.
537 151 655 208 Molee
670 150 708 206 et
725 147 760 204 le
773 149 975 205 Judatsme.

499 237 546 300 (De
559 237 647 299 Moyse
660 237 684 284 et
694 235 807 284 ludaico
817 237 913 300 cultu.)

150 354 191 416 3²
246 353 374 413 Plurimi
389 353 547 412 auctores*
561 352 769 423 consentiunt,
788 359 853 412 orta
867 374 922 431 per
935 355 1110 434 AEgyptum
1127 353 1214 412 tabe‘

107 490 109 496 π
206 471 276 530 quae
288 470 418 530 corpora
434 448 573 517 soedaret
588 469 690 527 regem
704 448 998 509 Bocchorim*adito
1013 449 1215 510 Hammonis*

206 547 330 607 oraculo
342 546 511 606 remedium
526 553 693 627 petentem,
708 565 839 624 purgare
854 567 982 624 regnum
1003 555 1034 607 et
1056 546 1087 605 id
1114 567 1216 625 genus

207 645 368 703 homiuum
382 649 416 703 ut
428 644 562 701 invisum
585 643 643 701 diis
658 643 731 700 alias
751 643 783 700 in
808 651 903 703 terras
924 644 1056 704 avehere
1072 644 1213 725 jussum.

206 742 256 801 Sic
284 741 513 821 conquisitum*
534 740 760 820 collectumque
780 740 902 818 vulgus,
926 749 1090 822 postquam
1116 743 1217 801 vastis
1296 817 1297 820 Ἴ

206 838 449 898 locis*relictum
461 838 511 909 sit,
526 836 635 897 ceteris
644 857 698 916 per
707 837 848 897 lacrimas
858 839 1064 918 torpentibus,
1080 821 1216 918 Moysen
1296 869 1297 872 ¹

206 950 303 994 unum
323 935 463 995 exsulum
484 935 651 1006 monuisse,
678 954 716 992 ne
743 955 835 1014 quam
860 933 987 994 deorum
1010 935 1217 994 hominumve

206 1053 298 1113 opem
313 1039 528 1111 exspectarent
546 1032 706 1112 utrisque*
721 1031 845 1105 deserti,
867 1033 920 1091 sed
940 1033 1064 1092 sibimet
1084 1040 1117 1091 et
1142 1031 1216 1091 duci
1296 1041 1297 1046 ’

206 1129 521 1202 caelesti*crederent‚
538 1129 639 1209 primo
655 1127 743 1207 cujus
760 1129 876 1188 auxilio
891 1137 1058 1209 praesentes
1073 1129 1217 1188 miserias

207 1226 427 1306 pepulissent*.
452 1229 617 1284 Assensere
646 1233 738 1305 atque
764 1227 1021 1304 omniumignari
1047 1226 1216 1285 fortuitum
1313 1289 1314 1300 χ

206 1325 265 1384 iter
278 1323 443 1402 incipiunt.
459 1323 521 1381 Sed
532 1321 606 1381 nihil
619 1343 706 1401 aeque
718 1344 809 1402 quam
821 1324 925 1404 inopia
941 1345 1028 1404 aquae
1043 1323 1216 1400 fatigabat;

204 1421 330 1500 jamque
357 1419 438 1479 haud
463 1419 571 1498 procul
593 1419 689 1478 exitio
712 1421 785 1480 totis
807 1421 924 1500 campis
947 1420 1179 1499 procubuerant
1189 1421 1216 1492 *‚

207 1537 277 1576 cum
290 1537 365 1596 grex
381 1517 536 1576 asinorum
560 1517 726 1593 agrestium
754 1538 770 1576 e
789 1526 880 1597 pastu
899 1519 929 1576 in
952 1538 1061 1596 rupem
1088 1537 1218 1577 nemore

207 1635 335 1694 opacam
361 1614 543 1673 concessit*.
570 1614 700 1672 Secutus
725 1614 848 1694 Moyses
868 1615 1066 1694 conjectura*
1091 1613 1217 1672 herbidi
1317 1661 1318 1666 ,

207 1711 264 1771 soli
278 1711 377 1789 largas
391 1731 537 1790 aquarum
555 1731 648 1769 venas
663 1712 773 1790 aperit.
791 1711 842 1768 Id*
857 1711 1008 1778 levamen,
1023 1719 1054 1769 et
1066 1711 1216 1770 continu-

208 1829 260 1866 um
291 1828 345 1866 sex
365 1807 484 1866 dierum
502 1807 561 1865 iter
584 1809 712 1874 emensi,
728 1809 870 1887 septime,
892 1809 987 1887 pulsis
1009 1808 1216 1880 cultoribus*‚

207 1904 368 1964 obtinuere
381 1912 488 1976 terras,
505 1905 537 1962 in
550 1905 618 1985 quis
634 1904 706 1964 urbs
726 1913 756 1964 et
779 1906 928 1985 templum
950 1905 1062 1964 dicata.
1087 1905 1218 1984 Moyses

207 2022 269 2082 quo
284 2000 342 2059 sibi
356 2001 386 2059 in
402 2009 559 2080 posterum
574 2009 699 2079 gentem
716 2003 862 2076 firmaret,
881 2024 977 2072 novos
993 2003 1071 2060 ritus
1092 2009 1218 2061 contra·

207 2099 330 2179 riosque
343 2099 451 2157 ceteris
466 2099 777 2160 mortalibusindidit.
793 2099 929 2159 Prosana
945 2099 1007 2159 illic
1023 2100 1128 2159 omnia
1141 2120 1217 2180 quae

208 2196 289 2277 apud
312 2217 368 2255 nos
386 2215 485 2268 sacra;
515 2217 636 2254 rursum
660 2217 804 2255 concessa
831 2196 914 2276 apud
947 2197 1017 2256 iilos
1034 2218 1103 2277 quae
1124 2196 1219 2255 nobis

208 2293 354 2353 incesta*.
374 2294 434 2352 Sue
456 2294 612 2352 abstinent
633 2294 762 2352 merito*
784 2294 891 2362 cladis,
910 2315 971 2374 qua
991 2294 1075 2373 ipsos
1095 2293 1219 2352 scabies

208 2391 363 2472 quondam
385 2398 574 2470 turpaverat,
601 2391 649 2449 cui
679 2391 710 2450 id
732 2391 844 2450 animat
869 2391 1050 2450 obnoxium.
1075 2391 1218 2468 Longam

208 2489 300 2548 oiim*
315 2488 426 2547 famem
440 2487 554 2546 crebris
568 2487 667 2546 adhuc
681 2488 828 2568 jejuniis*
844 2488 994 2560 fatentur;
1011 2495 1041 2546 et
1057 2495 1218 2567 raptarum

208 2587 332 2664 frugum
350 2591 563 2662 argumentum
581 2585 668 2664 panis
690 2585 838 2644 Judaicus
860 2586 946 2644 nullo
968 2585 1121 2644 fermento
1136 2583 1221 2644 deti-

209 2690 310 2742 netur.

209 2797 331 2846 Pharaon
347 2811 401 2845 :on
414 2811 446 2844 ne
459 2797 511 2844 sait
521 2799 689 2844 exactement
700 2797 796 2859 lequel.
819 2824 849 2833 -
870 2795 1063 2848 Hammonis
1086 2811 1092 2845 :
1108 2797 1221 2858 Jupiter

209 2860 329 2907 doornes
342 2859 375 2905 de
385 2858 477 2916 deier,
487 2859 598 2906 divinite
612 2873 735 2920 grccque‚
758 2860 800 2906 sut
815 2860 951 2907 consondu
970 2861 1003 2906 de
1025 2859 1114 2906 bonne
1133 2860 1218 2906 heure

209 2935 276 2969 avec
299 2920 322 2967 le
344 2921 405 2967 dieu
430 2921 555 2981 egyptien
580 2923 695 2968 Amoun.
718 2947 747 2956 -
772 2919 1007 2982 conquisitum,
1032 2935 1112 2982 parce
1136 2919 1218 2982 qu'ils

210 2982 332 3030 s'dtaient
344 2977 440 3029 dtablis
453 2997 488 3028 un
502 2997 552 3054 peu
564 2985 681 3043 partont,
700 2985 727 3029 et
747 2981 824 3044 qu'ils
837 2998 865 3030 se
880 2983 1028 3030 cachaient.
1047 3009 1077 3017 —
1099 2981 1219 3032 Vastis

209 3043 301 3102 10015,
314 3044 352 3091 les
368 3043 471 3091 ddserts
486 3044 620 3092 dArabie.
640 3072 669 3079 -
690 3044 857 3105 Utrisque,
878 3060 906 3092 se
929 3045 1080 3105 rapporteh
1102 3043 1219 3091 deorum

210 3105 390 3154 hominumve.
404 3133 433 3140 -
452 3105 537 3155 Duci
556 3105 690 3164 caelesti,
711 3105 840 3154 Je'hovah.
859 3133 889 3142 -
907 3105 1123 3168 Pepulissent,
1143 3105 1217 3167 style

209 3168 325 3214 indirect
336 3168 359 3228 (a
370 3183 399 3214 ce
411 3182 462 3228 que
472 3168 617 3214 leurdisait
628 3168 741 3229 Moyse).
754 3195 783 3203 -
791 3169 1040 3218 Procuhuerant
1053 3181 1059 3214 ε
1072 3167 1103 3214 ils
1113 3167 1220 3214 etaient

209 3229 325 3277 couches
339 3230 369 3286 cd
382 3231 409 3276 ct
421 3229 454 3276 la.
465 3229 679 3288 -Concessit,
692 3229 730 3275 les
744 3244 855 3290 onagres
865 3230 992 3277 venaient
1004 3227 1043 3290 s'y
1056 3228 1215 3276 desalterer.

208 3317 240 3328 -
251 3289 450 3352 conjectura
464 3306 469 3338 :
482 3289 547 3338 c'est
556 3291 580 3338 le
594 3291 701 3338 miracle
712 3291 747 3337 du
760 3292 854 3338 rocher
872 3290 1000 3338 d'Horeb.
1017 3317 1043 3325 -
1056 3290 1101 3350 Id,
1120 3292 1218 3338 s.-ent.

209 3352 272 3414 [1111.
287 3379 316 3388 -
335 3352 535 3411 cultoribus,
554 3353 593 3399 les
612 3353 752 3400 habitante
773 3353 809 3398 du
833 3367 901 3415 pays
921 3354 955 3399 oh
978 3352 1011 3400 ils
1031 3354 1093 3399 sont
1114 3351 1219 3400 arrives

209 3415 288 3475 apres
302 3415 366 3461 neus
377 3415 444 3462 mois
458 3416 489 3461 de
509 3415 624 3462 marche.
644 3442 673 3449 -
692 3414 832 3472 Incesta,
854 3430 903 3488 par
920 3414 1040 3474 exemple
1055 3415 1080 3460 le
1098 3414 1218 3474 mariage

210 3481 285 3524 entre
303 3481 420 3538 parents,
440 3491 473 3523 au
493 3476 573 3537 degre'
590 3475 711 3538 prohibe.
730 3503 759 3511 -
781 3477 911 3526 Mento.
934 3475 970 3523 Ils
991 3476 1170 3523 attribuaient
1190 3475 1218 3522 la

209 3538 283 3599 lepre
296 3541 442 3600 (peut-tetre
455 3539 625 3599 simplemcnt
636 3540 659 3585 la
679 3536 803 3596 trichino)
820 3539 835 3586 a
852 3537 950 3599 l'usage
968 3538 1001 3585 de
1018 3538 1043 3585 la
1065 3537 1163 3584 viande
1183 3537 1218 3584 de

210 3614 284 3661 porc.
298 3626 327 3634 -
338 3600 422 3650 olim
437 3615 442 3646 :
456 3600 490 3647 cs.
506 3599 621 3661 l'emploi
638 3601 669 3646 de
687 3598 764 3650 πάλαι
776 3614 842 3647 avec
864 3615 898 3647 un
919 3599 1069 3647 substantii
1083 3598 1181 3661 auquel
1196 3599 1218 3644 11

211 3673 266 3718 sert
281 3672 352 3718 aussi
363 3669 508 3729 d¹adjectit
522 3698 553 3704 —
562 3670 714 3731 Jejuniis.
728 3670 811 3718 Outre
824 3671 848 3717 le
861 3671 944 3732 grand
954 3670 1045 3732 jetme,
1061 3683 1112 3731 que
1129 3668 1217 3716 Moiso

211 3732 262 3780 fixa
275 3748 308 3780 au
319 3733 432 3779 dixi'eme
443 3732 505 3791 jour
516 3733 551 3778 du
563 3733 691 3792 septiemc
706 3733 782 3785 mois,
795 3746 828 3778 on
848 3747 879 3778 en
897 3733 1009 3779 institue
1027 3729 1153 3787 d'autres.
1169 3745 1219 3791 par

205 3795 236 3842 .la
250 3795 328 3852 suite,
343 3809 376 3841 en
392 3794 518 3840 sourenir
528 3795 574 3839 des
586 3793 723 3840 calamite's
735 3793 886 3854 publiques.

635 3906 792 3956 -485-
