2658 4244
329 133 388 190 51.
401 135 587 191 Eutrevue
602 137 646 192 de
659 136 751 192 Paul
765 123 880 192 Emtle
894 137 930 192 et
946 138 990 193 de
1005 132 1153 193 Persea.

384 254 507 318 ¹(l'raulus
519 256 647 304 AEmilius
658 257 785 306 Perseum
796 257 897 306 victum
906 257 1078 321 alloquitur.)

175 444 217 508 3⁸
285 455 487 517 Consurrexit
508 459 627 533 consul,
657 450 897 542 progressusque
921 448 1046 541 paulum
1073 458 1247 520 introeunti

242 554 325 636 regi*
356 555 493 614 dextram
518 559 665 636 porrexit.
694 559 1004 640 summittentemque
1031 579 1062 617 se
1086 557 1122 616 ad
1145 555 1246 638 pedes

241 651 376 724 sustulit,
395 674 451 712 nec
466 654 616 731 attingere
631 676 730 731 genua
746 677 852 734 passus
867 656 1077 714 introductum
1095 655 1126 712 in
1140 652 1242 711 taber-

241 746 384 806 naculum
400 749 739 829 adqersusadvocatos*
754 753 785 810 in
796 752 956 810 consilium
971 751 1130 811 considere
1138 751 1244 831 jussit.

241 842 343 902 Prima
354 848 546 924 percontatio
561 848 631 920 luit,
649 870 707 928 qua
722 849 866 908 subactus
886 849 998 929 injuria
1018 856 1122 907 contra
1144 867 1248 926 popu·
1271 873 1277 882 =

241 939 303 997 lum
317 942 490 1002 Romanum
504 944 617 1002 bellum
628 953 689 1003 tam
703 947 814 1005 inl'esto
826 947 927 1006 animo
940 946 1134 1024 suscepisset.
1150 943 1243 1008 Cum,

241 1057 421 1115 responsum
432 1040 679 1118 exspectantibus
691 1042 825 1114 ¹cunctis,
839 1049 949 1100 terram
964 1042 1088 1099 intuens
1102 1040 1156 1098 diu
1171 1039 1241 1097 taci·
1316 1074 1317 1124 3

243 1141 292 1192 tus
310 1135 408 1206 lleret,
425 1155 546 1195 rursum
561 1137 679 1196 consul.
706 1139 917 1220 «Utcumque
942 1146 1051 1197 tamen
1066 1137 1150 1207 haec,
1179 1137 1249 1193 sive
1316 1165 1317 1176 Ι

241 1249 344 1289 errore
378 1232 522 1303 humano,
549 1255 601 1297 scu
630 1256 713 1306 casu,
744 1255 797 1296 seu
826 1237 1020 1306 necessitate,
1055 1233 1242 1303 inciderunt,
1316 1229 1317 1250 ³

242 1327 357 1386 bonum
378 1329 514 1388 animum
537 1331 648 1391 habe*.
676 1333 844 1392 Multorum
868 1353 975 1410 regum
993 1331 1249 1411 populorumque

241 1424 362 1483 casibus
373 1427 496 1504 cognita
511 1429 616 1507 populi
632 1429 763 1487 Romani
783 1430 945 1488 clementia
963 1450 1025 1489 non
1043 1427 1136 1487 modo
1157 1445 1245 1504 spem

243 1520 309 1592 tibi,
336 1522 389 1580 sed
408 1543 503 1603 prope
523 1534 635 1583 certam
663 1525 805 1584 fiduciam
826 1527 932 1584 salutis
955 1527 1091 1606 praebet.
1119 1549 1133 1577 r
1162 1523 1250 1580 Haec

242 1617 382 1677 Graeco*
398 1640 537 1678 sermone
554 1622 664 1680 Perseo
682 1641 688 1681 :
705 1623 812 1681 Latine
827 1623 939 1681 deinde
952 1623 1015 1681 suis
1032 1619 1248 1699 «Exemplum

241 1715 362 1793 insigne
388 1718 522 1780 cernitis.
550 1719 661 1798 inquit,
686 1719 865 1778 mutationis
895 1736 997 1778 rerum
1027 1719 1244 1777 humanarum.

242 1811 338 1874 Vobis
354 1811 412 1871 hoo
426 1814 589 1893 praecipue
602 1815 682 1884 dico,
697 1817 837 1895 juvenes.
856 1817 929 1875 ldco
944 1817 974 1874 in
998 1815 1139 1876 secundis
1153 1813 1247 1872 rebus

243 1908 319 1966 nihil
339 1909 370 1967 in
388 1930 573 1989 quemquam
587 1913 716 1991 superbe
729 1935 766 1972 ac
784 1913 936 1972 violenter
957 1913 1115 1972 consulere
1139 1911 1241 1983 decet,

243 2025 299 2063 nec
324 2007 475 2085 praesenti
503 2007 627 2066 credere
656 2009 807 2080 fortunae,
834 2031 903 2069 cum
933 2008 1007 2090 quid
1032 2030 1142 2089 vesper
1161 2007 1242 2066 ferat

242 2101 393 2161 incertum
414 2103 463 2164 sit.
489 2105 518 2162 Is
537 2104 660 2163 demum
688 2107 735 2163 vir
754 2108 842 2180 erit*,
868 2107 957 2186 cujus
982 2107 1119 2165 animum
1136 2124 1241 2184 neque
1317 2123 1318 2158 t

243 2219 389 2278 prospera
404 2200 477 2258 flatu
493 2222 549 2259 suo
564 2204 669 2260 elleret
684 2224 740 2262 nec
753 2203 880 2262 adversa
895 2203 1072 2283 infringet*.
1089 2227 1103 2258 »

274 2463 315 2512 N⁰
336 2465 377 2513 51
403 2478 408 2512 :
429 2465 522 2527 Regi.
546 2466 651 2524 Persee,
674 2467 713 2514 roi
735 2468 769 2514 de
795 2467 961 2526 Macedoine,
990 2467 1093 2515 ennemi
1116 2464 1175 2527 jure
1199 2465 1250 2510 des
1317 2463 1318 2498 Ψ

244 2525 380 2585 Romaim,
394 2531 529 2588 remporta
540 2526 651 2574 d'abord
662 2543 708 2576 sur
717 2543 769 2576 eux
807 2530 917 2590 uelques
937 2532 1080 2589 avantages
1098 2525 1172 2588 (171),
1185 2526 1250 2595 puis

243 2587 284 2634 sut
295 2587 390 2634 vaincu
402 2586 416 2634 e
427 2587 520 2649 Pydna
533 2604 581 2660 par
590 2590 615 2636 le
628 2591 721 2638 consul
735 2545 805 2638 Padi
823 2591 903 2638 Emile
923 2592 997 2651 (168),
1017 2589 1113 2651 auquel
1131 2588 1150 2634 il
1172 2590 1250 2633 ment

243 2649 276 2694 ici
290 2648 354 2695 faire
374 2663 403 2695 sa
420 2651 590 2699 soumissron.
604 2677 635 2686 —
647 2650 847 2711 Advocatos,
870 2653 907 2700 les
928 2651 1042 2699 officiers
1061 2649 1194 2712 generaux
1213 2649 1250 2694 de

244 2709 309 2758 Paul
322 2710 413 2765 Emile,
425 2710 515 2759 reunis
533 2727 565 2759 en
585 2714 695 2761 conseil.
709 2741 736 2752 -
750 2714 854 2764 Habe.
873 2714 960 2777 Apres
977 2713 1070 2760 l'avoir
1086 2712 1135 2759 tait
1150 2711 1250 2772 figurer

243 2787 276 2818 au
289 2773 429 2850 triumphe,
443 2787 477 2819 on
490 2774 514 2820 le
525 2774 604 2821 laissa
616 2777 718 2823 mourir
730 2790 762 2822 en
774 2777 874 2838 prison.
895 2803 925 2812 -
942 2775 1064 2825 GraecO.
1085 2773 1106 2821 Il
1124 2773 1211 2821 savait
1223 2772 1251 2817 le

243 2846 304 2940 {rec
315 2836 342 2880 et
357 2833 448 2882 lavait
466 2836 589 2896 enseigne'
609 2837 744 2884 lui-meme
764 2839 778 2884 e
796 2852 838 2885 ses
856 2838 970 2885 eulants.
994 2838 1065 2884 Pour
1081 2851 1110 2883 sa
1131 2839 1192 2898 part
1214 2834 1250 2879 de

263 2895 320 2941 utin
331 2895 350 2940 il
361 2909 394 2942 ne
405 2897 460 2956 prit
489 2897 556 2944 uela
568 2898 754 2960 bibliotheque
768 2900 800 2946 de
813 2899 917 2947 Persee.
933 2899 986 2947 Son
1004 2899 1164 2946 admiration
1178 2909 1252 2958 pour

242 2955 267 3003 le
278 2955 353 3017 genie
364 2971 424 3018 grec
435 2912 647 3020 ned‘empechait
659 2975 706 3020 pas
717 2958 981 3008 d'aimerlesvieilles
994 2974 1093 3007 moeurs
1102 2960 1248 3008 romaines.

153 3041 156 3046 ·
244 3043 271 3052 -
285 3017 345 3066 Vir
358 3018 430 3067 ortt.
445 3018 549 3067 C'estlu
561 3020 723 3083 resignation
738 3023 773 3068 du
791 3023 903 3069 stoicien
924 3022 972 3084 (Cf.
995 3022 1109 3082 Horace,
1130 3019 1178 3068 Od.
1196 3017 1248 3075 Ill,

243 3083 257 3123 3
271 3078 396 3125 :lustum
406 3082 430 3126 et
444 3081 562 3129 tenacem
570 3083 705 3145 propositi
721 3082 835 3145 virum);
850 3084 916 3132 mais
931 3097 966 3130 on
986 3087 1046 3132 sent
1065 3083 1160 3144 qu'elle
1182 3080 1248 3129 s'est

243 3140 353 3187 adoucie
373 3155 406 3188 au
426 3145 535 3190 eontact
551 3145 584 3191 de
604 3142 785 3193 l'hellenisme.
808 3172 838 3181 -
859 3144 986 3229 Intrlnq

242 3201 322 3248 noble
334 3201 443 3264 langage
466 3205 480 3251 Ι
500 3203 639 3266 Sophocle,
655 3205 721 3254 OEd.
746 3206 761 3254 e
786 3206 853 3265 Col,
874 3211 917 3252 567
930 3221 935 3254 ε
949 3207 983 3250 ιε’

988 3147 1029 3194 et.
1048 3144 1192 3207 Comparer
1214 3153 1250 3190 ce

686 3267 689 3274 ,
985 3207 1073 3269 Εξοιὸ’
1094 3203 1154 3276 ἀνὴρ
1169 3209 1204 3258 ὤν
1215 3220 1247 3265 »;

244 3275 270 3319 et
283 3273 298 3318 e
312 3271 501 3332 Demosthene,
524 3275 577 3324 Pro
600 3276 713 3336 Corona,
728 3282 781 3327 252.
796 3278 831 3325 Le
845 3277 924 3325 heros
941 3277 988 3339 qui
1000 3277 1097 3342 parlait
1113 3278 1180 3325 ainsi
1198 3283 1246 3327 eut

243 3334 349 3381 bientet
368 3335 383 3381 et
402 3350 430 3382 se
450 3337 601 3386 conformer
618 3339 757 3387 lui-meme
777 3338 851 3387 dces
874 3353 949 3400 sages
969 3333 1092 3387 conseils.
1116 3338 1136 3386 ll
1155 3343 1245 3401 perdit

243 3410 285 3442 ses
298 3396 368 3443 deux
378 3396 419 3444 fils
429 3398 453 3444 le
461 3399 524 3459 jour
533 3401 618 3447 meme
628 3401 660 3448 de
674 3415 722 3448 son
733 3402 868 3462 triomphe
883 3416 888 3449 ε
902 3403 923 3448 si
937 3400 999 3448 bien
1020 3400 1083 3462 qu'il
1099 3403 1157 3463 put,
1176 3402 1245 3450 dans

243 3471 277 3504 un
298 3458 352 3506 fort
368 3458 436 3506 beau
458 3461 578 3508 discours
597 3477 630 3509 au
651 3464 755 3524 peupIe,
773 3468 870 3511 mettre
886 3477 933 3510 son
953 3464 1011 3510 sort
1030 3463 1190 3509 au-dessous
1211 3466 1246 3511 de

243 3519 310 3566 celui
324 3521 360 3566 du
372 3521 412 3567 roi
430 3521 533 3580 Persee,
557 3525 610 3584 qui,
630 3525 696 3572 dans
716 3540 745 3572 sa
762 3525 869 3582 defaite,
888 3524 1041 3571 conservait
1051 3525 1087 3570 du
1099 3524 1187 3571 moins
1200 3539 1245 3572 ses

243 3582 312 3628 deux
329 3581 378 3630 fils.
411 3581 502 3637 Quelle
532 3584 608 3641 lecon
640 3585 815 3633 d'humanite!
840 3587 879 3633 Cf.
900 3585 1081 3632 l'inoubliable
1106 3586 1185 3633 scene
1211 3587 1244 3634 de

243 3641 332 3690 Priam
344 3645 410 3691 dans
420 3645 445 3691 la
459 3647 532 3692 tente
545 3645 676 3695 d'Achille
689 3647 792 3710 (Iliade,
802 3647 898 3706 XXIV,
913 3649 976 3709 468).

647 3870 815 3944 '-5a-
