2756 4238
382 149 467 208 315.
485 148 652 207 Platntes
669 151 734 206 des
755 104 901 208 soldats
920 152 964 208 de
980 153 1107 210 cesar.

489 253 716 318 (Caesarianorum
730 255 848 303 militnm
864 257 1019 319 queretae.l·

677 377 692 408 κ
712 354 816 412 Liceat
830 353 997 424 discedere,
1016 355 1129 431 Caesar,

319 451 441 512 Arabie
459 451 608 511 scelerum
619 453 642 510 *.
662 449 780 518 Quaeris
797 459 939 531 terraque
958 454 1095 534 marique

321 550 377 608 His
393 550 507 608 serrum
519 548 668 628 jugulis*,
686 549 864 628 animasque
880 551 1037 610 ellundere
1056 552 1152 611 viles*

320 646 464 714 Quolibet
484 645 572 704 hoste
590 667 678 725 paras
694 666 701 703 :
720 655 837 725 partem
851 647 906 704 tibi
920 647 1020 706 Gallia
1037 649 1152 708 nostri*

320 743 463 823 Eripuit:
484 751 602 822 partem
618 743 704 817 duris
722 743 870 822 Hispania
889 725 998 804 bellis:

320 840 394 900 Pars
407 840 492 919 jacet
509 840 695 918 Hesperia*:
713 847 841 926 totoque
859 842 1012 900 exercitus
1031 843 1116 916 orbe,

320 939 361 997 Te
379 939 534 1009 vincente,
552 937 642 1016 perit.
661 937 763 994 Terris
780 935 895 996 fudisse
911 959 1051 998 cruorem

319 1036 399 1105 Quid
412 1035 502 1115 juvat
515 1034 663 1104 Arctois*,
680 1033 832 1092 Rhodano
850 1033 1022 1116 Rhenoque
1038 1037 1196 1098 subactis?

319 1135 378 1192 Tot
397 1131 491 1190 mihi*
505 1152 562 1211 pro
578 1131 667 1189 bellis
680 1130 798 1189 bellum
814 1131 906 1190 civile
920 1133 1043 1191 dedisti.
1106 1147 1108 1153 “

319 1230 466 1310 Cepimus
479 1229 628 1308 expulso*
646 1229 753 1308 patriae
771 1250 841 1288 cnm
860 1236 941 1288 tecta
956 1239 1077 1302 senatu,

319 1329 402 1397 Quos
417 1327 591 1396 hominum,
608 1325 656 1384 vel
673 1346 750 1406 quos
768 1326 853 1385 licuit
868 1327 1003 1408 spoliare
1020 1328 1171 1390 deorum?

320 1427 403 1483 lmus
424 1425 454 1482 in
472 1444 561 1482 omne
575 1423 670 1494 nelas,
686 1423 829 1482 manibus
844 1423 988 1504 ferroque
1005 1433 1162 1500 nocentes,

319 1522 501 1602 Paupertate
514 1521 587 1600 pii‘.
605 1521 688 1578 Finis
702 1521 771 1600 quis
786 1522 936 1600 quaeritur
948 1523 1063 1582 armis?

317 1619 397 1688 Quid
413 1619 486 1678 satis
508 1626 565 1690 est,
589 1619 612 1676 si
637 1618 754 1677 Roma*
771 1620 902 1697 parum?
917 1619 987 1677 lam
1003 1619 1121 1700 respice
1137 1642 1251 1702 canos,

318 1716 534 1797 Invalidasque
551 1735 670 1782 manue,
684 1722 715 1773 et
729 1715 856 1774 inanes*
871 1737 963 1775 cerne
981 1716 1123 1778 lacertos

320 1815 401 1873 Usus
418 1813 484 1872 abit
499 1813 572 1870 vitae
586 1813 607 1880 *,
627 1812 715 1870 bellis
729 1813 976 1892 consumpsimus
992 1834 1092 1874 aevum
1108 1836 1114 1872 :
1143 1858 1145 1862 .

319 1910 368 1970 Ad
388 1917 518 1968 mortem
534 1910 655 1968 dimitte
671 1930 770 1969 senes,
791 1910 836 1967 En
853 1909 1010 1988 improba*
1026 1919 1097 1969 vota
1116 1929 1124 1972 :

317 2009 386 2067 Non
400 2007 500 2066 duro*
517 2007 608 2066 liceat
623 2007 786 2065 morientia
803 2007 918 2086 cespite
933 2007 1069 2067 membra

312 2107 446 2177 Ponere,
466 2126 525 2164 non
544 2103 644 2164 anima
661 2104 781 2182 glebam
799 2103 936 2182 fugiente
953 2104 1076 2178 serire*,

316 2207 417 2284 Atque
434 2193 668 2271 oculos'morti‘
683 2202 856 2261 clausuram
875 2223 1013 2283 quaerere
1029 2203 1182 2279 dextram,

260 2304 267 2322 ⁸
317 2301 467 2381 Conjugis
482 2299 566 2358 illabi
583 2299 728 2370 lacrimis,
747 2299 884 2378 unique*
898 2307 1037 2378 paratum

317 2399 400 2458 Scire
418 2417 539 2474 rogum.
558 2397 663 2456 Liceat
678 2395 814 2454 morbis*
831 2397 918 2455 finire
930 2403 1097 2458 senectam.
1117 2421 1131 2454 »

267 2514 309 2563 Νο
322 2512 388 2564 315
409 2526 415 2560 :
436 2510 544 2562 flabio
564 2512 747 2561 scelerum:
766 2511 831 2558 c'est
851 2525 901 2558 une
915 2526 1010 2572 guerre
1024 2511 1171 2570 fratricida
1205 2512 1235 2562 lu

237 2589 320 2646 quam
340 2572 431 2622 civilia
450 2571 964 2634 hetta—nisferrumjugulis:
982 2572 1090 2633 ferrum
1131 2588 1164 2623 uo
1200 2589 1251 2624 nos

233 2636 355 2748 {putet
369 2663 401 2710 .-
412 2635 512 2707 ViteS,
527 2649 578 2682 aux
591 2649 662 2708 peurx
677 2636 709 2681 de
723 2634 812 2682 Cc'sar.
825 2661 856 2670 —
869 2635 993 2693 Nostri,
1007 2589 1144 2714 gen-itifdse
1158 2650 1250 2709 nos.-

237 2696 1251 2822 111111111111111111,1111111111ἓὲ1111111111

237 2825 299 2884 tout
310 2822 419 2868 entiere.
435 2848 467 2856 -
478 2821 624 2884 Expulso
643 2820 762 2869 senatu
777 2835 810 2868 :a
832 2821 874 2867 res
890 2821 914 2866 le
935 2835 1045 2882 passage
1064 2823 1099 2869 du
1113 2821 1250 2881 Rubicon,

236 2884 345 2944 lorsque
368 2883 449 2930 Gesar
464 2883 593 2944 s’cmpara
610 2883 643 2928 de
661 2882 752 2929 Rome.
766 2908 797 2916 -
840 2880 872 2929 li.
888 2880 969 2928 Cisar
987 2883 1029 2930 fut
1051 2882 1130 2930 d’une
1144 2885 1249 2943 grande

236 2945 405 2994 moderatiori
425 2946 492 2992 dans
515 2945 540 2992 la
562 2944 683 2992 victoira.
708 2970 737 2979 -
759 2944 882 2993 Roma:
897 2943 980 2990 Rome
1000 2949 1027 2992 et
1048 2943 1151 2992 l’ltalie.
1170 2945 1250 2994 Nous

236 3022 354 3055 sommes
370 3022 403 3055 en
416 3009 454 3065 48,
472 3008 555 3053 avant
574 3005 598 3051 le
617 3019 729 3075 passage
740 3007 773 3052 de
787 3005 868 3052 Cesar
878 3020 910 3052 en
922 3005 1001 3066 Epire
1014 3008 1042 3052 et
1054 3021 1086 3053 en
1098 3005 1247 3059 Thessalie.

235 3095 268 3107 -
277 3070 405 3126 Inanes,
418 3067 621 3115 sous-entendez
630 3081 772 3130 sanquine,
784 3083 818 3115 ou
829 3068 944 3130 quelque
952 3067 1032 3114 chose
1043 3068 1075 3115 de
1088 3068 1246 3118 semblable.
1256 3075 1259 3080 '

237 3129 277 3180 Cf.
299 3131 391 3178 Tacite
405 3129 495 3190 (Ann,
510 3129 530 3185 Ι,
546 3129 603 3198 34);
619 3147 629 3170 ιι
642 3131 666 3175 et
687 3128 799 3192 quidam
815 3143 916 3191 prensa
930 3143 1010 3176 manu
1031 3128 1184 3178 Germanici
1195 3145 1249 3193 per

236 3195 352 3257 speeiem
370 3190 546 3240 euosculandi
573 3194 748 3237 inseruerunt
771 3189 881 3254 dipitos,
906 3192 935 3237 ut
950 3205 1033 3239 vacua
1050 3190 1178 3240 dentibus
1195 3206 1247 3242 ora

236 3255 406 3317 continperet
423 3273 443 3301 n.
456 3280 488 3288 —
500 3253 587 3302 Usus
605 3251 676 3301 abit
688 3251 768 3301 vitae
779 3271 808 3296 =
827 3255 930 3314 tempus
943 3267 998 3312 quo
1012 3253 1067 3301 vita
1077 3251 1138 3314 frui
1150 3254 1248 3317 potui·

237 3333 296 3367 mus
318 3315 394 3365 abiit.
409 3341 438 3349 -
452 3315 606 3376 Improba
618 3333 648 3355 =
659 3313 772 3375 injusta.
791 3315 830 3362 Cf.
845 3315 868 3361 le
878 3329 940 3375 grec
953 3312 1084 3383 (ἀναιδής).
1109 3315 1247 3378 lronique.

234 3389 366 3436 -Duro
385 3385 512 3446 cespite
533 3399 538 3432 :
564 3385 629 3430 dans
653 3385 691 3430 les
716 3398 817 3458 camps.
840 3412 872 3420 -
893 3385 1006 3435 Ferire
1027 3397 1033 3434 z
1056 3385 1170 3434 allusion
1193 3401 1248 3434 aux

236 3449 410 3497 convulsions
423 3449 470 3494 des
481 3448 626 3493 mourants.
638 3472 668 3480 -
681 3446 782 3496 Morti
794 3467 825 3489 =
836 3446 968 3507 cadaveri,
980 3462 1014 3495 ou
1034 3447 1111 3497 nobis
1125 3447 1246 3496 morien—

237 3511 365 3560 1111111,-
378 3509 465 3560 Uni:
485 3525 513 3556 ce
532 3509 577 3570 qui
597 3511 639 3555 est
659 3509 816 3569 impossible
834 3509 911 3570 apres
930 3510 968 3557 les
982 3511 1106 3558 combats
1127 3511 1162 3557 oh
1182 3513 1249 3558 sont

235 3573 342 3621 tombts
361 3573 408 3618 des
429 3572 539 3618 milliers
559 3571 592 3617 de
617 3573 710 3617 morts
726 3570 897 3620 -Morhis
914 3586 919 3618 :
938 3572 976 3619 les
998 3573 1100 3620 soldats
1122 3576 1249 3620 meurent

235 3635 395 3682 d'ordinairc
407 3648 456 3694 par
473 3635 496 3680 le
516 3634 562 3679 ler.
576 3632 615 3679 Cl.
628 3645 672 3678 ces
690 3632 831 3692 plaintcsh
846 3633 925 3680 celles
936 3635 971 3680 du
985 3635 1065 3680 vieux
1083 3633 1202 3695 Naymes
1217 3636 1248 3682 et

235 3696 270 3744 du
283 3700 370 3742 comte
384 3696 415 3741 de
430 3695 506 3742 Gand
524 3695 590 3740 dans
601 3695 624 3740 la
640 3693 764 3754 Le'9ende
777 3693 822 3741 des
838 3693 936 3743 Sitcles
951 3695 1129 3757 (Aymerillot)
1145 3694 1243 3756 :Mais,

235 3758 296 3813 sire,
322 3772 385 3819 ayez
407 3757 473 3818 pitid
495 3757 527 3803 de
551 3757 628 3802 votre
649 3754 816 3816 buronnagc;
842 3755 916 3803 Nous
939 3757 1054 3803 voulons
1077 3771 1123 3803 nos
1143 3757 1246 3819 loycrs,

234 3835 283 3868 nos
301 3821 376 3879 logis,
405 3833 454 3867 nos
475 3832 591 3866 amours.
609 3815 679 3864 C’est
699 3832 732 3866 ne
750 3817 823 3880 jouir
840 3817 936 3879 jamnis
956 3831 1007 3879 que
1026 3817 1169 3880 conquerir
1186 3822 1248 3868 tou·

231 3883 318 3946 jours,
329 3883 403 3932 etc...

658 3969 694 3980 -
713 3943 764 4000 3¹8
783 3971 818 3981 -
