2756 4238
1363 4 1366 191 l

241 194 324 252 231.
344 195 448 252 Deux
468 198 653 266 exemplos
673 199 718 257 de
732 198 771 254 la
787 194 950 254 severit&
966 198 1032 252 des
1049 205 1239 252 censeurS.

423 305 494 368 (Duo
506 305 626 369 exempta
641 306 711 353 inter
723 320 864 355 censorum
876 305 1050 364 severitates.)

183 457 226 522 4ο
281 457 364 517 Inter
382 481 544 520 censorum
564 462 742 522 severitates
758 462 818 521 duo
836 463 901 520 haee
920 460 1058 539 exempla
1075 459 1106 517 in
1126 458 1240 517 litteris

239 562 312 613 sunt
332 557 595 634 castigatissimae*
614 558 795 638 disciplinae.
822 558 923 617 Unum
943 564 989 616 est
1010 555 1237 634 hujuscemodi.

239 649 527 731 Censor¹adigebat
536 655 573 713 de
585 655 731 714 uxoribus
742 654 1123 734 sollemncjusjurandum.
1137 652 1240 710 Verba

239 756 327 807 erant
353 750 395 808 ita
423 761 571 830 concepta
601 777 606 809 :
639 777 652 806 a
682 762 716 811 ut
746 761 779 811 tu
808 773 844 811 ex
870 752 965 810 animi
990 751 1034 810 tui
1066 749 1240 808 sententia*

240 865 364 904 uxorem
388 846 503 907 habes?
527 873 540 902 »
567 848 626 915 Qui
643 849 778 928 jurabat,
806 847 966 907 cavillator
987 848 1122 927 quidam,
1146 846 1239 904 nimis

238 941 434 1002 ridicularius
457 945 526 1004 luit.
557 945 586 1004 ls
611 946 712 1004 locum
742 966 807 1004 esse
829 946 884 1003 sibi
906 946 968 1024 joci
991 944 1113 1002 dicendi
1139 951 1236 1009 ratus,

238 1059 309 1096 oum
325 1039 378 1111 ita,
399 1040 444 1098 uti
464 1061 530 1099 mos
548 1049 624 1110 erat,
645 1062 756 1100 censor
776 1041 926 1102 dixisset:
948 1067 962 1095 6
980 1047 1013 1099 ut
1034 1049 1066 1098 tu
1086 1039 1238 1098 exanimi

238 1135 283 1193 tui
295 1137 446 1196 sententia
459 1159 583 1197 uxorem
598 1138 712 1198 habes?
725 1164 752 1198 ».
764 1173 803 1183 -
813 1165 827 1193 a
840 1138 947 1197 Habeo
955 1137 1108 1217 equidem,
1122 1135 1237 1214 inquit,

239 1252 376 1304 uxorem,
401 1234 454 1292 sed
476 1256 538 1294 non
561 1236 663 1295 hercle
687 1236 836 1294 exanimi
857 1236 916 1293 mei
937 1234 1099 1293 sententia.
1123 1233 1237 1291 »Tum

237 1348 347 1388 censor
367 1351 448 1405 eum,
477 1332 560 1412 quod
586 1334 802 1412 intempestive
830 1333 1010 1405 lascivisset‚
1034 1333 1065 1388 in
1093 1330 1238 1389 aerarios*

238 1427 376 1500 rettulit;
406 1448 591 1510 causamque
626 1430 705 1489 hanc
730 1431 793 1511 joci
819 1430 954 1489 scurrilis
987 1427 1069 1508 apud
1099 1447 1131 1485 se
1161 1426 1237 1488 dicti
1315 1470 1322 1481 .

237 1523 429 1604 subscripsit.
450 1526 555 1586 Altera
573 1528 720 1586 severitas
740 1527 877 1608 ejusdem
897 1535 987 1584 sectae
1003 1524 1237 1604 disciplinaeque

237 1627 293 1679 est.
319 1621 527 1682 Deliberatum
553 1631 600 1683 est
622 1625 659 1683 de
683 1627 778 1684 nota*
802 1625 867 1704 ejus
892 1623 944 1704 qui
970 1623 1008 1681 ad
1030 1641 1171 1681 censores
1196 1621 1235 1678 ab

237 1718 335 1776 amieo
352 1718 520 1779 advocatus
533 1729 590 1793 est,
608 1728 638 1781 et
653 1721 764 1802 injure
779 1730 863 1780 stans
878 1721 957 1779 clare
971 1719 1061 1780 nimis
1076 1738 1110 1777 ac
1125 1737 1238 1775 sonore

235 1816 403 1875 oscitavit:
421 1825 513 1895 atque
529 1818 605 1876 inibi
622 1825 655 1876 ut
670 1819 855 1898 plecteretur
871 1818 962 1887 suiv,
985 1822 1141 1894 tamquam
1159 1814 1237 1872 illud

235 1911 385 1970 indicium
407 1921 487 1971 esset
506 1915 574 1992 vagi
598 1915 692 1973 animi
713 1924 743 1975 et
764 1915 958 1985 alucinantis,
983 1920 1013 1970 et
1032 1913 1123 1970 ssuxae
1143 1920 1237 1990 atque

236 2017 350 2086 apertae
373 2009 557 2070 securitatis.
576 2011 635 2070 Sed
655 2033 724 2071 eum
747 2012 796 2071 ille
821 2011 991 2089 dejurasset
1014 2008 1237 2066 invitissimum

237 2125 301 2163 sese
317 2126 351 2163 ac
364 2115 586 2184 repugnantem
602 2109 784 2167 oscitatione
795 2108 922 2178 victum,
938 2105 1097 2184 tenerique
1108 2125 1144 2163 eo
1159 2105 1237 2162 vitio

236 2201 317 2279 quod
331 2203 443 2261 oscedo
459 2204 640 2284 appellatur,
655 2215 719 2264 tum
733 2212 814 2264 notae
825 2206 889 2286 jam
901 2203 1061 2262 destinatae
1075 2210 1238 2281 exemptus

236 2305 293 2358 est.

267 2449 308 2499 111ο
326 2449 389 2501 231
411 2450 727 2514 :castigatissimae
747 2452 786 2501 ef.
806 2455 881 2500 notre
896 2452 974 2498 rieux
991 2451 1047 2496 mot
1062 2447 1237 2496 castoiement

236 2515 263 2558 et
275 2511 298 2558 le
311 2513 393 2559 verbe
406 2512 517 2562 attritior.
528 2541 554 2549 -
570 2513 698 2564 Censor.
711 2515 795 2563 Outre
810 2513 1028 2561 l'ttublissement
1040 2510 1075 2557 du
1088 2510 1190 2568 budact
1202 2511 1237 2558 (16

235 2572 315 2621 l'Etat
327 2579 355 2622 61
367 2575 399 2621 de
414 2575 438 2621 la
451 2576 511 2622 liste
527 2576 573 2623 des
588 2576 735 2634 senateurs,
749 2577 787 2624 les
802 2589 927 2623 censeurs
943 2573 1048 2621 avaient
1059 2572 1073 2618 a
1086 2571 1196 2618 estimer
1212 2572 1237 2620 16

235 2635 341 2682 fortune
360 2637 392 2682 de
415 2641 475 2683 tous
495 2638 533 2684 les
552 2638 683 2699 citoycns,
705 2639 719 2684 a
739 2638 776 2684 les
796 2638 905 2683 inscrire
924 2651 970 2683 sur
985 2635 1023 2681 les
1042 2633 1167 2694 registres
1187 2635 1236 2681 des

234 2697 330 2755 tribus,
345 2697 359 2742 11
372 2697 410 2744 les
423 2698 536 2758 rdpartir
549 2700 614 2746 dans
632 2700 669 2746 les
687 2699 785 2746 classes
798 2702 825 2746 et
838 2699 875 2745 les
888 2697 1028 2745 centuries.
1046 2695 1116 2741 Pour
1128 2695 1184 2742 cela
1201 2696 1236 2743 ils

235 2758 380 2805 edictaient
391 2760 414 2806 la
428 2758 545 2819 formula
558 2761 691 2817 censendi,
706 2762 847 2821 indiquant
857 2761 889 2807 de
905 2758 990 2821 quelle
1005 2758 1082 2813 lacon
1095 2756 1127 2803 ils
1140 2761 1236 2804 enten-

234 2820 325 2866 daient
338 2821 447 2868 estimer
458 2827 485 2868 et
502 2825 577 2868 taxer
594 2823 617 2869 la
635 2823 778 2883 propriete',
794 2822 932 2883 appliquer
948 2819 1111 2879 l'obligation
1129 2819 1164 2864 du
1178 2833 1237 2865 ser-

234 2881 292 2928 vice
310 2882 442 2938 militaire‚
456 2887 506 2929 etc.
522 2884 556 2930 Ils
569 2885 766 2945 conroquaicnt
781 2885 884 2930 ensuite
898 2897 948 2929 une
965 2881 1075 2928 reunion
1088 2880 1236 2928 solennelle

233 2957 268 2989 au
279 2943 379 3003 Clramp
393 2945 425 2990 de
435 2945 515 3002 Mars,
529 2947 561 2991 ou
576 2946 607 2991 ils
621 2946 771 3006 appelaient
781 2945 1006 2992 successivement
1017 2942 1055 2988 les
1066 2942 1188 3002 citoyens
1201 2943 1236 2990 de

234 3003 336 3064 chaque
346 3005 426 3062 tribu,
436 3011 463 3053 ct
472 3008 631 3061 recevaient,
644 3022 706 3054 sous
714 3008 738 3053 la
750 3008 784 3054 ioi
794 3009 829 3053 du
839 3010 963 3060 serment,
976 3003 1236 3052 leursdtclarations

233 3065 356 3112 verbalcs
369 3071 530 3114 concernunt
547 3068 604 3114 leur
620 3069 675 3115 etat
688 3069 758 3126 civil,
780 3069 804 3116 la
824 3069 916 3115 svaleur
934 3069 967 3114 de
983 3067 1054 3112 leurs
1072 3064 1233 3125 promittes,

233 3127 303 3173 leurs
316 3128 444 3186 esclaves,
458 3133 508 3176 etc.
522 3129 545 3174 V
547 3129 587 3175 oir
595 3144 627 3176 au
636 3130 740 3190 lenique
751 3143 881 3178 censores.
893 3157 923 3165 -
934 3129 984 3178 Ex
994 3125 1094 3176 animi
1106 3126 1155 3175 tui
1166 3138 1235 3176 sen·

232 3188 348 3236 tentia.
364 3189 488 3236 Phrasca
504 3191 602 3237 double
619 3205 696 3247 sens;
711 3191 771 3237 d'ou
788 3192 811 3238 le
829 3193 893 3239 trait
910 3205 961 3253 que
978 3190 1002 3236 le
1015 3203 1126 3235 censeur
1138 3191 1235 3237 trouve

232 3249 342 3309 deplact
356 3247 398 3308 (ou
412 3250 473 3298 bien
489 3267 493 3298 :
509 3253 581 3299 selon
594 3256 620 3299 ta
634 3253 789 3299 conscience
800 3269 805 3311 ;
817 3269 850 3300 ou
865 3254 925 3300 bien
941 3268 946 3300 :
961 3251 1032 3300 selon
1046 3254 1093 3296 ton
1107 3252 1189 3309 godtl.
1203 3277 1235 3286 —-

233 3308 400 3358 Aerarios.
415 3312 481 3360 Voir
498 3330 530 3361 au
548 3315 661 3375 lenique,
678 3313 808 3362 aerarius.
825 3343 855 3350 -
872 3315 968 3364 Nota.
982 3311 1097 3370 Charges
1110 3311 1145 3357 du
1163 3312 1235 3375 repi-

233 3385 417 3439 manaturum,
431 3375 468 3421 les
481 3390 614 3425 censcurs.
627 3390 729 3435 pourvu
744 3373 821 3435 qu'ils
832 3378 934 3424 fussent
944 3380 1005 3424 tous
1018 3374 1087 3419 deux
1099 3372 1232 3433 d'accord‚

231 3435 378 3493 pouvarent
395 3434 459 3482 faire
478 3452 570 3497 passer
590 3452 624 3482 un
643 3437 749 3496 citoyen
768 3435 845 3485 d'une
866 3439 938 3486 tribu
956 3436 1074 3497 rustique
1095 3436 1160 3481 dans
1181 3450 1234 3482 une

232 3493 304 3540 tribu
316 3491 426 3540 urbaine
437 3511 443 3551 ;
454 3498 486 3544 ils
500 3499 645 3559 pouvaient
658 3501 741 3542 meme
754 3512 786 3544 en
800 3499 823 3545 le
837 3501 982 3548 sst'etrissant
995 3497 1071 3544 d'une
1083 3501 1144 3543 note
1157 3497 1233 3556 igno·
1362 3547 1363 3550 Ἴ

231 3553 361 3600 minieuse
392 3560 462 3623 uotal
484 3560 519 3606 lui
538 3561 646 3606 enlevcr
665 3573 712 3603 son
732 3559 803 3606 droit
822 3562 854 3608 de
877 3564 989 3622 suffrage
1009 3559 1090 3619 (iuter
1113 3557 1234 3606 aerarios
1362 3561 1363 3564 ’

231 3612 354 3682 referre),
369 3616 409 3661 sil
422 3618 487 3668 e'tait
500 3623 594 3683 simple
608 3621 714 3679 citoyen
731 3645 758 3654 -
776 3636 824 3668 son
843 3624 945 3683 cheval,
964 3622 1003 3669 s'il
1021 3619 1086 3666 etait
1098 3619 1235 3668 chevalier

230 3675 358 3736 (ademere
372 3683 481 3742 equum)
495 3711 524 3717 -
536 3699 564 3730 su
582 3683 656 3744 place
673 3694 705 3725 au
726 3680 811 3740 senat,
833 3684 872 3732 s'il
899 3686 963 3732 etait
985 3683 1111 3729 senatcur
1128 3681 1232 3740 (senatu

229 3735 354 3844 moverq).
368 3735 405 3806 .L³
418 3743 478 3788 nota
490 3744 588 3791 n'avait
599 3741 688 3788 d'etlet
700 3755 750 3800 que
759 3743 864 3806 jusqu'a
876 3746 900 3793 la
913 3744 1057 3808 prochaine
1070 3755 1188 3788 censure.
1203 3768 1234 3778 -

228 3796 314 3846 Inibi
342 3798 481 3848 uitat:
495 3803 630 3866 incoluit
644 3803 681 3848 ut.

653 3942 810 3992 -231-
1355 3893 1363 4212 Ι

229 4128 356 4208 M.
