2756 4238
9 190 23 255 >
204 175 287 232 276.
307 174 337 231 11
353 175 435 232 taut
450 175 573 232 imiter
591 177 646 232 les
662 178 805 246 grands
819 175 1005 246 patriotas
1020 178 1064 233 de
1080 148 1085 156 ⁵

529 263 746 344 rannqmte.

133 355 283 422 (Imitemur
300 358 369 407 cives
387 358 436 422 qui
453 359 524 422 apud
541 361 668 423 anttqnos
680 359 790 422 patriae.
804 359 984 409 amantissimi
1002 359 1135 423 suerunt.)

171 490 259 557 Quod
279 491 303 548 si
328 491 408 570 apud
434 491 648 562 Athenienses,
677 491 819 550 homines
843 492 979 560 Graecos,
1006 491 1097 570 longe
1119 491 1192 554 a3⁸

132 595 307 646 nostrornm
336 587 494 646 hominum
520 589 691 666 gravitate*
714 587 896 669 disjunctos,
921 610 982 647 non
1009 589 1136 648 deerant

133 684 185 765 qui
201 705 265 743 rem
283 684 438 764 publicam
454 692 560 744 contra
579 685 757 766 popularem
772 686 979 746 temeritatem
992 685 1137 744 desende-

132 788 212 852 rent,
230 802 300 840 curn
320 802 426 841 omnes
448 782 501 861 qui
521 783 563 840 ita
580 781 718 840 fecerant
735 803 750 840 e
768 783 893 842 civitate
913 782 1133 863 ejicerentur*;

132 877 157 937 si
177 877 415 938 Themistoclem
436 879 533 950 illum,
555 886 803 938 conservatorem
820 879 938 959 patriae,
955 899 1018 938 non
1037 879 1136 938 deter-

131 975 194 1034 ruit
212 996 228 1034 a
250 974 407 1055 republica
428 975 642 1034 defendenda*
659 996 715 1034 nec
731 976 881 1035 Miltiadis
898 975 1065 1048 calamitas,
1083 975 1136 1055 qui

131 1070 214 1130 illam
230 1072 388 1131 civitatem
404 1072 496 1151 paulo
510 1079 580 1130 ante
597 1079 743 1144 servarat,
762 1093 861 1153 neque
874 1073 1017 1132 Aristidis
1032 1071 1134 1150 fuga*,

131 1168 184 1248 qui
203 1189 283 1228 unus
303 1169 462 1227 hominum
480 1169 672 1247 justissimus
688 1169 782 1228 luisse
799 1169 934 1228 traditur
954 1186 961 1231 :
985 1169 1060 1249 quid
1080 1189 1136 1226 nos

130 1265 253 1324 tandem
271 1265 369 1324 lacere
387 1265 544 1336 debemus
563 1266 696 1344 primum
713 1265 742 1324 in
765 1287 799 1324 ea
821 1266 948 1324 civitate
969 1265 1032 1324 nati
1053 1265 1136 1324 unde
1157 1287 1161 1292 ·

131 1369 197 1421 orta
218 1346 293 1420 mihi
319 1363 458 1439 gravitas
485 1370 516 1420 et
541 1363 723 1440 magnitudo
750 1363 843 1421 animi
864 1363 997 1433 videtur,
1020 1370 1084 1422 tum
1104 1363 1136 1420 in

131 1465 216 1518 tanta
239 1459 334 1536 gloria
350 1459 539 1531 insistentes,
566 1467 602 1518 ut
623 1459 725 1518 omnia
749 1459 880 1517 humana
902 1459 1017 1518 leviora
1038 1458 1137 1517 videri

131 1555 287 1614 debeant?
313 1556 464 1615 Homines
489 1555 611 1628 Graeci,
637 1576 715 1635 quos
736 1565 827 1615 antea
850 1557 1054 1636 nominavi,·a
1074 1556 1137 1614 suis

130 1651 249 1711 civibus
263 1652 368 1732 inique
384 1653 520 1711 damnati
537 1661 629 1731 atque
651 1653 782 1731 expulsi,
800 1673 881 1711 nunc
903 1661 985 1712 tanta
1003 1654 1034 1710 in
1047 1653 1136 1712 laude

132 1756 214 1820 sunt,
230 1757 264 1808 ut
279 1770 331 1808 eos
349 1771 365 1808 a
382 1750 495 1829 quibus
511 1750 648 1829 oppressi
667 1758 738 1808 sunt
755 1771 844 1808 nemo
863 1751 1010 1822 nominet,
1027 1750 1136 1808 horum

42 1913 45 1918 ⁴
131 1845 339 1905 calamitatem
353 1845 557 1905 dominationi
571 1846 691 1904 illorum
707 1867 813 1904 omnes
824 1856 1023 1926 anteponant.
1038 1847 1137 1914 Quare

132 1943 289 2001 imitemur
303 1951 427 2001 nostros
437 1942 561 2014 Brutos,
578 1943 701 2013 Decios
720 1943 742 2002 F
744 1943 886 2017 abricioS,
899 1943 1137 2002 innumerabiles

130 2035 218 2110 alios,
239 2040 291 2119 qui
305 2039 384 2098 hanc
397 2059 461 2104 rem
479 2039 630 2118 puplicam
652 2039 879 2116 stabiliverunt,
899 2061 975 2120 qnos
995 2040 1136 2119 equidem

131 2135 162 2193 in
178 2136 307 2194 deorum
328 2135 548 2196 immortalium
570 2144 660 2196 coetu
677 2157 711 2195 ac
729 2157 857 2195 numero
879 2140 1034 2216 repono*;
1054 2157 1138 2195 ame-

130 2253 199 2290 mus
220 2234 363 2312 patriam,
384 2232 579 2291 consulamus
595 2232 695 2305 bonis,
713 2242 879 2312 praesentes
899 2233 1019 2293 fructus
1033 2233 1137 2311 negle-

131 2349 249 2407 gamus,
275 2329 467 2408 posteritatis
491 2329 606 2406 gloriae
633 2331 818 2402 serviamus;
846 2330 875 2388 id
898 2351 963 2389 esse
984 2331 1136 2410 optimum

136 2425 370 2506 putemusquod
386 2426 697 2497 eritrectissimum*3
713 2427 888 2505 speremus*
899 2447 966 2505 quae
981 2427 1134 2496 volumus

131 2523 184 2580 sed
209 2523 292 2603 quod
312 2522 459 2582 acciderit
480 2522 651 2593 ieramus*3
678 2504 848 2600 cogitemus
869 2524 1003 2602 denique
1024 2544 1136 2603 corpus

130 2619 267 2678 virorum
286 2619 412 2678 sortium
435 2640 500 2678 esse
518 2619 657 2691 mortale,
677 2620 800 2678 virtutis
818 2641 891 2679 vero
911 2620 1038 2698 gloriam
1059 2641 1137 2678 sem-

123 2717 282 2796 piternam
294 2719 316 2778 *.

162 2839 202 2887 N⁰
220 2839 285 2888 276
303 2855 308 2888 z
328 2839 513 2889 Gravitate.
534 2838 603 2886 C'est
618 2839 642 2885 la
659 2839 759 2900 qualite'
773 2840 892 2887 romaine
909 2855 958 2902 par
976 2840 1135 2888 excellence.

130 2901 181 2948 Les
195 2900 277 2948 Grecs
291 2902 392 2948 etaient
407 2901 496 2962 plutot
513 2900 590 2959 toves,
604 2903 744 2970 ταχύὸουὶπ,
759 2939 764 2949 .
783 2928 812 2936 -
826 2901 1035 2965 Ejicerontur
1050 2917 1055 2950 :
1070 2902 1137 2951 Clis-

130 2971 210 3018 thene
223 2971 278 3032 (qui
292 2971 365 3018 avait
379 2971 491 3018 institue
508 2970 701 3030 l'ostraoisme),
721 2972 850 3030 Miltiade,
870 2973 997 3031 Aristide,
1016 2973 1137 3021 Themis·

130 3033 210 3088 toclc,
226 3034 327 3091 Conon,
341 3035 391 3079 etc.
407 3059 434 3067 -
448 3031 683 3081 Defendenda:
699 3033 712 3078 a
728 3034 869 3082 Marathon
884 3049 958 3087 ,avec
971 3035 1092 3083 Miltiade
1110 3039 1137 3084 et

131 3094 260 3156 Aristide)
274 3097 301 3141 et
312 3095 326 3140 el
339 3094 471 3140 Salamine
485 3095 558 3154 (avec
575 3095 711 3154 Aristide).
724 3122 753 3129 -
766 3095 868 3156 Fuga,
881 3095 945 3144 c'est
959 3097 982 3143 la
995 3098 1138 3157 transcrip-

129 3156 188 3203 tion
208 3157 242 3203 du
258 3171 318 3218 grec
337 3156 408 3225 φυγὴ,
427 3157 556 3208 Aristide,
571 3156 723 3203 surnomme
742 3157 766 3204 te
782 3159 868 3217 ¹lustr,
889 3159 929 3205 lut
949 3158 1017 3206 exile
1034 3159 1137 3220 parles

128 3227 260 3286 intrigues
276 3226 309 3272 de
322 3225 510 3284 Tlie'niistocle,
524 3226 616 3287 Jaloux
628 3227 660 3272 de
675 3241 703 3272 sa
720 3227 811 3288 gleire.
826 3254 853 3262 ψ
867 3229 1010 3289 Repono.
1028 3229 1066 3276 cf.
1083 3227 1136 3276 Pro

130 3287 238 3344 Milone,
252 3291 290 3346 35,
305 3288 339 3334 oh
353 3285 463 3334 Cice'ron
477 3288 525 3345 dit,
540 3302 571 3334 en
604 3288 692 3335 arlant
707 3289 739 3335 de
753 3289 777 3336 la
790 3289 872 3349 gloire
886 3309 896 3332 o
910 3289 991 3352 cujus
1003 3289 1136 3352 gradibus

128 3347 259 3397 etiam'in
281 3348 384 3396 caetum
407 3349 528 3396 homines
546 3349 573 3396 oi
594 3352 675 3396 entur
694 3350 855 3398 adscendere
881 3370 902 3399 ».
925 3379 953 3386 -
979 3352 1138 3401 Rectissi-

130 3423 227 3460 mum.
238 3409 308 3457 C'est
317 3425 346 3457 ce
357 3425 408 3471 que
420 3410 578 3471 fittoujours
592 3411 713 3468 Ciceron,
727 3415 754 3458 ct
765 3427 794 3459 ce
806 3414 850 3474 qui
861 3413 897 3458 lui
909 3414 1020 3460 donnait
1031 3413 1054 3459 le
1065 3414 1138 3462 droit

127 3473 165 3519 de
178 3473 278 3518 dircen
292 3476 416 3519 mourant
430 3487 435 3518 z
451 3492 461 3514 o
474 3471 575 3519 Moriar
589 3472 616 3518 io
628 3475 719 3534 patria
736 3488 812 3536 saepe
827 3477 940 3522 servata.
957 3495 1008 3517 η·-
1021 3475 1137 3537 Spere-

128 3547 214 3590 mus,
233 3535 304 3580 voild
320 3549 388 3595 pour
404 3533 499 3581 lideal.
518 3561 548 3568 -
565 3533 734 3591 Feramus,
750 3535 820 3581 voild
834 3551 902 3597 pour
916 3537 941 3584 la
960 3537 1092 3598 pratique.
1106 3565 1138 3574 -

128 3622 161 3631 —
175 3594 422 3656 sempiternam.
442 3594 481 3642 Cl.
495 3595 520 3642 la
537 3595 691 3656 pei-oraison
712 3597 745 3642 de
765 3595 911 3658 l'Apricota
928 3600 961 3644 de
980 3599 1080 3647 Tacite.
1095 3598 1135 3648 Cf.

127 3657 204 3704 aussi
224 3657 261 3703 les
278 3656 362 3703 belles
382 3657 486 3718 paroles
506 3658 539 3704 de
559 3656 666 3718 Scipion
687 3659 701 3704 a
721 3657 751 3712 Q.
778 3659 885 3717 Fabius,
908 3661 974 3706 dans
997 3660 1136 3708 Tite-Live

129 3717 266 3781 (XXVlll,
279 3719 316 3780 43)
332 3733 336 3766 :
353 3737 363 3760 ιι
378 3720 515 3781 tamquam
529 3733 581 3765 non
596 3717 704 3782 longius
736 3734 796 3767 uam
807 3721 939 3782 quantum
954 3721 1022 3768 vitae
1041 3722 1137 3769 huma-

130 3793 181 3827 nae
194 3779 311 3842 spatium
324 3779 505 3842 estcupzditas
540 3779 622 3828 toriae
635 3735 805 3840 ostendatur,
818 3781 986 3845 maximaque
997 3798 1062 3846 pars
1076 3785 1136 3846 ejus

130 3841 159 3890 in
175 3840 330 3889 memoriam
341 3856 370 3889 ec
380 3793 568 3904 posteritadem
575 3841 737 3904 promineat.
751 3863 762 3886 o
777 3843 798 3889 Il
810 3859 854 3906 ya
868 3845 900 3892 de
911 3844 936 3891 la
947 3845 1017 3906 pitte
1029 3846 1095 3892 dans
1106 3860 1137 3892 ce

554 3947 713 4000 -279-
