2698 4234
313 192 398 260 340.
413 203 554 260 Phedre
566 201 699 261 defend
710 205 749 261 la
765 205 875 263 table.

300 321 449 388 (Phaedrus
467 324 625 388 fabularum
641 341 727 391 penus
741 326 880 393 defendit.)

154 572 245 632 Nunc
262 571 433 632 fabularum
445 595 500 633 cur
512 575 551 634 sit
566 575 726 634 inventum
741 595 838 654 genus

154 669 245 727 Brevi
260 669 388 729 docebo.
404 671 562 731 Servitus*
575 671 737 745 obnoxia“,

105 838 107 842 ι
151 766 233 834 Quia
244 787 311 846 quae
326 767 450 827 volebat
465 789 526 826 non
540 769 671 828 audebat
684 769 797 842 dicere,

153 864 291 922 Allectus
308 865 449 945 proprios
467 865 497 922 in
513 865 638 924 fabellas
653 867 821 940 transtulit,

152 958 435 1042 Calumniamque*
450 962 529 1021 lictis
540 963 631 1023 elusit
641 963 731 1043 jocis.

156 1057 220 1136 Ego
235 1078 327 1138 porro
341 1059 423 1118 illius
439 1060 545 1118 semita
563 1060 621 1119 leci
635 1059 717 1118 viam
725 1061 748 1134 *‚

153 1155 192 1214 Et
206 1156 340 1234 cogitavi
355 1156 443 1236 plura
458 1177 549 1236 quam
560 1157 737 1238 reliquerat,

153 1252 189 1310 ln
204 1252 411 1312 calamitatem
422 1253 596 1331 *diligens*
611 1254 751 1333 quaedam
768 1275 878 1316 meam.

151 1350 335 1430 Suspicione
352 1350 459 1430 siquis
474 1350 588 1410 errabit
603 1351 686 1424 sua',

152 1447 192 1506 Et
205 1447 304 1528 rapiet
318 1448 356 1506 ad
374 1469 405 1506 se
418 1448 500 1528 quod
516 1447 574 1506 erit
588 1467 750 1507 commune
764 1447 912 1520 omnium,

150 1545 252 1604 Stulte
265 1545 395 1604 nudabit
408 1544 502 1603 animi
513 1545 745 1604 conscientiam.

153 1641 818 1715 ffimfflwfflwmmfflmmfflmmm

152 1738 259 1818 Neque
272 1739 353 1797 enim
372 1739 495 1797 notare*
511 1738 648 1815 singulos
661 1759 746 1797 mens
762 1738 901 1811 estmihi,

151 1836 266 1896 Verum
284 1837 382 1916 ipsam
395 1835 520 1908 vitam',
538 1842 569 1894 et
583 1855 682 1894 mores
698 1835 857 1896 hominum
873 1836 1043 1898 ostendere.
1113 1871 1114 1874 ¹

155 1933 232 1993 Rem
247 1954 294 1992 me
311 1933 484 2014 professum
502 1933 584 2016 dicet
599 1932 662 1992 lors
673 1934 685 1957 ¹
702 1933 812 2012 aliquis
825 1953 960 2011 gravem.

149 2030 183 2090 Si
201 2031 302 2112 Phryx
314 2031 468 2111 AEsopus“
482 2030 594 2111 potuit,
612 2030 637 2088 si
652 2031 856 2090 Anacharsis*
870 2030 982 2112 Scytha

150 2127 812 2205 AEwmmmfflmmefflQmmwm

152 2227 217 2305 Ego
235 2227 387 2285 litteratae
398 2224 450 2306 qui
466 2245 533 2283 sum
549 2225 697 2304 propior*
712 2225 868 2300 Graeciae,

152 2321 215 2381 Cur
229 2342 337 2381 somno
352 2320 445 2380 inerti
460 2321 597 2379 deseram
611 2321 728 2400 patriae
743 2321 857 2382 decus?

120 2519 161 2570 N⁰
174 2518 241 2571 340
259 2534 264 2566 :
283 2517 442 2568 Servitus.
459 2517 626 2577 Explication
646 2515 798 2578 ingenieuse
820 2518 853 2566 de
871 2515 990 2580 l'origine
1012 2519 1045 2568 de
1065 2520 1090 2568 la

90 2582 168 2631 table.
181 2583 248 2629 Mais
261 2582 284 2628 le
298 2581 357 2642 plus
370 2579 483 2640 superbe
496 2580 528 2625 de
542 2582 602 2625 tous
614 2579 652 2625 les
672 2581 780 2626 maltres
802 2583 843 2627 est
857 2578 1089 2644 l'amour-propre,

90 2649 118 2694 et
134 2660 200 2692 nous
217 2657 332 2691 summes
350 2646 410 2688 tous
432 2655 473 2688 ses
498 2641 616 2688 esclaves
635 2654 640 2687 ε
658 2641 727 2687 vaiht
743 2642 767 2688 le
786 2645 879 2689 mettre
897 2658 948 2704 que
962 2644 986 2692 le
1000 2658 1090 2704 sagea

91 2708 180 2766 voulu,
194 2721 226 2754 en
243 2705 383 2752 inventant
400 2702 555 2764 l'apologue,
570 2702 725 2749 reconcilier
743 2718 808 2750 avec
824 2704 849 2750 la
866 2704 960 2752 vente.
971 2704 1091 2753 Seruitus

90 2767 205 2818 obnoxia
225 2787 256 2810 =
274 2780 367 2814 servus
386 2763 527 2824 ohnocius,
544 2764 706 2812 c'est-h-dire
726 2765 821 2826 Esope.
842 2765 961 2814 Obnoeia
980 2769 1021 2814 est
1035 2768 1090 2830 pris

89 2831 266 2880 absolument.
277 2854 306 2863 -
318 2827 532 2883 calumniam,
546 2825 654 2886 designe
666 2826 729 2872 chez
741 2827 779 2873 les
795 2826 931 2887 Romains,
943 2827 1046 2890 l'esprit
1057 2830 1090 2876 de

91 2893 208 2941 chicane.
225 2891 265 2938 En
275 2890 382 2951 justice,
401 2889 490 2949 quand
503 2889 540 2934 les
551 2888 621 2934 deux
634 2888 733 2948 parties
747 2888 846 2936 etaient
859 2890 1006 2950 presentes,
1020 2889 1090 2938 l'une

90 2957 118 3003 et
132 2952 226 3001 l'autre
241 2953 367 2999 devaient
382 2951 458 3012 jurer
474 2948 587 3018 qu'elles·
601 2950 735 2996 n'aiaient
753 2951 829 3011 point
846 2952 945 3000 suscite'
958 2953 982 2999 le
995 2953 1090 3014 proces

110 3030 139 3063 ar
150 3015 233 3076 esprit
245 3016 278 3060 de
290 3013 400 3060 chicanc
414 3011 455 3074 (de
468 3012 603 3058 calumnia
616 3011 733 3072 jurare).
754 3037 783 3046 -
800 3011 897 3062 Viam
912 3028 918 3061 :
936 3027 1091 3075 remarquer

90 3031 259 3138 lopposition
270 3089 335 3123 avec
350 3073 452 3122 semita.
470 3099 499 3108 -
516 3073 758 3122 calamitatem.
775 3072 853 3135 sejan
872 3075 944 3123 svnt
962 3075 1013 3136 ete,
1036 3077 1090 3124 dit-

89 3154 133 3198 on,
147 3137 246 3186 oll'ense
261 3152 310 3199 par
321 3137 451 3197 quelques
470 3135 597 3182 allusione
616 3135 649 3181 de
669 3135 781 3182 Phedre.
796 3161 823 3171 —
837 3136 904 3186 Dili
927 3151 994 3198 ene,
1006 3139 1091 3200 parti·

89 3202 198 3262 cipe.—
212 3199 280 3249 Sua
294 3212 300 3245 :
314 3212 393 3259 parce
411 3211 461 3258 que
477 3211 521 3243 ces
537 3196 692 3243 lecteurs-lh
745 3199 874 3246 mettront
916 3214 944 3246 es
962 3200 1090 3246 allusione

89 3212 830 3382 {tettalatta'tatutffiffatalttttt
842 3261 1008 3386 tttttttt
1024 3263 1090 3370 tlt

90 3386 114 3434 le
126 3399 186 3432 sens
207 3383 314 3446 ge'neral
328 3383 360 3430 de
378 3380 498 3429 homines
514 3394 520 3429 :
539 3379 663 3442 frequent
680 3383 694 3428 a
734 3383 800 3429 artir
818 3383 851 3430 de
871 3382 992 3449 l'epoque
1009 3384 1092 3445 impe·

90 3445 161 3495 rial'e.
185 3473 215 3482 —
232 3446 323 3503 Fors,
345 3444 471 3492 adverbe.
495 3443 683 3505 -AEsopus.
724 3444 764 3490 oir
775 3444 801 3491 la
813 3445 856 3491 vie
869 3444 982 3507 d'Esope
999 3445 1090 3508 placc'e

90 3524 122 3557 en
134 3510 188 3556 tete
200 3508 247 3555 des
268 3507 353 3554 sables
372 3506 405 3552 de
427 3505 464 3552 La
485 3505 624 3552 Fontaine.
642 3530 672 3539 -
692 3505 899 3556 Anacharsle
912 3522 918 3555 z
932 3508 1090 3570 philosophe

89 3571 183 3632 scytha
200 3570 245 3632 qui
264 3570 323 3616 vint
342 3570 357 3614 a
374 3566 493 3614 Athenas
505 3568 520 3613 a
532 3565 653 3628 l’epoque
666 3567 699 3613 de
712 3567 802 3614 Solon.
816 3567 857 3615 On
868 3568 904 3616 lui
923 3569 1042 3618 attribue
1055 3584 1089 3618 un

89 3632 189 3680 certain
202 3630 314 3678 nombre
327 3631 360 3676 de
373 3627 484 3690 pense'es
497 3630 568 3676 etde
581 3629 707 3675 maximes
720 3631 843 3677 morales.
856 3630 1040 3693 —Proplon
1054 3631 1091 3680 La

90 3693 253 3752 Macedoine,
268 3693 353 3754 patrie
373 3692 405 3738 de
424 3691 534 3751 Phedre,
554 3694 596 3737 est
614 3705 646 3737 en
669 3691 731 3738 ellat
748 3691 808 3752 plus
830 3693 994 3753 rapprochee
1013 3695 1046 3742 de
1066 3695 1090 3741 la

90 3755 172 3803 Grece
193 3770 245 3816 que
257 3755 280 3800 la
294 3753 409 3815 Phrygia
422 3756 450 3799 et
462 3752 487 3799 la
500 3752 618 3816 Scythie.
631 3751 770 3801 Peut-etre
785 3752 888 3800 Phcdre
906 3769 934 3802 se
955 3768 1091 3818 compare·

91 3817 129 3864 til
139 3817 172 3864 ici
185 3831 237 3864 aux
249 3817 347 3878 poetes
359 3815 448 3863 latins.

515 3929 671 3981 -343-
