2698 4234
400 180 485 238 393.
498 181 758 237 Recrutement
773 180 839 236 des
855 179 1027 249 colleges.

349 283 496 346 (Quomodo
508 283 677 332 sacerdotum
690 283 804 348 collegia
815 283 899 347 allegi
911 283 991 332 solita
1001 281 1077 346 sint.)

161 440 200 502 3θ
255 442 480 519 Rogationem*
512 463 585 521 ergo
619 443 854 522 promulgarunt
884 443 1000 504 tribuni
1034 441 1134 521 plebis
1173 446 1218 510 ut,

216 559 285 597 cum
299 543 606 618 quatuoraugures*,
630 547 764 619 quatuor
787 540 950 620 pontifices
976 559 1009 597 ea
1035 543 1221 618 tempestate

217 643 327 707 essent,
359 636 554 716 placeretque
589 637 693 714 augeri
726 636 922 696 sacerdotum
944 655 1118 706 numerum,
1144 653 1222 712 qua-

217 739 288 791 tuor
304 733 495 813 pontifices*,
512 734 648 813 quinque
665 754 807 812 augures,
825 732 863 792 de
879 733 968 812 plebe
986 752 1092 791 omnes
1108 730 1222 807 allege-

217 836 333 888 rentur.
349 828 616 895 Quemadmodum
638 829 676 888 ad
704 838 837 910 quatuor
861 850 1012 908 augurum
1045 846 1219 896 numerum,

218 926 274 984 nisi
287 933 386 984 morte
399 925 543 1000 duorum,
559 926 590 984 id
603 926 701 1006 redigi
717 927 880 1006 collegium
895 926 1044 1007 potuerit,
1062 945 1124 983 non
1135 923 1222 981 inve·

218 1024 279 1095 nio,
298 1043 367 1081 curn
381 1023 461 1082 inter
476 1043 607 1101 augures
622 1031 743 1083 constet
755 1021 904 1104 imparem
924 1042 1086 1082 numerum
1110 1019 1221 1079 debere

218 1141 294 1193 esse,
312 1127 347 1177 ut
362 1127 424 1178 tres
437 1121 573 1200 antiquae
589 1121 698 1193 tribus,
721 1120 867 1191 Ramnes,
888 1120 1049 1190 Titienses,
1076 1119 1219 1186 Luceres,

218 1237 307 1274 suum
321 1237 452 1297 quaeque
469 1238 616 1297 augurem
631 1217 775 1289 habeant,
791 1225 854 1289 aut,
868 1217 893 1275 si
908 1215 1048 1296 pluribus
1064 1214 1105 1273 sit
1129 1233 1219 1292 opuS,

215 1312 284 1391 ¹pari
300 1313 382 1371 inter
397 1335 428 1372 se
444 1336 573 1373 numero
589 1314 764 1373 sacerdotes
786 1313 1024 1392 multiplicent*,
1042 1312 1122 1370 sicut
1143 1307 1223 1368 mul-

218 1409 348 1489 tiplicati
375 1420 458 1484 sunt,
486 1432 555 1470 curn
584 1411 622 1470 ad
648 1420 782 1490 quatuor
808 1410 944 1490 quinque
970 1407 1083 1488 adjecti
1109 1426 1221 1464 novem

220 1510 410 1580 numerum*,
429 1516 463 1566 ut
481 1508 560 1566 terni
576 1507 607 1566 in
623 1507 758 1585 singulas
776 1514 888 1578 essent,
907 1505 1118 1585 expleverunt.
1133 1503 1223 1562 Cete-

219 1624 298 1676 rum,
316 1604 388 1683 quia
410 1604 448 1663 de
473 1605 561 1684 plebe
580 1605 803 1682 allegabantur,
826 1605 935 1684 juxta*
960 1623 1027 1662 eam
1051 1622 1115 1660 rem
1141 1619 1223 1678 aegre

219 1701 300 1779 passi
329 1707 431 1780 patres
464 1723 556 1781 quarn
587 1722 657 1760 cum
691 1701 885 1760 consulatum
917 1699 1037 1778 vulgari
1067 1697 1221 1757 viderent.

220 1797 412 1856 Simulabant
424 1798 462 1857 ad
476 1799 550 1857 dcos
563 1798 594 1857 id
608 1799 705 1876 magis
721 1819 813 1878 quam
832 1797 869 1857 ad
892 1819 923 1856 se
945 1797 1099 1876 pertinere
1115 1813 1121 1854 ε
1139 1795 1223 1873 ipsos

220 1895 340 1953 visuros
361 1915 398 1953 ne
421 1916 506 1954 sacra
529 1916 584 1954 sua
603 1896 798 1974 polluantur;
816 1895 846 1953 id
861 1916 893 1953 se
915 1903 1021 1974 optare
1041 1899 1162 1951 tantum
1186 1911 1224 1949 ne

220 2013 279 2070 qua
289 1992 320 2048 in
334 2012 397 2050 rem
415 1992 570 2071 publicam
581 1992 684 2052 clades
695 1993 809 2052 veniat.
821 1993 925 2052 Minus
938 1999 1040 2050 autern
1054 1988 1222 2058 tetendere,

220 2088 333 2146 assueti
346 2089 409 2167 jam
432 2089 483 2148 tali
507 2110 618 2167 genere
641 2090 844 2148 certaminum
873 2089 969 2160 vinci;
1000 2095 1031 2146 et
1056 2084 1226 2144 cernebant

221 2184 411 2244 adversarios
426 2207 489 2244 non
502 2186 543 2258 id,
561 2186 644 2266 quod
660 2186 733 2244 olim
749 2187 801 2244 vix
814 2185 1015 2265 speraverint,
1033 2185 1223 2253 allectanteS,

221 2286 366 2358 magnos*
383 2283 527 2355 honores,
542 2283 593 2341 sed
610 2283 712 2342 omnia
724 2283 798 2362 jam,
809 2283 982 2361 inquorum
998 2300 1083 2360 spem
1097 2279 1225 2338 dubiam

223 2386 457 2452 eratcertalnm,
471 2380 610 2459 adeptos,
624 2379 811 2460 multiplices
822 2378 1001 2438 consulatus
1016 2396 1225 2456 censurasque

221 2482 251 2533 et
266 2476 447 2555 triumphos

221 2645 259 2691 les
273 2645 472 2716 Commentarii.
485 2673 514 2680 -
527 2644 721 2718 Exsignata,
736 2644 894 2716 designe'les
913 2645 990 2716 notes
1009 2641 1164 2713 transmises
1176 2656 1228 2702 par

222 2707 308 2754 Numa
322 2707 469 2754 ablarcrus.
481 2706 642 2755 -Hostus
655 2721 660 2753 :
674 2706 736 2753 elles
748 2705 905 2764 differerent,
920 2709 1027 2753 suivant
1040 2705 1078 2751 les
1092 2705 1181 2752 dreux.
1197 2729 1228 2738 -

163 2821 165 2824 ,
222 2769 346 2818 Diebus
360 2783 365 2816 ι
379 2769 417 2815 les
428 2769 593 2830 joursl'astes
604 2767 696 2828 (fasti).

253 2876 293 2923 N⁰
308 2875 374 2925 393
389 2889 394 2921 z
411 2873 637 2936 Rogationem.
652 2873 690 2921 Ro
712 2887 766 2933 are,
785 2871 849 2920 c’est
869 2873 1013 2919 demander
1030 2887 1063 2918 au
1082 2870 1179 2933 peuple
1193 2871 1227 2917 de

223 2941 300 2984 voter
315 2952 360 2982 sur
378 2951 428 2982 une
450 2936 626 2996 proposition.
642 2963 671 2969 -
719 2947 841 2997 ugures
858 2950 863 2983 :
879 2935 903 2982 le
919 2934 1018 2996 college
1035 2934 1081 2980 des
1100 2947 1226 2993 augures,

223 2998 349 3060 composui
366 2998 397 3044 de
416 2998 481 3044 trois
495 2997 636 3055 membres,
651 2997 711 3058 puis
729 2997 761 3042 de
777 2997 825 3053 six,
849 3011 882 3043 ou
900 2997 932 3042 de
950 2997 1015 3043 neuf
1030 2995 1106 3057 (dont
1148 2997 1227 3041 uatre

223 3061 366 3122 patricicns
388 3063 415 3106 et
436 3060 497 3119 cinq
514 3058 671 3120 ple'hc'iens),
690 3061 716 3105 et
735 3057 805 3104 enfin
827 3059 859 3104 dc
877 3062 905 3104 15
923 3073 956 3104 au
979 3059 1032 3104 tem
1054 3071 1066 3103 s
1086 3057 1118 3103 de
1147 3055 1226 3117 'ylla

223 3149 253 3158 —
265 3121 448 3171 Pontifices.
458 3147 488 3154 -
499 3121 533 3166 Le
543 3117 688 3182 collegium
695 3119 855 3182 pontificum
868 3119 933 3166 etait
945 3119 1040 3180 charge
1050 3118 1083 3164 de
1096 3117 1229 3178 pourvoir

224 3200 256 3231 au
274 3184 376 3230 service
394 3183 426 3228 de
446 3182 577 3242 plusieurs
590 3183 674 3228 cultes
696 3181 795 3240 (Vesta,
807 3180 928 3240 Penates,
949 3182 1010 3242 etc.)
1027 3181 1053 3227 et
1066 3195 1097 3226 en
1117 3179 1228 3240 general

224 3247 271 3293 des
295 3244 422 3291 divinitts
438 3243 484 3304 qni
502 3241 576 3290 n'ont
593 3258 640 3304 pas
656 3245 688 3288 cle
708 3244 811 3303 pretres
828 3242 961 3304 speciaux.
982 3242 1003 3288 ll
1027 3241 1099 3288 avait
1118 3243 1229 3288 surtout

224 3309 291 3354 dans
312 3321 353 3353 ses
373 3305 546 3352 attributions
568 3305 592 3351 la
609 3305 811 3366 jurisprudence
834 3305 978 3364 religicusc,
999 3303 1024 3350 la
1050 3302 1169 3349 decision
1192 3304 1227 3350 de

225 3373 284 3416 tous
297 3369 335 3415 les
351 3383 395 3415 cas
408 3369 440 3414 de
455 3367 610 3413 conscience
624 3381 674 3427 qne
694 3366 717 3411 la
733 3366 843 3412 minutie
861 3367 907 3412 des
927 3367 1072 3426 pratiques,
1091 3364 1128 3410 les
1149 3364 1226 3420 rites,

224 3433 261 3478 les
274 3431 397 3494 prodiges
411 3429 557 3490 pouvaient
573 3427 647 3474 creer
663 3442 695 3473 au
717 3429 813 3488 peuple
830 3427 939 3474 romain.
959 3454 987 3462 —
1002 3424 1229 3486 Multiplicent

225 3493 255 3555 (s.
272 3496 325 3539 ent.
350 3491 395 3552 sc).
419 3492 492 3536 Avcc
513 3489 583 3537 inter
605 3503 688 3546 se‚on
704 3487 847 3550 n'exprime
867 3504 914 3550 pas
931 3504 966 3535 un
991 3489 1090 3535 second
1111 3501 1227 3547 pronom

225 3568 327 3601 comme
339 3568 370 3600 cn
383 3552 505 3608 francais.
521 3578 547 3586 -
561 3551 685 3600 Novem
699 3563 877 3608 numerum,
896 3564 988 3597 nouem
1004 3554 1045 3596 est
1061 3549 1226 3610 apposition.

225 3615 378 3664 -Juxta
395 3625 501 3674 quam,
520 3627 623 3659 comme
641 3624 745 3672 aeque
764 3623 862 3672 quam
880 3612 964 3672 (XXV
967 3613 986 3672 Ι,
1002 3615 1039 3669 lo,
1060 3610 1083 3673 2)
1097 3629 1127 3651 =
1139 3625 1228 3671 aeque

226 3691 264 3723 ac.
276 3702 306 3709 -
316 3675 463 3734 Magnos,
476 3689 509 3720 on
522 3673 576 3734 maj
581 3687 638 3719 ores
657 3673 771 3719 honores
785 3687 790 3719 :
805 3674 919 3727 consuls,
942 3687 1076 3730 censeurs,
1092 3669 1226 3732 prdteurs,

226 3737 282 3783 elus
293 3737 359 3780 dans
373 3736 409 3779 les
421 3735 535 3780 comices
548 3749 596 3794 par
608 3734 740 3779 centuries
751 3747 756 3790 ;
769 3733 807 3779 les
819 3733 934 3782 minore-s
951 3750 956 3782 ε
970 3735 1060 3791 e'diles,
1074 3736 1227 3795 questeurs‚

228 3797 341 3850 tribune,
353 3795 409 3841 clus
422 3797 487 3840 dans
501 3797 538 3840 les
551 3795 665 3840 cornices
681 3794 832 3854 partribus.

648 3945 678 3952 -
700 3916 750 3966 3913
771 3946 804 3953 -
