2658 4244
231 175 312 232 108.
332 179 383 233 Le
396 177 480 245 plus
494 179 677 233 vertueux
692 178 759 233 des
773 177 959 234 Romains.

9 309 11 402 ,
338 271 386 332 (De
398 271 581 320 Romanorum
594 271 762 323 sanctissimo
775 272 853 336 uiro.)

9 411 11 452 r
61 441 64 449 ,
131 383 180 444 Ad
211 384 401 446 Thraseam*
424 387 456 445 in
486 387 584 446 hortis
614 389 777 464 agentem*
810 375 1095 467 quaestor'missus,
1114 384 1154 448 2Θ

9 469 10 490 ³
94 491 327 560 vesperascente
336 484 401 564 jam
417 483 477 544 die.
497 484 667 551 lllustrium
694 485 831 542 virorum
850 485 1097 563 feminarumque

9 629 10 642 2
93 580 229 637 coetum*
242 570 434 662 frequentem
450 583 584 658 egerat*,
602 582 734 640 maxime
750 582 888 640 intentus
904 582 1061 640 Demetrio
1072 581 1095 651 *,

93 676 230 754 cynicae*
259 677 463 736 institutionis
488 678 627 738 doctori:
653 699 723 736 cum
753 699 826 759 quc,
852 665 888 738 ut
923 679 1097 758 conjectare

92 774 175 830 erat*
188 773 361 833 intentione
378 775 494 844 vultuS,
512 782 542 834 et
555 776 678 844 auditis,
697 776 720 833 si
733 797 793 856 qua
809 775 921 834 elarius
936 776 1097 854 proloque-

93 867 216 942 bantur,
233 871 271 929 de
286 879 396 930 natura
419 872 530 932 animae
551 878 582 932 et
601 871 818 931 dissociatione
833 872 966 952 'spiritus
988 892 1097 950 corpo·
1133 953 1134 956 Ἴ

93 962 195 1041 risque
217 963 394 1043 inquirebat
424 982 430 1024 :
461 965 560 1024 donee
579 965 707 1024 advenit
732 966 889 1024 Domitius
911 965 1097 1044 ,Caecilianus

94 1079 130 1116 ex
147 1060 267 1119 intimis
282 1061 401 1130 amicis,
420 1068 452 1120 et
466 1063 494 1120 ei
509 1061 585 1142 quid
603 1070 727 1121 senatus
742 1063 914 1121 censuisset
942 1061 1094 1140 exposuit.

95 1155 191 1232 lgitur
201 1158 569 1238 flentesqueritentesque
582 1158 635 1238 qui
649 1159 777 1218 aderant
789 1160 958 1218 lacessere*
968 1178 1097 1237 propero

92 1252 237 1326 Thrasea,
255 1275 314 1313 neu
330 1255 466 1334 pericula
484 1276 538 1314 sua
553 1256 682 1314 miscere
695 1277 765 1314 cum
780 1264 862 1314 sorte
873 1255 1009 1314 damnati
1026 1255 1098 1312 hor-

93 1356 195 1422 tatur,
210 1351 394 1430 Arriamque
409 1359 580 1411 tentantem
595 1353 699 1412 mariti
715 1373 858 1433 suprema
878 1360 908 1411 et
923 1351 1113 1431 exemplum

91 1448 190 1506 Arriae
202 1448 214 1471 *
228 1450 334 1508 matris
350 1449 435 1528 sequi
453 1457 558 1508 monet
579 1431 712 1508 retinere
727 1451 831 1525 vitam,
856 1449 989 1528 filiaeque
1015 1469 1112 1506 com-¹

93 1544 179 1603 muni
190 1535 363 1604 subsidium
379 1545 505 1604 unicum
518 1567 580 1604 non
596 1547 741 1605 adimere.
766 1547 845 1605 Tum
863 1566 1042 1626 progressus
1066 1546 1097 1602 in

93 1631 260 1719 porticum,
292 1642 355 1700 illic
391 1664 407 1702 a
435 1651 590 1724 quaestore
624 1645 788 1722 reperitur.
821 1646 959 1724 Accepto
978 1643 1097 1701 dehine

92 1739 374 1810 senatusconsulto,
407 1739 585 1798 Helvidium
601 1747 632 1799 et
654 1741 846 1799 Demetrium
868 1740 899 1798 in
922 1741 1097 1799 cubiculum

91 1835 227 1908 inducit;
245 1838 457 1918 porrectisque
481 1837 642 1917 utriusque
665 1837 799 1896 bracchii
817 1838 913 1909 venie,
933 1845 1110 1917 postquam¹

52 1955 54 1960 ·
91 1953 233 1992 cruorem
254 1934 373 2003 elludit,
394 1934 522 1992 humum
545 1955 637 2014 super
658 1955 815 2014 spargens,
836 1936 963 2016 propius
987 1942 1097 1992 vocato

93 2037 260 2109 quaestore,
290 2055 305 2086 «
334 2031 508 2104 Libamus*,
530 2031 631 2112 inquit
659 2031 730 2090 lovi
758 2033 940 2092 Liberatori.
973 2033 1095 2111 Specta,

87 2127 215 2206 juvenis
240 2146 247 2188 ε
271 2135 302 2187 et
327 2131 441 2187 omen*
465 2128 590 2208 quidem
613 2127 655 2186 dii
685 2128 885 2207 prohibeant,
910 2137 1046 2187 ceterum
1066 2127 1096 2184 in

91 2241 127 2278 ea
153 2228 294 2300 tempora
314 2228 406 2280 natus
436 2242 479 2294 es,
504 2221 616 2300 quibus
646 2221 768 2280 firmare
793 2221 928 2280 animum
957 2220 1099 2299 expediat

91 2318 308 2377 constantibus
329 2303 514 2397 exemplis».
542 2318 626 2390 Post,
644 2317 830 2376 lentitudine
852 2317 974 2375 exitus*
990 2337 1097 2393 graves

91 2415 247 2473 cruciatus
258 2415 415 2486 afferente,
431 2415 570 2473 obversis
579 2415 610 2473 in
624 2415 816 2474 Demetrium
829 2413 926 2472 oeulis
935 2415 956 2484 *,
970 2413 1097 2492 ejusque

91 2519 219 2590 aspectu
245 2518 277 2570 et
309 2511 411 2570 verbis
436 2512 600 2584 animatus,
620 2512 726 2570 amicis
755 2510 858 2570 oscula
880 2511 1021 2582 ollerenS,
1044 2511 1097 2568 diu

94 2608 263 2668 eluctatum
276 2607 418 2688 spiritum
435 2609 580 2668 reddidit.

123 2741 166 2791 N⁰
185 2740 248 2792 108
265 2741 477 2791 :Thraseam
498 2741 519 2788 ll
537 2742 608 2789 nvait
624 2741 723 2803 epouse
737 2741 882 2804 l'heroique
896 2744 982 2800 Arria,
1000 2743 1096 2789 lemme

94 2799 235 2850 deCeeina
253 2803 361 2863 Paetus,
379 2805 411 2850 et*
423 2803 507 2850 choisi
523 2818 591 2864 pour
605 2804 703 2864 gendre
725 2803 866 2850 Helvidius
887 2803 1001 2852 Priscus.
1019 2803 1040 2866 11
1057 2805 1097 2851 sut

93 2865 126 2911 de
148 2864 321 2926 l'opposition
342 2879 404 2912 sous
428 2864 531 2923 Ne'ron;
553 2865 572 2912 il
594 2879 640 2912 osa
662 2865 744 2912 soi-tir
764 2865 799 2911 du
815 2864 897 2912 Senat
913 2880 982 2926 pour
999 2880 1031 2912 ne
1048 2881 1096 2927 pas

93 2927 222 2973 entendre
235 2925 266 2973 1’3
288 2926 374 2987 ologie
391 2926 427 2972 du
443 2929 559 2973 meurtre
578 2925 761 2987 d'Agrippine.
779 2947 789 2969 u
805 2925 843 2972 En
858 2927 883 2973 le
905 2929 989 2986 tuant,
1007 2927 1096 2975 Neron

93 2988 189 3035 voulut
198 2941 292 3036 tuerlii
306 2989 383 3034 vertu
398 2988 484 3034 meme
499 3006 519 3034 u.
532 3014 559 3022 -
574 2986 742 3048 Agentem,
756 3002 790 3034 uu
803 3002 863 3034 sens
877 2989 909 3035 de
922 3001 986 3047 esse,
998 2988 1107 3037 viuere..

93 3075 122 3084 -
135 3049 281 3110 Coetum3
302 3049 322 3096 il
338 3046 415 3108 s'egit
432 3049 465 3094 de
484 3063 525 3095 ses
540 3049 657 3098 intimes.
673 3077 703 3084 -
719 3049 842 3110 legerat
862 3069 893 3092 =
914 3052 1046 3113 coeperat.
1067 3078 1098 3086 -

94 3109 267 3161 Demetrio.
286 3109 321 3158 Ce
339 3109 499 3174 philosophe
516 3111 549 3156 de
574 3111 599 3157 13
613 3113 686 3158 secte
709 3112 756 3158 des
770 3111 904 3173 Cyniques
919 3113 949 3159 fit
966 3127 1019 3159 une
1027 3113 1106 3160 belle,

9 3185 10 3194 ¹
93 3181 207 3243 repense
219 3181 233 3228 e
244 3179 352 3229 Neron:
367 3200 378 3224 «
391 3171 513 3234 Ἀπειλεῖς
528 3191 570 3243 μοι
580 3173 693 3240 θάνατον,
705 3175 743 3226 σοὶ
755 3174 792 3241 e'l]
806 3176 882 3243 φύσις,
891 3202 902 3225 »
910 3183 1096 3246 -Cynicae‚

94 3243 130 3291 La
142 3243 242 3291 morale
254 3243 302 3290 des
314 3242 449 3305 Cyniques
463 3242 529 3290 etait
539 3243 593 3290 tres
606 3242 707 3301 severe,
723 3244 781 3291 leur
792 3245 891 3306 regime
900 3245 933 3291 de
941 3246 983 3292 vic
992 3247 1098 3293 austere

9 3309 11 3320 ⁶
94 3309 121 3353 et
135 3305 210 3353 rude.
223 3303 264 3353 On
279 3305 317 3351 les
334 3318 349 3351 a
363 3303 472 3366 appeles
489 3304 527 3352 les
542 3305 717 3353 anachoretes
735 3306 767 3352 de
779 3306 805 3353 13
818 3307 917 3352 morale
935 3308 1096 3369 socratique.

92 3401 123 3412 -
132 3376 224 3438 Erat,
237 3376 300 3423 tour
311 3388 373 3436 grec
384 3389 390 3422 :
402 3365 464 3433 ἐξῆν.
477 3402 504 3410 -
517 3374 703 3431 Facessere,
716 3390 784 3436 pour
797 3377 826 3422 ut
835 3375 977 3436 facessant.
991 3378 1099 3426 liemar-

94 3452 158 3500 quer
173 3439 206 3485 de
219 3439 307 3485 meme
318 3437 377 3498 plus
390 3436 438 3484 bas
453 3451 459 3484 ι
476 3437 565 3484 monet
579 3435 737 3483 retinere:
751 3438 780 3484 ut
793 3437 957 3485 33113331-
966 3439 1095 3500 Arriae,

94 3499 157 3547 celle
171 3500 225 3560 qui,
239 3514 308 3562 pour
322 3499 424 3546 donner
434 3499 470 3546 du
483 3513 596 3560 courage
608 3499 623 3546 e
633 3513 681 3545 son
698 3500 772 3556 mari,
785 3513 812 3546 se
826 3501 918 3560 trappa
930 3502 954 3547 la
967 3503 1096 3562 premiere

94 3565 119 3608 et
130 3562 165 3608 lui
177 3563 265 3608 tendit
273 3561 296 3607 le
309 3561 440 3622 poignard
453 3575 485 3608 en
496 3562 601 3609 disant:
612 3581 623 3603 3
636 3561 725 3618 Paete,
736 3575 788 3607 non
799 3561 872 3609 dolet
884 3583 893 3603 υ
907 3563 999 3623 (Pline,
1014 3563 1095 3625 Epit,

94 3623 140 3680 111,
155 3624 203 3682 16).
216 3650 247 3658 —
260 3621 429 3682 Libamus,
468 3637 529 3670 arce
551 3637 602 3684 que
614 3623 767 3670 Demetrius
778 3625 805 3669 ct
817 3623 957 3670 ,Helvidius
969 3626 1097 3672 assistent

93 3686 107 3732 e
119 3686 143 3733 13
156 3685 279 3732 libation.
290 3711 322 3719 —
331 3682 438 3733 Omen.
476 3684 569 3732 hrase'a
580 3685 701 3732 souhaite
712 3699 745 3732 au
757 3689 883 3744 questeur
894 3687 926 3732 de
937 3685 1038 3733 n'avoir
1048 3702 1096 3748 pas

93 3748 106 3794 e
120 3761 147 3794 se
158 3747 262 3794 donner
272 3746 297 3793 13
308 3746 385 3793 mort.
397 3773 427 3780 —
440 3744 559 3796 Exitus
573 3765 604 3788 =
617 3745 720 3794 mortis.
729 3773 760 3780 -
774 3746 894 3801 Oculis,
909 3762 938 3794 ce
954 3751 1010 3794 mot
1021 3751 1047 3795 et
1057 3749 1096 3795 les

93 3809 215 3857 suivants
233 3809 296 3856 sont
313 3807 345 3854 de
362 3807 476 3868 Brotier,
494 3808 539 3869 qui
557 3807 721 3870 a'complete'
732 3823 762 3855 ce
775 3823 886 3870 passage
901 3810 1023 3870 tronque.

519 3933 673 3986 -109-
