2658 4244
130 161 188 218 62.
208 157 341 215 Pothin
354 156 529 214 conseille
549 153 770 213 aetolemee
786 155 820 210 le
837 156 999 210 meurtre
1017 153 1062 208 de

512 241 677 313 Pompee.
717 230 721 258 '

116 403 119 412 ,
207 350 351 412 (Pothinus
362 349 514 396 Ptolemaeo
525 349 619 396 suadet
632 351 660 395 ut
674 347 829 410 Pompeium
845 345 979 408 trucidet.)

155 500 169 528 a
191 474 268 532 lus*
281 481 311 531 et
326 473 371 531 las
387 472 500 531 multos
516 472 643 542 faciunt,
660 472 834 544 Ptolemaeo,
852 469 1029 528 nocentes*.
1115 462 1155 527 2⁰

156 572 217 628 Dat
229 590 344 649 poenas
360 568 483 627 laudata
495 568 581 637 fides,
599 588 669 626 curn
685 567 828 630 sustinet,
846 567 957 646 inquit,

153 667 237 733 Ques
255 666 391 724 Fortuna
406 666 520 744 premit
537 690 542 721 :
561 665 633 724 latis
647 665 758 726 accede
774 663 939 742 Deisque*,

157 765 194 820 nt
207 763 272 821 cole
288 761 402 833 felices,
420 762 549 820 miseros
564 761 647 839 luge.
663 761 768 820 Sidera
785 769 865 818 terra

157 860 197 918 Ut
213 859 342 929 distant,
360 866 394 916 ut
410 859 532 916 [lamma
548 859 634 928 mari,
653 858 696 915 sic
711 858 784 915 utile
798 864 893 916 recte.

153 957 354 1034 Sceptrorum
372 955 418 1012 vis
435 962 500 1013 tota
518 955 608 1032 perit,
626 955 650 1012 si
669 953 801 1034 pendere
812 954 897 1033 justa

156 1053 283 1131 Incipit,
303 1052 475 1130 evertitque
497 1072 581 1109 arces
598 1059 755 1129 respectus
773 1049 926 1108 honesti*.

159 1149 299 1215 Libertas
315 1148 465 1207 scelerum
483 1157 540 1218 est,
559 1169 627 1227 quae
641 1168 733 1225 regna
750 1147 849 1204 invisa
865 1153 979 1210 tuetur,

155 1245 365 1325 Sublatusque
381 1244 511 1303 modus*
527 1243 647 1322 gladiis.
667 1245 779 1302 Facere
794 1243 897 1302 omnia
912 1262 992 1300 saeve

158 1343 226 1400 Non
243 1343 370 1420 impune
388 1342 470 1413 licet,
489 1342 547 1399 nisi
563 1362 632 1398 cum
647 1341 733 1400 lacis,
753 1341 847 1398 Exeat
860 1339 928 1397 aula

159 1439 218 1506 Qui
234 1440 319 1497 volet
334 1459 399 1496 esse
413 1439 499 1517 pius;
517 1439 616 1496 virtus
632 1444 662 1496 et
677 1458 794 1496 summa
811 1443 946 1516 potestas

159 1536 227 1593 Non
244 1543 359 1594 coeunt
376 1555 382 1595 :
398 1555 518 1614 semper
531 1543 657 1604 metuet,
670 1552 759 1614 quern
774 1554 854 1592 saeva
870 1532 1042 1612 pudebunt.

158 1633 227 1691 Non
245 1632 371 1710 impune
389 1633 480 1690 tuos*
495 1631 626 1708 Magnus
640 1631 860 1710 contempserit
875 1650 981 1701 annos,
1052 1646 1057 1655 ·

158 1729 215 1796 Qui
231 1738 260 1788 le
274 1749 330 1787 nee
341 1729 441 1786 victos
457 1748 559 1786 arcere
575 1749 590 1786 a
606 1727 695 1786 litore
710 1736 816 1786 nostro

159 1825 251 1885 Posse
267 1832 365 1904 putat.
383 1826 449 1883 Neu
467 1833 496 1883 te
513 1826 640 1904 sceptris
656 1825 824 1903 privaverit
839 1823 960 1902 hospes,

159 1922 292 2000 Pignora
310 1930 382 1980 sunt
397 1922 541 2001 propiora
557 1922 613 1980 tibi
631 1941 636 1980 :
656 1922 810 2001 Nilonque
826 1920 1021 1999 Pharonque,

157 2021 187 2077 Si
205 2039 332 2096 regnare
349 2019 442 2098 piget,
461 2018 631 2076 damnatae*
647 2018 740 2077 redde
755 2018 862 2078 sorori.

160 2118 331 2195 AEgyptum
347 2123 429 2173 certe
446 2116 538 2174 Latiis
555 2125 696 2174 tueamur
711 2115 747 2174 ab
761 2116 890 2176 armis..

159 2213 263 2271 Metiri
278 2234 332 2270 sua
346 2233 439 2289 regna
454 2212 552 2281 decet,
568 2213 709 2291 viresque
725 2212 812 2271 lateri
822 2214 872 2272 *...

159 2309 325 2368 Adversis*
342 2329 402 2366 non
419 2309 524 2368 deesse
540 2310 660 2374 deeel,*
675 2308 727 2367 sed
743 2309 821 2368 laeta
834 2316 973 2381 secut0s;

158 2407 249 2465 Nulla
265 2405 341 2464 fides
361 2426 507 2484 umquam
524 2407 651 2464 miseros
665 2406 756 2483 elegit
771 2406 895 2465 amicos.
913 2432 925 2459 r

130 2555 169 2604 Νο
184 2557 227 2607 62
248 2555 340 2605 ;ιῙιιε,
360 2555 452 2602 Neveu
469 2556 501 2602 de
519 2555 648 2616 seneque,
668 2555 742 2601 dlbve
757 2556 802 2601 des
820 2555 950 2613 rlrdtcurs,
972 2555 1070 2601 Lucain
1089 2567 1103 2599 a

105 2616 1104 2740 &labbubl&balldneblundus?lllllbbdzllllbblr

106 2740 249 2798 preciosus,
260 2741 283 2786 le
292 2741 353 2786 vain
364 2740 487 2801 eliquetis
496 2741 542 2786 des
551 2744 621 2787 mets
630 2744 715 2786 etune
724 2741 850 2802 synietrle
860 2743 934 2787 toute
943 2738 1103 2797 artificielle;

105 2804 164 2848 mais
186 2803 204 2848 il
222 2803 276 2849 ala
293 2802 393 2851 nettete
408 2803 454 2848 des
471 2802 606 2859 ferrnulcs,
629 2801 654 2848 la
670 2803 781 2862 vigueur
793 2803 969 2862 rnajcstueuse
980 2802 1015 2846 du
1033 2814 1103 2859 vers,

106 2861 186 2911 l'e'clat
197 2865 363 2924 pittoresque
375 2864 421 2910 des
430 2863 606 2924 metaphores.
617 2864 644 2910 Si
656 2879 696 2909 ses
708 2864 855 2910 caracteres
864 2869 925 2910 sont
936 2879 987 2924 peu
995 2863 1103 2909 vivants

105 2923 170 2982 (saus
196 2925 299 2986 (laten),
320 2939 362 2972 ses
388 2925 508 2972 discours
532 2929 593 2972 sont
612 2926 790 3002 pathetiqucs‚
815 2926 922 2986 rcnrplis
941 2926 973 2971 de
992 2923 1103 2985 pensees

106 2985 182 3034 lortes
192 2987 287 3034 etbien
296 2987 513 3048 appropriees.-
523 2987 700 3036 Nocentes!
708 2989 728 3033 C
737 2991 778 3034 est
790 3002 825 3034 un
840 2987 952 3034 ser'lerat
981 2987 1006 3032 ui
1020 2986 1101 3047 parle.

105 3045 139 3095 Cl.
157 3049 288 3096 Corneille
311 3049 389 3108 (Mort
402 3048 434 3095 de
452 3048 574 3110 Pompeis,
591 3053 649 3095 acte
665 3048 685 3104 1,
699 3064 735 3096 sc.
747 3054 768 3106 l,
783 3064 842 3095 vers
859 3051 905 3109 74).
922 3069 931 3091 o
948 3063 953 3096 :
989 3049 1102 3095 uandon

105 3114 163 3156 veut
176 3111 297 3157 soutenir
312 3125 379 3157 ceux
396 3124 447 3170 que
464 3110 487 3157 le
506 3114 562 3157 sort
575 3110 691 3162 accable,
707 3112 732 3157 A
752 3112 823 3158 force
836 3109 918 3157 d'etre
929 3112 1001 3172 juste
1014 3125 1047 3158 on
1062 3115 1102 3158 cst

104 3175 214 3218 souvent
225 3171 356 3233 coupable
371 3191 391 3218 υ.
411 3171 505 3222 Fatis
521 3172 642 3223 accede
663 3171 805 3233 neisque
819 3192 849 3213 =
866 3171 924 3232 fove
942 3188 985 3219 eos
1002 3172 1103 3235 quibus

105 3229 145 3278 Dii
166 3235 192 3280 et
212 3232 266 3293 sata
290 3232 389 3293 favent.
411 3260 442 3268 -
456 3233 603 3283 Honesti.
627 3234 747 3294 Opposer
764 3235 778 3280 a
796 3249 839 3280 ccs
857 3236 984 3281 maxinics
1003 3234 1103 3280 eborni-

106 3295 192 3340 nables
210 3295 307 3356 (etqui
332 3299 472 3355 marquent
488 3295 550 3342 bien
567 3295 592 3341 la
615 3296 693 3342 haine
710 3297 743 3342 de
763 3295 862 3344 Lucain
884 3312 951 3358 pour
968 3296 1056 3342 Neron
1076 3298 1104 3343 et

105 3368 168 3413 pour
188 3359 246 3402 tous
266 3357 304 3402 les
322 3357 424 3418 tyrans)
447 3358 485 3403 les
506 3357 599 3404 nobles
614 3357 728 3404 conseils
753 3358 785 3404 de
807 3358 946 3405 Theodose
966 3359 1043 3404 ason
1061 3357 1102 3404 fils

106 3417 137 3469 ll·
152 3417 258 3464 Consul.
273 3417 444 3475 d'Honorius‚
458 3433 518 3465 vers
532 3421 584 3472 214,
597 3433 654 3479 sqq.
671 3419 737 3465 cites
748 3420 813 3466 dans
827 3424 902 3467 notre
913 3420 1023 3466 Anllrol.
1036 3433 1102 3494 page

106 3480 164 3538 523).
183 3505 213 3513 -
228 3479 346 3529 Modus
362 3483 404 3526 est
418 3480 488 3526 aussi
507 3481 530 3526 le
548 3481 617 3540 sujet
635 3481 667 3526 de
686 3482 785 3527 tuetur.
802 3507 832 3515 -
851 3481 945 3530 Tuos.
968 3481 1102 3527 Ptolemae

105 3537 200 3586 n'avnit
210 3555 259 3601 que
271 3545 299 3586 17
311 3556 367 3588 ans.
381 3541 477 3588 Pothin
489 3542 573 3588 essaie
586 3543 617 3588 de
626 3542 769 3602 leprendre
779 3556 827 3602 pur
836 3540 1062 3604 l'amour—propre.
1072 3569 1102 3576 ——

106 3599 283 3651 Damnatae.
295 3603 429 3650 Ptolemae
438 3604 509 3650 avait
518 3603 652 3650 centraint
663 3618 692 3650 sa
707 3617 778 3650 soeur
789 3602 852 3650 Cleo
873 3605 928 3650 atre
942 3606 955 3651 a
968 3605 1068 3665 quittcr
1078 3605 1102 3650 le

106 3664 223 3728 pouroir.
242 3690 271 3698 —
292 3664 447 3713 Pataui:
464 3664 518 3711 sibi
532 3664 670 3712 conscium
683 3679 755 3712 esse..
771 3664 839 3712 -A
864 3665 971 3715 versis
987 3664 1030 3725 (iis
1075 3665 1102 3712 ni

106 3736 132 3768 ιη
156 3723 272 3772 adversis
295 3727 397 3786 sunt)...
422 3752 448 3760 -
471 3726 575 3776 Decet
595 3741 600 3773 :
619 3725 683 3773 c’est
700 3741 750 3773 une
772 3726 907 3788 objection
929 3741 980 3787 que
1004 3679 1100 3774 Potbin

107 3781 190 3832 relute
200 3785 259 3833 tout
270 3788 301 3832 de
312 3787 381 3834 suite
394 3787 477 3849 (sed...
491 3787 609 3849 amicos).

530 3895 672 3944 -63-
