2664 4234
176 163 260 222 496.
275 167 329 223 La
344 165 570 222 Providenee
582 179 623 223 se
638 159 762 223 re'vele
777 167 872 223 dans
886 166 1023 224 l’ordre

475 255 520 310 de
535 255 721 312 l’univers.
847 257 852 265 ’

158 356 209 420 (Ea
221 357 318 413 ornatu
334 355 417 406 totins
432 357 530 483 mund}¹
540 357 728 484 divinamtlm
738 358 939 423 providentiam
953 358 1039 408 niani·
1075 397 1076 400 η
1136 402 1154 418 ,.

527 435 554 469 es
570 436 614 468 um
626 436 653 470 es
669 459 674 470 .

138 542 276 601 Caelum*
291 542 392 623 ipsum
403 543 475 602 vide
492 562 499 604 ε
514 565 606 624 quam
619 545 680 604 late
693 544 848 603 tenditur*
862 545 868 604 l
889 565 980 623 quam
997 544 1103 624 rapide
1118 542 1161 608 3·

94 639 249 700 volvitur!
265 640 314 698 vel
327 641 428 720 quod*
439 641 471 700 in
485 649 606 700 noctem
615 641 705 700 astris
721 641 933 720 distinguitur,
951 641 999 699 vel
1017 642 1101 720 quod

93 735 129 793 in
148 735 228 794 diem
244 737 308 796 sole
327 737 499 798 lustratur:
521 739 585 818 jam
608 739 684 797 scies
705 757 797 817 quam
821 737 861 796 sit
880 737 911 795 in
933 759 969 796 eo
990 739 1101 796 summi

93 833 299 892 moderatoris
318 834 394 892 mira
420 841 451 893 et
469 833 574 894 divina
593 835 726 895 libratio.
750 833 832 902 Quid
852 834 1048 893 tenebrarum
1071 833 1102 894 et

94 927 223 987 luminis
247 928 348 989 dicam
370 939 562 990 recursantes
584 932 677 1003 vices,
705 939 739 990 ut
759 930 799 990 sit
827 931 915 990 nobis
946 931 1047 1009 operis
1072 936 1104 989 et

92 1025 209 1103 quietis
225 1024 342 1086 alterna
364 1028 541 1106 reparatio?
564 1027 655 1100 Quid,
683 1049 753 1087 eum
773 1027 850 1087 ordo
869 1033 1044 1106 temporum
1066 1023 1112 1086 ac'

94 1121 219 1206 frugum
231 1123 333 1182 stabili
344 1125 492 1184 varietate
500 1125 711 1204 distinguitur,
726 1144 828 1184 nonne
839 1131 996 1183 auctorem
1010 1135 1112 1182 suum‘

93 1226 317 1301 parentemque
331 1227 462 1281 testatur
476 1243 530 1280 ver
542 1243 628 1301 aeque
645 1243 715 1282 cum
730 1223 792 1281 suis
810 1221 950 1296 floribus,
968 1227 998 1278 et
1011 1228 1100 1279 aestas

92 1335 166 1374 cum
181 1316 244 1380 auis
259 1317 420 1390 messibus,
436 1325 466 1377 et
480 1320 620 1381 autumni
637 1320 796 1378 maturitas
813 1327 909 1396 grata,
927 1324 958 1376 et
973 1317 1100 1378 hiberna

92 1412 219 1474 olivitas
231 1415 403 1474 necessaria
413 1417 427 1476 ‘l
437 1413 490 1495 qui
500 1415 576 1476 ordo
592 1416 680 1475 facile
694 1405 880 1487 turbaretur,
894 1413 954 1474 nisi
968 1415 1100 1474 maxima

93 1509 214 1570 natione
236 1511 428 1573 consisteret.
448 1512 518 1572 Jam
546 1512 747 1593 providentiae
767 1519 901 1592 quantae,
937 1532 975 1569 ne
1003 1511 1100 1569 hiems

93 1606 160 1666 sola
174 1606 271 1686 glacie
290 1617 403 1682 ureret,
420 1616 474 1668 aut
488 1609 553 1668 sola
568 1617 658 1670 aestas
674 1610 782 1669 ardore
800 1615 941 1680 torreret,
959 1609 1099 1666 autumni

92 1710 127 1762 et
139 1704 220 1763 veris
235 1705 368 1765 inserere
386 1705 522 1766 medium
543 1713 831 1788 temperamentum,
849 1711 883 1763 ut
897 1725 953 1784 per
970 1705 1113 1783 vestigia

93 1822 150 1860 sua
167 1802 240 1861 anni
254 1803 438 1862 revertentis
460 1804 597 1864 occulti*
611 1811 642 1863 et
660 1803 779 1862 innoxii
797 1801 946 1860 transitus
963 1801 1101 1859 laberen-

93 1901 163 1958 turl
185 1899 264 1959 Mari
283 1900 428 1962 intende:
449 1902 515 1980 lege
536 1901 634 1961 litoris
656 1900 827 1978 stringitur.
851 1897 984 1977 Adspice
1006 1898 1100 1957 Ocea·

93 2015 195 2058 num:
223 1997 326 2056 relluit
347 1998 531 2078 reciprocis*
556 1999 692 2058 aestibus.
716 1998 794 2057 Vide
819 1997 941 2055 fontes:
973 2001 1108 2060 manant,

93 2093 182 2152 venis
196 2095 393 2173 perennibus.
412 2095 537 2154 Fluvios
553 2095 692 2156 intuere:
710 2101 784 2154 eunt
803 2113 924 2171 semper
940 2091 1099 2149 exercitis*

92 2190 240 2269 lapsibus.
260 2191 329 2270 lpsa
347 2192 500 2272 praecipue
521 2193 628 2252 formae
646 2198 760 2250 nostrae
776 2187 976 2269 pulchritudo
999 2187 1098 2246 Deum

93 2287 210 2345 latetur
229 2289 376 2348 artificem
394 2305 401 2348 ε
422 2296 522 2348 status
540 2287 669 2368 rigidus,
688 2282 944 2356 vultus'erectus,
963 2283 1045 2342 oculi
1067 2283 1099 2341 in

92 2385 226 2457 summo,
240 2385 369 2444 velutin
386 2386 510 2467 specula
525 2378 697 2457 constituti,
715 2392 746 2444 et
761 2403 867 2443 omnes
881 2381 975 2440 ceteri
991 2400 1100 2439 sensus

94 2481 181 2540 velut
194 2483 227 2541 in
239 2503 308 2542 arce
319 2483 485 2564 compositi
498 2483 520 2545 *.

123 2604 164 2654 N·
176 2605 244 2656 496
258 2620 264 2654 :
278 2606 422 2657 Caelum.
435 2607 474 2655 Cl.
489 2606 609 2666 ciceron,
623 2607 655 2655 de
667 2607 771 2655 Natura
782 2605 902 2661 deorum,
916 2602 949 2656 Il,
964 2606 977 2647 6
991 2615 1060 2673 sqq,
1072 2601 1100 2648 et

92 2672 122 2713 32
134 2681 207 2730 sqq.;
220 2668 345 2728 Fe'nelon,
361 2668 449 2716 Traite'
463 2668 494 2716 de
508 2669 666 2717 l'Eaistence
676 2669 708 2717 da
720 2668 798 2716 Dian.
811 2667 878 2714 Voir
887 2665 913 2712 la
925 2663 1039 2711 Version
1053 2665 1096 2708 497

92 2733 121 2776 et
136 2729 161 2776 la
178 2733 211 2776 1¹·
227 2731 300 2778 note.
319 2757 349 2766 -
364 2729 531 2781 Tenditur.
556 2731 714 2792 Me'taphore
731 2730 861 2791 biblique,
875 2727 990 2774 souvent
1008 2739 1101 2794 repro·

92 2791 167 2837 eluite
180 2805 289 2853 paruos
302 2792 412 2852 poetes:
425 2812 435 2836 α
450 2793 486 2840 Le
502 2793 553 2840 ciel
572 2796 668 2840 ouvert
687 2792 763 2839 roula
779 2807 828 2838 son
845 2789 883 2852 pli
897 2805 908 2834 a
924 2787 1096 2856 (Lamartrne,

90 2852 214 2915 Jocelyn,
224 2853 263 2900 les
273 2853 459 2916 Laboureurs).
471 2881 500 2888 -
509 2854 565 2910 Que
575 2856 600 2902 le
610 2854 660 2902 ciel
672 2856 758 2902 estun
769 2854 847 2900 dome
859 2865 910 2898 aux
924 2848 1098 2918 merveilleux

91 2915 227 2976 pilastres,
240 2915 297 2962 Unc
309 2918 382 2963 tente
393 2932 445 2964 aux
462 2915 548 2964 riches
560 2917 684 2964 couleurs
700 2915 743 2977 (V.
755 2916 842 2976 Hug0,
857 2909 1097 2973 Contemplations,

91 2979 116 3022 A
128 2977 154 3023 la
165 2975 237 3023 mere
247 2977 280 3024 de
290 2975 399 3025 l'enlant
409 2977 498 3039 mort).
508 3005 537 3012 -
545 2978 605 3028 Vel
614 2978 708 3040 quod.
721 2977 903 3038 Changement
912 2974 945 3021 de
957 2975 1096 3020 tournure.

93 3037 169 3094 Quod
183 3051 199 3084 a
215 3039 248 3085 ici
263 3037 288 3085 le
304 3052 364 3086 sens
376 3041 408 3086 de
422 3054 427 3086 :
442 3053 472 3086 ce
486 3039 535 3086 fait
551 3054 610 3101 que.
629 3067 658 3073 —
675 3038 825 3089 Occulti:
845 3038 888 3084 cet
904 3034 1016 3097 adjectis
1029 3036 1057 3080 et
1073 3032 1098 3079 le

91 3098 201 3147 suivant
218 3114 247 3147 se
263 3101 450 3162 rapporrenta
471 3100 609 3148 transitus.
629 3127 659 3136 -
680 3098 892 3162 Reciprocls:
910 3097 934 3144 la
955 3095 1009 3143 ssux
1029 3097 1056 3141 et
1073 3094 1097 3140 le

91 3161 185 3208 reflux.
198 3187 228 3196 -
245 3161 420 3212 Exercitls.
434 3182 465 3204 =
477 3161 621 3213 continuis.
635 3163 674 3209 Cl.
690 3161 865 3226 Georpiques,
878 3158 925 3216 ΙΙΙ,
937 3161 981 3204 529
997 3157 1098 3217 :atque

90 3221 209 3270 exercita
225 3237 307 3271 eursu
324 3223 458 3272 Flumina.
478 3251 505 3258 -
524 3223 710 3285 compositi.
728 3224 852 3272 L'auteur
870 3221 924 3268 suit
943 3219 977 3266 ici
999 3217 1115 3268 l'ordre,
1181 3265 1183 3272 ,

90 3285 161 3331 snivi
184 3299 233 3346 par
253 3285 364 3334 ciceron
387 3287 523 3333 lui-meme
544 3287 610 3334 dans
631 3287 656 3333 le
678 3285 710 3334 de
731 3286 834 3334 Natura
850 3283 962 3331 deorum
988 3278 1033 3336 (ΙΙ,
1057 3283 1095 3337 30,

90 3346 719 3458 {tat{sttsttltrstttssstdttttn
734 3349 767 3457 a
778 3338 1096 3463 lnttttlaltttt
1131 3369 1133 3372 ’

91 3468 200 3516 l'oeuvre
217 3471 251 3518 de
271 3424 359 3520 Die’uq:
378 3471 498 3519 «Mundi
515 3425 715 3520 administratio²
736 3469 806 3519 nihil
825 3468 904 3517 habet
924 3466 951 3535 in
970 3479 997 3512 se
1016 3463 1095 3532 ¹quod

92 3531 255 3594 reprehendi
268 3533 369 3594 possit·
384 3548 417 3580 aa
432 3532 465 3580 iis
483 3533 588 3582 naturis
606 3549 666 3598 quae
683 3535 769 3592 erant,
783 3531 855 3595 quod
874 3528 945 3599 effici
964 3527 1095 3594 opttmum

87 3593 187 3655 potuit,
206 3593 329 3658 effectum
344 3596 411 3644 est...
433 3595 533 3652 Quodsi
554 3610 644 3644 omnes
664 3595 758 3642 mundi
773 3595 866 3657 partes
886 3593 922 3638 ata
943 3585 1096 3656 constitutae

90 3656 162 3711 sunt,
179 3657 207 3702 ut
221 3670 306 3718 neque
323 3657 357 3704 a'd
375 3672 453 3704 usum
471 3657 595 3705 meliores
607 3657 747 3720 potuerint
759 3670 823 3715 esse,
839 3666 923 3716 neque
936 3651 969 3698 ad
981 3661 1096 3712 speciem

88 3717 414 3780 pulchriores,oideamus
435 3721 574 3766 utrum‘ea
590 3718 737 3780 fortuitane
758 3719 821 3775 sint,
839 3733 872 3764 an
889 3730 919 3763 eo
935 3714 1016 3782 stem,
1041 3722 1096 3771 ‘1¹1⁰

89 3780 231 3826 cohaerere
257 3779 332 3827 nullo
350 3782 427 3829 modo
444 3781 584 3844 potuerint
608 3780 660 3828 nisi
676 3795 754 3828 sensu
776 3779 928 3827 moderante
948 3775 1096 3834 alternaque

87 3839 257 3902 providentia
270 3861 281 3884 r
295 3841 338 3904 (de
349 3841 454 3891 Natura
464 3843 548 3904 deon,
560 3843 593 3901 ΙΙ,
609 3843 657 3906 34).

512 3932 666 3986 -499-
