2714 4236
461 188 545 245 471.
557 188 688 244 contre
701 186 740 242 la
751 185 1004 255 superstition.

601 274 642 337 (In
653 273 890 337 superstitionem.)

183 379 222 442 3Θ
277 381 481 461 Superstitio*
504 381 570 439 susa
595 402 649 461 per
674 389 780 458 gentes
807 380 945 439 omnium
961 379 1023 438 fere
1051 380 1172 438 animos
1198 378 1241 436 ita

237 478 391 558 oppressit
402 486 435 536 ut
450 477 581 536 multum
591 478 767 536 hominibus
782 477 936 557 profuturi
947 475 1118 544 videamur,
1130 477 1155 533 si
1171 495 1241 533 eam

237 574 376 633 funditus
392 575 615 634 sustulerimus
639 576 702 633 Nec
716 595 790 632 vero
812 574 852 653 (id
868 575 949 632 enim
970 573 1135 650 diligenter
1149 571 1240 630 intel·

237 671 296 749 legi
313 671 396 751 volo)
413 672 632 750 superstitione
652 671 788 730 tollenda
811 671 941 748 religio*
958 670 1088 729 tollitur.
1109 670 1197 728 Nam¹
1209 675 1238 726 et

236 768 387 847 majorum
406 769 548 827 instituta
563 769 641 827 tueri
665 769 758 827 sacris
773 768 1020 846 caerimoniisque
1035 764 1207 826 retinendis
1215 766 1236 838 *,

237 865 383 944 sapientis
410 874 455 924 est
478 885 484 926 z
507 873 539 926 et
565 886 629 924 esse
652 873 850 945 praestantem
871 865 1002 945 aliquam
1029 871 1239 942 aeternamque

237 969 389 1033 naturam,
405 969 435 1020 et
448 983 512 1021 eam
535 963 762 1043 suspiciendam
782 961 1053 1041 admirandamque
1075 961 1236 1019 hominum

236 1059 340 1136 generi
356 1059 553 1138 pulchritudo
567 1060 673 1118 mundi
689 1060 826 1139 ordoque
845 1079 947 1118 rerum
965 1057 1134 1116 caelestium
1154 1055 1239 1133 cogit

237 1156 407 1215 confiteri*.
425 1156 630 1223 Quamobrem
647 1165 680 1215 ut
699 1156 806 1234 religio
822 1154 1019 1235 propaganda
1034 1161 1091 1226 est,
1107 1174 1175 1234 quae
1193 1159 1238 1210 est

232 1252 342 1330 juncta
358 1274 427 1310 cum
450 1254 645 1330 cognitione*
662 1261 790 1323 naturae,
813 1253 856 1312 sic
878 1251 1105 1332 superstitionis
1126 1251 1239 1328 stirpes

237 1369 343 1407 omnes
359 1349 528 1429 ejiciendae.
547 1351 646 1408 Instat
661 1351 742 1408 enim
762 1356 793 1408 et
807 1357 896 1428 urget
913 1357 944 1408 et
967 1368 1028 1428 quo
1050 1354 1080 1406 te
1104 1367 1238 1426 cumque

237 1446 366 1506 verteris
381 1447 587 1527 persequitur,
602 1447 666 1504 sive
680 1453 713 1504 tu
725 1455 836 1518 vatem,
850 1447 915 1504 sive
927 1453 961 1504 tu
972 1465 1061 1504 omen
1071 1444 1082 1468 *
1091 1443 1237 1512 audieris,

236 1541 301 1600 sive
324 1543 501 1614 immolariS,
526 1543 591 1602 sive
613 1564 701 1602 avem
724 1543 919 1622 adspexeris;
947 1541 971 1600 si
991 1539 1182 1620 Chaldaeuni,
1214 1539 1237 1596 si

237 1639 430 1718 haruspicem
458 1639 589 1712 videris;
613 1640 639 1698 si
667 1639 797 1711 fulserit,
829 1640 855 1697 si
878 1639 1025 1707 tonuerit,
1050 1638 1074 1696 si
1102 1637 1239 1695 tactum*

237 1735 353 1815 aliquid
374 1737 432 1794 erit
449 1736 487 1794 de
509 1737 601 1811 caelo;
626 1737 651 1794 si
673 1737 805 1795 ostenti*
829 1736 929 1794 simile
954 1742 1057 1793 natum
1082 1735 1239 1792 laetumve

238 1833 406 1911 quippiam,
425 1854 556 1911 quorum
570 1853 693 1892 necesse
707 1841 753 1893 est
765 1833 946 1914 plerumque
961 1831 1077 1913 aliquid
1095 1831 1237 1889 eveniat:

237 1937 272 1988 ut
293 1950 461 2008 numquam
485 1930 576 1988 liceat
601 1931 704 2009 quieta
724 1938 825 1988 mente
852 1929 1028 1988 consistere.
1059 1927 1238 2004 Perfugium

213 2085 216 2094 ,
238 2026 361 2084 videtur
383 2028 519 2085 omnium
540 2027 679 2086 laborum
698 2034 728 2085 et
745 2027 985 2086 sollicitudinum
1011 2046 1076 2084 esse
1097 2044 1235 2082 somnne.

238 2125 279 2194 At
299 2143 336 2180 ex
360 2143 395 2181 6ο
414 2124 480 2202 ipso
507 2124 647 2203 plurimae
671 2144 752 2182 curae
774 2124 955 2203 metusque*
976 2128 1153 2180 nascuntur.
1181 2119 1239 2187 Qui

237 2219 360 2298 quidem
373 2220 431 2298 ipsi
449 2241 503 2299 per
518 2242 549 2278 se
564 2221 666 2279 minus
681 2220 828 2294 valerent,
846 2220 904 2278 nisi
926 2219 1114 2278 somniorum
1136 2225 1240 2296 patro-

237 2312 351 2370 cinium
363 2312 538 2392 philosophi
555 2313 771 2393 suscepissent.

237 2417 313 2477 peril,
327 2420 354 2464 et
366 2417 505 2464 cheznous
518 2433 569 2478 que
579 2417 631 2464 l'un
645 2419 692 2464 des
700 2417 779 2465 treize
792 2418 918 2465 convives
931 2430 1037 2463 mourra
1050 2416 1115 2462 dans
1126 2413 1238 2461 l'anne'e.

236 2503 268 2515 -
279 2478 526 2528 Munditiarum.
539 2479 578 2526 On
592 2480 697 2541 croyait
709 2479 781 2526 aussi
792 2494 843 2540 que
856 2494 885 2526 ce
899 2479 944 2540 qui
955 2476 1071 2525 tombait
1083 2477 1115 2524 de
1126 2476 1152 2523 la
1166 2475 1239 2523 table

238 2539 303 2587 etait
316 2540 443 2586 consuere
456 2555 507 2586 aux
520 2541 606 2587 heros.

268 2618 309 2667 N⁰
334 2619 398 2667 471
426 2634 431 2666 t
453 2618 658 2680 Superstitio.
683 2619 721 2666 Ci.
744 2620 768 2666 16
782 2620 848 2666 beau
872 2633 981 2679 passage
1001 2619 1033 2665 de
1060 2617 1177 2664 Lucrece
1195 2631 1238 2662 sur

239 2681 351 2741 Epicure
370 2683 517 2728 terrassant
538 2682 562 2727 la
580 2682 754 2741 superstition
777 2681 808 2742 (1,
827 2683 885 2742 63),
910 2701 920 2722 o
934 2681 1055 2726 Humana
1071 2681 1133 2726 aute
1149 2677 1240 2725 oculos

237 2741 305 2802 foede
319 2757 379 2789 cum
392 2741 446 2812 vita
454 2742 557 2812 jeremi
570 2743 602 2789 Iu
616 2742 704 2800 terris,
715 2757 838 2804 oppressa
875 2741 933 2814 rapt
942 2741 995 2815 pub
1011 2739 1240 2810 reiigioneqtluae

237 2803 1241 2926 tt?ttittetdilatati?ttaatletatheti{ittet

237 2930 265 2973 ct
277 2928 343 2974 dans
356 2927 393 2972 les
406 2927 572 2987 precedente,
583 2928 644 2988 quil
659 2927 724 2974 etait
734 2927 911 2974 sincerement
924 2932 949 2973 et
960 2925 1166 2986 profondement
1178 2925 1241 2970 1611-

237 2989 323 3048 gieux.
338 2989 404 3034 Voir
425 2993 531 3036 surtout
544 2989 574 3035 de
585 2989 645 3035 Nat.
658 2989 741 3047 deor„
756 2989 774 3045 l,
794 2994 815 3034 2.
830 3016 857 3023 -
870 2987 1063 3038 Retinendis
1077 3001 1082 3034 :
1097 2987 1114 3032 il
1125 2990 1167 3032 est
1179 2985 1241 3032 1611-

238 3050 315 3109 gieux
337 3065 384 3110 par
406 3051 572 3110 patriotisme
592 3049 711 3107 d'abord,
737 3049 847 3097 sachant
870 3051 924 3096 tres
947 3049 1008 3096 bien
1030 3063 1081 3110 que
1101 3049 1125 3094 la
1154 3047 1240 3108 patrie

237 3112 346 3173 antique
358 3127 452 3171 repose
465 3127 510 3157 sur
522 3112 545 3158 la
566 3111 675 3172 religion
696 3111 771 3172 (Voir
783 3112 806 3158 16
818 3111 848 3158 de
868 3110 1003 3173 Legibus).
1017 3137 1047 3144 -
1064 3107 1219 3159 Confiteri
1232 3122 1239 3154 τ

237 3171 302 3219 c'est
313 3173 336 3219 la
348 3187 446 3232 preuve
459 3174 492 3220 de
505 3173 656 3219 l'existence
672 3173 704 3218 de
717 3173 784 3220 Dieu
801 3173 865 3220 tiree
884 3174 931 3218 des
944 3187 1037 3219 causes
1055 3171 1147 3217 finales
1164 3170 1242 3231 (Voir

238 3235 261 3280 le
268 3234 304 3282 De
313 3234 417 3281 Natura
425 3235 554 3294 deorum).
563 3261 592 3268 —
600 3233 787 3296 cognitione
794 3237 944 3284 naturae.
954 3232 1101 3280 L'etudede
1110 3233 1135 3279 la
1146 3235 1240 3279 nature

236 3296 331 3342 aniene
346 3311 377 3342 au
407 3297 523 3343 ontraire
538 3296 652 3342 Lucrece
664 3297 677 3341 e
690 3294 851 3357 l'irreligion,
866 3300 892 3342 et
905 3296 940 3341 lui
959 3295 1007 3342 fait
1021 3296 1092 3355 jeten
1108 3308 1138 3340 ee
1155 3294 1193 3340 cri
1207 3293 1240 3338 de

238 3357 414 3418 triomphe(1,
429 3359 467 3418 80)
483 3372 487 3403 :
504 3377 514 3399 «
528 3357 614 3412 Quare
628 3357 733 3419 religio,
749 3357 865 3419 pedibus
878 3356 1009 3419 subjecta,
1022 3353 1141 3403 vicissim
1159 3353 1237 3401 Oete-

238 3417 324 3464 ritur:
341 3434 387 3465 nos
399 3421 529 3488 coaequat
542 3417 652 3466 uictoria
666 3419 738 3466 caelo
751 3439 771 3467 1.
784 3447 813 3454 -
826 3420 934 3476 Omen,
946 3418 965 3464 il
978 3416 1054 3479 s'egit
1066 3417 1099 3462 de
1112 3415 1219 3477 paroles
1233 3431 1238 3463 :

237 3481 261 3526 le
274 3481 355 3526 verbe
368 3479 486 3527 audierit
499 3479 644 3551 s'applique
657 3481 726 3526 donc
740 3481 754 3526 e
767 3495 852 3538 omen,
868 3481 939 3526 aussi
952 3479 1014 3526 bien
1028 3476 1087 3540 qu'e
1100 3481 1197 3524 vatem.
1211 3504 1241 3512 -·

238 3542 376 3590 'Pactum
392 3555 399 3590 ε
414 3542 432 3587 11
445 3541 520 3602 s'agit
532 3542 578 3588 des
591 3542 660 3588 lieux
678 3542 735 3603 frap
757 3542 784 3588 es
802 3543 834 3588 de
850 3542 874 3588 la
892 3542 984 3588 t'oudre
1002 3545 1007 3588 1
1009 3539 1123 3602 puteat),
1139 3541 1174 3585 ou
1188 3537 1240 3586 l'on

238 3602 335 3648 elevait
358 3618 389 3649 en
406 3604 539 3663 expiation
564 3619 599 3649 un
621 3556 754 3653 uidentaii
776 3630 806 3638 -
823 3603 958 3661 ostenti,
983 3617 1032 3680 par
1055 3601 1186 3661 exemplo,
1206 3615 1239 3647 un

238 3663 335 3708 animal
353 3678 386 3710 ou
404 3679 439 3709 un
454 3665 545 3710 entant
564 3665 614 3710 mal
632 3664 777 3724 coniorme,
798 3670 849 3712 etc.
871 3665 910 3710 De
934 3665 958 3711 hl
973 3663 1174 3710 111116116011011
1193 3663 1239 3709 des

238 3724 362 3784 pontiies,
377 3725 414 3770 les
425 3724 542 3785 piacula,
556 3725 593 3771 les
605 3724 745 3787 supplicia,
762 3726 800 3772 les
813 3725 986 3787 expiationes.
1005 3751 1035 3759 -
1054 3725 1237 3784 Metusque.

239 3787 281 3830 Au
305 3785 395 3843 reveil,
420 3800 453 3831 on
476 3785 564 3831 iaisait
586 3787 632 3832 des
653 3787 786 3834 sacrifices
802 3788 962 3849 expiatoires
987 3787 1063 3848 (Voir
1085 3785 1128 3832 les'
1144 3799 1240 3846 snoges

238 3844 360 3892 d'Atossa
369 3850 396 3893 et
406 3845 547 3904 d'Athatie,
560 3847 631 3910 etc).
955 3876 959 3878 >

659 3936 814 3986 -474-
