2698 4234
164 231 166 235 Ι
248 151 331 208 370.
352 151 423 208 Les
442 164 534 234 gens
549 151 702 207 affaires
716 164 806 208 sans
819 149 981 208 affaircs'.

364 256 411 319 (De
424 255 544 320 inquieta
561 256 658 304 inertia
672 256 871 330 quorumdam.)

137 495 141 502 ι
156 413 414 474 Circumcidenda
428 422 475 474 est
487 417 680 474 concursatio
692 419 714 488 *,
735 415 833 496 qualis
847 422 893 474 est
905 437 1022 494 magnae
1039 417 1117 494 parti
1146 413 1187 475 3θ

116 511 276 570 hominum
295 513 402 572 domos
414 521 445 571 et
455 513 575 572 theatra
591 521 621 571 et
633 499 940 592 forapererra'ntium.
957 513 1074 571 Alienis
1088 533 1119 571 sc
1188 497 1191 508 Ι

116 609 249 687 negotiis
263 611 405 681 offerunt,
422 631 542 690 semper
554 611 670 691 aliquid
686 611 847 687 agentibus
858 610 981 670 similes
1001 611 1119 668 Horum

116 705 141 763 si
156 706 289 787 aliquem
312 715 474 766 exeuntem
490 707 527 766 de
546 707 638 766 domo
657 707 893 784 interrogaveris
914 726 920 767 :
938 731 952 761 «
967 707 1051 772 Quo*
1066 708 1134 784 tu‘l

117 803 191 882 quid
215 804 353 882 cogitas?
370 830 383 860 »
409 804 608 884 respondebit
625 805 702 864 tibi:
722 830 735 859 «
758 805 827 862 Non
848 804 1021 862 mehercule
1039 803 1118 874 scio,

117 899 298 980 sedaliquos
313 901 437 972 videb0,
458 901 573 980 aliquid
587 922 686 978 agam.
705 927 718 956 >r
732 901 802 959 Sine
826 901 985 980 proposito
1004 920 1120 976 vagan-

117 1003 177 1069 tur,
203 1004 375 1076 quaerentes
399 999 547 1076 negotia:
570 1019 626 1056 nec
650 1020 718 1077 quae
748 998 990 1070 destinaverunt,
1012 1002 1117 1073 agunt,

117 1093 215 1152 sedin
233 1115 301 1174 quae
312 1095 539 1156 incurrerunt*.
558 1096 753 1154 Inconsultus
767 1095 826 1153 illis
840 1115 998 1173 vanusque
1013 1114 1120 1151 cursus

116 1198 173 1260 est,
187 1192 285 1271 qualis
298 1192 452 1250 formicis*
467 1213 521 1272 per
544 1192 669 1251 arbusta
695 1192 883 1271 repentibuS,
904 1212 972 1271 quae
990 1191 1022 1247 in
1037 1210 1120 1247 sum-

115 1309 201 1346 mum
209 1309 355 1348 cacumen
368 1296 399 1348 et
413 1289 484 1348 inde
500 1290 531 1347 in
547 1290 642 1347 imum
664 1290 913 1366 inanesaguntur
924 1289 945 1348 *.
962 1287 1039 1345 His*
1057 1286 1120 1366 ple-

116 1385 202 1464 rique
226 1385 355 1444 similem
381 1387 476 1445 vitam
511 1394 617 1463 agunt,
644 1407 774 1466 quorum
793 1406 854 1444 non
878 1384 1031 1443 immerito
1051 1383 1120 1462 quis

116 1481 285 1562 inquietam
303 1484 445 1542 inertiam
464 1483 586 1542 dixerit.
611 1482 819 1549 Quorumdam
842 1482 928 1562 quasi
954 1481 990 1539 ad
1015 1481 1120 1538 incen-

117 1579 228 1637 dium*
266 1581 455 1638 currentium
502 1569 723 1639 misereberis:
749 1600 844 1660 usque
885 1599 921 1636 eo
958 1577 1121 1656 impellunt

116 1672 225 1735 obvios
238 1684 269 1735 et
279 1699 310 1735 se
322 1677 458 1757 aliosque
469 1677 675 1756 praecipitant,
684 1698 753 1735 cum
767 1676 890 1734 interim
899 1678 1121 1733 *cucurrerunt

117 1781 172 1856 aut
202 1774 384 1833 salutaturi*
406 1775 538 1855 aliquem
570 1795 631 1832 non
664 1773 914 1844 resalutaturum,
949 1781 1002 1830 aut
1029 1773 1120 1830 funus

117 1870 214 1948 ignoti
234 1872 369 1930 bominis
382 1871 586 1951 prosecuturi,
604 1879 657 1929 aut
674 1871 827 1950 sponsalia
846 1891 926 1948 saepe
943 1869 1084 1926 nubentis
1096 1873 1118 1941 *,

117 1975 149 2026 et
176 1968 315 2027 lecticam
345 1969 485 2027 assectati
523 1969 708 2048 quibusdam
738 1968 812 2026 locis
848 1967 940 2025 etiarn
967 1967 1118 2039 tulerunt;

116 2065 228 2124 deinde
261 2067 384 2124 domum
420 2087 490 2124 cum
524 2087 713 2144 supervacua
744 2065 908 2124 redeuntes
940 2063 1121 2122 lassitudine

114 2163 223 2242 jurant
236 2163 355 2222 nescire
369 2184 400 2221 se
411 2163 493 2242 ipsos
504 2184 597 2242 quare
609 2163 751 2234 exierint,
769 2161 820 2220 ubi
835 2160 959 2232 fuerint,
977 2162 1121 2238 postero*

117 2259 167 2318 die
181 2261 311 2318 erraturi
322 2281 377 2339 per
390 2261 496 2319 eadem
511 2261 561 2318 illa
575 2260 705 2336 vestigia
718 2262 741 2318 *.

148 2411 189 2460 111ο
202 2410 268 2461 370
278 2425 283 2458 :
293 2409 515 2460 concursatio.
526 2409 698 2456 Pourtoutce
709 2423 828 2470 passage,
840 2407 918 2454 cf.les
927 2422 986 2453 vers
995 2407 1122 2468 piquants

117 2473 151 2520 de
171 2473 282 2530 Phedre,
308 2473 342 2528 II,
362 2477 386 2528 5,
408 2475 450 2517 1-1
470 2488 475 2519 :
495 2471 541 2517 Est
564 2470 734 2518 arclclionum
781 2469 891 2516 uaedam
915 2469 1010 2514 Romae
1038 2468 1120 2527 natio,

122 2533 234 2596 Trepide
254 2549 426 2593 concursans,
460 2535 586 2594 occupata
614 2533 641 2578 in
668 2531 731 2590 otio,
760 2485 850 2578 iiratis
874 2530 1012 2589 anhelans,
1036 2531 1122 2580 multa

117 2596 221 2659 apendo
231 2595 271 2643 nil
283 2611 372 2660 apens.
386 2624 413 2631 -
426 2596 494 2656 Quo
507 2598 552 2652 tu,
565 2595 767 2645 sous-entendu,
779 2592 808 2649 is,
820 2591 921 2654 perqis.
934 2619 963 2626 -
975 2591 1122 2640 Incurre-

117 2659 214 2708 runt:
232 2659 297 2706 c'est
319 2661 342 2706 le
362 2659 466 2716 hasard,
489 2660 515 2704 et
538 2671 590 2703 non
616 2657 673 2702 lcur
695 2655 812 2714 volontc',
837 2655 882 2714 qui
906 2669 938 2700 en
957 2653 1059 2700 de'cidc.
1080 2653 1121 2700 Cf.

118 2719 248 2782 seneque,
269 2721 284 2768 a
300 2719 394 2777 Lucil„
413 2724 461 2766 23:
478 2717 580 2765 «Pauci
599 2720 671 2775 sunt,
686 2716 735 2786 qui
751 2715 863 2763 consitio
878 2730 905 2762 se
918 2729 1020 2777 suaque
1031 2714 1122 2777 dispo-

119 2783 202 2836 nant;
212 2781 302 2840 ceteri,
316 2795 409 2828 eorum
423 2795 494 2827 inore
508 2795 576 2842 (puae
588 2778 747 2842 [luminibus
766 2778 896 2834 innatant,
916 2792 970 2824 non
985 2778 1056 2834 eunt,
1075 2775 1121 2824 sed

118 2843 278 2904 feruntur».
302 2869 331 2876 —
351 2841 517 2891 Formicis.
543 2842 668 2902 Excrnple
693 2841 744 2886 mul
764 2840 857 2886 cboisi.
878 2839 999 2900 Sdanue
1021 2839 1121 2884 semble

118 2906 225 2966 ignorer
237 2903 364 2951 l'activitc
377 2909 404 2950 et
416 2904 600 2963 l'intelligence
614 2905 661 2949 (les
672 2903 790 2948 fourmis.
806 2902 844 2948 Ct'.
860 2901 972 2957 Horace,
984 2901 1028 2947 Sat
1042 2937 1047 2957 ,
1063 2901 1082 2958 l,
1097 2905 1120 2960 1,

118 2971 148 3013 33
159 2982 164 3014 :
174 2965 301 3028 Ecempto
310 2967 349 3012 est
361 2965 453 3028 magni
463 2964 575 3025 formica
587 2964 695 3012 laboris.
707 2964 744 3010 Cf.
758 2965 828 3010 aussi
841 2963 913 3008 Plinc
926 2963 1019 3012 lunc„
1028 2962 1120 3021 Xl,36.

118 3055 149 3064 -
173 3028 334 3089 Aguntur,
355 3042 387 3074 au
408 3042 468 3074 sens
492 3026 606 3073 rolli-chi.
635 3055 664 3061 -
690 3024 797 3074 His:
814 3022 1003 3072 narurnvitae.
1021 3049 1040 3057 —
1070 3022 1121 3071 Ad

117 3089 314 3146 incendium,
339 3089 480 3150 proverbe.
505 3088 544 3134 Ct.
572 3089 695 3145 Lucrece,
725 3087 771 3144 ΙΙΙ,
798 3091 857 3132 1018
883 3101 888 3134 :
915 3085 1016 3141 Currit,
1039 3099 1122 3145 aqens

119 3165 239 3208 mannos,
262 3151 296 3197 ad
320 3149 412 3197 vittam
428 3149 647 3212 praecipitanter,
674 3149 814 3196 Auxilium
838 3147 912 3194 tectis
942 3147 1020 3210 quasi
1047 3133 1122 3206 ferre

118 3211 278 3260 ardentibus
303 3211 412 3258 instans.
440 3239 470 3246 —
494 3211 572 3261 Cum
600 3210 740 3268 interim,
771 3211 837 3256 dans
861 3213 931 3256 cette
955 3209 1120 3269 expression,

71 3298 84 3316 ι
120 3273 230 3322 interim
250 3289 264 3320 a
279 3273 355 3335 passe'
371 3275 406 3320 du
426 3289 487 3321 sens
505 3273 634 3333 temporel
647 3287 679 3318 au
698 3288 758 3319 sens
775 3271 928 3318 adversatif.
945 3299 969 3304 -
990 3270 1123 3320 Saluta-

117 3335 196 3387 turi.
210 3335 332 3396 seneque
345 3350 378 3381 va
391 3335 530 3381 enutrierer
542 3336 579 3380 les
599 3334 755 3395 principans
775 3334 881 3380 devoirs
894 3334 926 3378 de
939 3333 962 3378 la
979 3333 1020 3378 vic
1033 3332 1121 3378 civile.

119 3399 190 3446 C'est
214 3398 323 3444 d'abord
342 3397 365 3443 la
388 3398 466 3444 visite
492 3411 543 3457 que
567 3397 591 3442 le
610 3396 690 3442 client
718 3397 766 3442 tait
787 3396 810 3442 lc
826 3394 907 3441 matin
926 3395 940 3440 at
959 3409 1005 3439 son
1026 3396 1122 3454 patron

120 3459 268 3522 (salutare).
293 3459 405 3506 Celui-ci
428 3458 527 3520 parteis
551 3472 583 3504 ne
605 3457 629 3503 lc
653 3458 736 3513 recoit
754 3472 809 3518 pas,
833 3472 866 3503 ou
885 3456 921 3502 lui
941 3456 1041 3515 repond
1059 3454 1122 3502 d‘un

119 3522 191 3582 leger
203 3523 276 3581 signe
287 3522 320 3568 dc
332 3523 395 3580 tete,
410 3536 470 3568 sans
483 3521 617 3566 desserrer
628 3520 664 3565 les
675 3520 752 3565 dents
766 3533 828 3580 quon
842 3517 1008 3578 resalutare).
1021 3517 1059 3564 Cf.
1073 3517 1088 3564 J
1092 3532 1124 3563 u·

119 3583 208 3639 venal,
221 3584 274 3630 Sat.
288 3583 335 3642 III,
350 3587 402 3630 185.
416 3582 557 3642 —Saepe
575 3580 737 3630 nubentis.
757 3580 824 3626 Sous
838 3579 970 3639 l'Empirc,
985 3580 1022 3625 les
1036 3579 1125 3626 riches

120 3646 299 3708 patriciennes
319 3645 463 3691 abusbrcnt
484 3645 518 3690 du
532 3643 650 3698 dirorce,
665 3643 708 3703 qui
723 3643 815 3688 derint
828 3655 896 3701 pour
908 3641 972 3687 elles
987 3655 1037 3688 une
1049 3644 1124 3688 sorte

119 3708 268 3754 &adultere
278 3706 353 3767 lc'gal.
368 3706 488 3766 Sc'ncque
501 3706 554 3752 s'en
568 3705 653 3764 plaint
666 3707 788 3750 sourcnt.
803 3705 841 3750 Cf.
858 3704 889 3749 de
905 3702 1007 3763 Benefi,
1022 3703 1068 3759 Ill,
1083 3708 1120 3759 16,

121 3775 178 3816 2:«
190 3767 291 3815 nobiles
311 3767 426 3828 feminae
445 3782 497 3815 non
514 3767 655 3814 consutum
674 3780 784 3813 numero
799 3765 845 3813 sed
862 3765 1021 3812 maritorum
1038 3779 1125 3812 annos

544 3910 700 3960 -373-
