2658 4244
276 173 356 236 123.
376 177 433 232 un
447 175 558 232 Poete
573 176 752 232 remercie
767 175 949 232 Domitian
964 174 1025 245 qui
1039 175 1171 234 l’avatt

531 313 533 321 .
572 262 687 320 invite'
704 265 728 320 a
743 265 858 320 dlner.
1211 259 1216 273 ⁶

219 357 310 422 (Poeta
321 357 579 423 Domitiano·qrates
591 359 648 424 aqit
662 360 734 424 qnod
747 359 780 408 ab
798 375 828 408 eo
840 359 874 407 ad
888 373 1005 407 mensam
1017 359 1156 408 adhibitus
1169 358 1224 418 sill

164 489 202 552 2‘
219 489 276 552 Ast
290 512 357 570 ego,
375 493 424 551 cui
440 495 553 552 sacrae*
566 492 670 552 Caesar
685 513 765 551 nova
776 491 888 570 gandia
903 513 987 552 cenae

220 587 247 646 N
251 609 310 647 unc
323 589 457 668 primum
470 589 678 669 dominaque*
693 589 778 647 dedit
791 589 997 648 concumbere
1006 610 1123 655 mensa,

202 764 204 768 Ι
220 684 286 750 Qua
302 685 453 744 celebrem
469 706 535 746 mea
550 687 641 744 vota*
656 685 731 765 lyra,
747 706 823 766 quas
839 685 958 744 solvere
973 693 1075 763 grates

220 782 394 842 Sufficiam?
407 803 480 854 non,
498 783 523 840 si
537 782 652 862 pariter
666 783 739 840 mihi
757 783 871 841 vertice
885 776 957 841 laet'o

220 877 246 935 N
250 885 331 936 ectat
340 879 481 938 adoratas
493 886 524 938 et
538 879 689 957 Smyrna*
705 886 735 937 et
749 879 896 939 Mantua*
910 879 1023 949 lauros

220 973 320 1052 Digna
336 974 455 1054 loquar.
474 974 582 1033 Mediis
598 975 706 1033 videor
721 975 914 1034 discumbere
925 976 956 1034 in
970 976 1058 1034 astris

220 1070 298 1129 Cum
312 1071 329 1129 ,Ι
333 1092 390 1130 ove
405 1079 436 1130 et
451 1071 562 1130 Iliaca*
579 1080 755 1151 porrectum
772 1092 892 1131 sumere
905 1072 1012 1131 dextra

221 1167 540 1226 Immortale‘merum!
559 1169 684 1226 Steriles
700 1169 925 1229 transmisimus
942 1191 1039 1228 annos
1055 1188 1061 1229 :

221 1264 296 1325 Haec
309 1261 367 1322 aevi
382 1264 456 1323 mihi
473 1265 568 1344 prima
579 1265 654 1339 dice,
669 1265 736 1324 haec
751 1266 856 1325 limina
871 1267 974 1326 vitat

218 1361 301 1420 Tene
317 1381 383 1439 ege,
400 1371 545 1439 regnator
558 1370 708 1422 terrarum
722 1363 868 1442 orbisque
884 1363 1003 1422 subacti

220 1457 333 1536 Magne
349 1479 470 1538 parens
487 1467 527 1530 te,
545 1480 614 1539 spes
624 1460 794 1531 hominum,
811 1468 852 1532 te,
868 1481 939 1519 cura
953 1460 1094 1532 deornm,

220 1554 339 1614 Cerno*
350 1555 476 1634 jacens?
492 1555 582 1614 datur
595 1557 661 1614 haec
669 1557 769 1635 juxta,
792 1557 883 1616 datur
896 1577 948 1615 ora
965 1557 1042 1615 tueri

219 1651 298 1710 Vina
313 1652 393 1710 inter
407 1673 600 1732 mensasque,
621 1662 651 1711 et
664 1674 725 1712 non
739 1643 899 1732 assurgere
910 1653 956 1712 las
978 1655 1045 1712 est?
1324 1725 1325 1732 ἵ

219 1749 346 1807 Tectum
359 1758 535 1826 angustum,
548 1750 667 1829 ingens
685 1771 747 1808 non
768 1759 892 1809 centnm
921 1751 1040 1828 insigne
1061 1749 1226 1821 columnis,

219 1845 278 1904 Sed
291 1855 413 1926 quantae
429 1849 562 1926 Superos
579 1847 761 1926 caelnmque,
775 1847 899 1906 Atlante
911 1849 1048 1918 remisse,

219 1943 396 2001 Sustentare
411 1951 537 2022 queant.
556 1945 686 2023 Stupet*
697 1945 756 2003 hoc
770 1944 871 2003 vicina
884 1944 1033 2002 Tonantis

220 2041 326 2117 Regia,
343 2047 434 2120 teque
453 2041 518 2120 pari
532 2041 677 2100 laetantnr
693 2041 764 2100 sede
779 2042 914 2101 locatum

220 2147 365 2215 Numina,
383 2167 419 2204 ne
433 2148 753 2226 magnum*properes
767 2147 931 2206 escendere
947 2146 1057 2206 caelum
1074 2163 1083 2208 :

218 2244 315 2300 Tanta
331 2251 416 2322 patet
428 2243 534 2314 moles,
550 2245 735 2324 ellusaeque*
746 2246 880 2324 impetus
894 2244 972 2304 aulae

219 2340 358 2398 Liberior
368 2361 478 2420 campo
488 2342 500 2364 *
511 2341 705 2422 multumque
721 2341 880 2421 amplexus
895 2343 994 2425 aperti

219 2437 424 2496 AEtheros*et
439 2446 561 2496 tanturn
575 2437 701 2497 domino
712 2439 831 2512 min0r;
848 2438 900 2498 ille
915 2447 1042 2518 penates

220 2534 333 2613 Implet
349 2542 380 2592 et
393 2535 511 2612 ingenti
525 2534 644 2594 Genio*
654 2535 756 2614 juvat.
779 2536 781 2541 ’

247 2683 288 2733 N⁰
304 2683 367 2734 123
385 2697 392 2732 ε
409 2683 534 2749 Sacrae,
549 2699 628 2746 parce
643 2699 694 2746 que
706 2682 864 2746 l'empereur
876 2689 916 2734 est
929 2685 1015 2733 dinus.
1031 2711 1060 2720 -
1075 2683 1227 2743 Domina,

218 2747 274 2854 Fris
297 2747 513 2807 adJ'ectivement.
538 2773 568 2782 —
591 2746 678 2797 Vota
704 2761 719 2794 a
742 2747 776 2794 ici
804 2748 832 2818 le¹
851 2761 912 2794 sens
936 2748 968 2794 de
989 2747 1044 2808 joie
1063 2746 1154 2816 (voeurr
1172 2745 1218 2817 rea

228 2806 300 2870 rses).
320 2835 349 2842 —
368 2807 510 2868 Smyrna
522 2810 556 2858 et
571 2807 714 2858 Mantua
732 2823 738 2856 ε
756 2808 870 2856 allusion
886 2809 1031 2856 aHomere
1044 2810 1071 2855 et
1088 2807 1227 2868 &Virgrle
1324 2833 1325 2854 1

218 2895 248 2904 -
260 2868 367 2919 Iliaca
381 2869 512 2916 :allusion
525 2884 558 2920 an
571 2870 663 2947 prince
674 2873 769 2979 troqen
783 2869 939 2932 Ganymede
952 2871 998 2932 qui
1010 2870 1058 2928 fut,
1073 2871 1180 2916 acause
1195 2870 1228 2916 dc
1324 2869 1325 2910 ἶ

218 2945 248 2978 sa
265 2930 371 2983 beante',
390 2931 483 2977 enleve'
500 2946 550 2992 par
564 2932 650 2992 la1gle
668 2933 700 2978 de
735 2933 824 2993 upiter
840 2935 867 2979 et
883 2931 1036 2993 transportet
1049 2932 1115 2978 dans
1128 2931 1152 2977 le
1166 2931 1227 2988 ciel,

219 3007 287 3100 ponlr
301 3009 319 3054 y
333 2993 490 3100 ιᾟηηήᾶιοεὸνι
499 2992 575 3070 Hebe'
592 3008 695 3101 ctommq
710 2993 847 3102 {eleum
865 2995 911 3040 des
920 2995 1062 3102 t(lieuxb-
1074 2991 1171 3101 ³Vtitae.
1191 2993 1228 3064 La
1324 3025 1325 3084 }

218 3068 681 3186 nt,autumnat?.{⁰5..l¹t¹
695 3069 918 3178 annuunt
928 3067 1142 3178 ..tunultu
1157 3069 1230 3177 ‘atu
1324 3095 1325 3176 5

218 3175 314 3224 l'ordre
330 3177 420 3237 public
436 3195 446 3218 r
458 3176 572 3239 (Duruy,
585 3178 631 3238 lv,
643 3179 708 3240 692),
722 3179 814 3226 ainau
829 3178 984 3226 re'ellcment
995 3179 1034 3226 les
1047 3177 1139 3225 lettres
1157 3181 1186 3224 et
1203 3179 1228 3225 le
1324 3177 1325 3242 l

220 3237 354 3299 protegen.
369 3265 396 3273 -
411 3237 568 3300 Stupet:
581 3239 706 3299 miratur,
725 3241 879 3287 veneratur.
895 3267 924 3274 -
935 3240 1101 3302 Magnum.
1113 3238 1151 3285 La
1164 3239 1227 3286 llat-
1324 3247 1325 3276 ἒ

219 3301 285 3346 terie
297 3303 338 3346 est
352 3299 414 3346 bien
427 3300 528 3348 ontree.
542 3300 621 3348 Stace
634 3305 698 3348 vent
711 3303 768 3348 dire
782 3317 832 3364 qne
847 3302 872 3348 le
887 3302 972 3364 pelais
983 3303 1015 3348 de
1030 3301 1167 3348 Domitien
1185 3304 1230 3348 est
1324 3313 1325 3330 ³

219 3376 254 3408 un
272 3362 321 3408 ciel
335 3363 415 3422 aussi,
434 3363 550 3423 quoique
566 3364 627 3425 plus
645 3365 715 3424 petit
732 3378 783 3424 qne
798 3363 900 3423 luntre,
919 3365 986 3410 mais
1004 3364 1070 3410 dont
1087 3361 1228 3410 Domitien
1324 3366 1325 3384 ¹

219 3427 284 3484 pent
300 3437 327 3470 se
345 3426 485 3471 contenter
500 3438 532 3470 en
548 3427 690 3472 attendant
702 3425 875 3487 l'apotheose.
892 3424 930 3472 cf.
944 3424 1018 3486 sun,
1032 3424 1065 3486 V,
1084 3427 1106 3484 1,
1124 3426 1178 3471 240.
1197 3432 1229 3460 -’
1324 3467 1325 3480 ,

219 3483 432 3546 Effusaeque...
451 3497 567 3548 campo
581 3500 588 3535 ε
604 3501 648 3533 ces
662 3490 732 3534 mots
745 3487 885 3548 de'signent
897 3486 1099 3548 poc'tiquement
1110 3486 1134 3532 le
1148 3485 1230 3534 deve·
1324 3485 1325 3542 ζ

218 3547 376 3609 loppcment
390 3548 425 3593 du
439 3547 524 3608 pelais
538 3547 554 3594 a
567 3548 593 3594 la
605 3549 709 3596 surface
722 3550 757 3595 du
770 3550 819 3596 sol.
833 3576 862 3584 -
874 3549 1111 3611 Multumque...
1125 3547 1229 3597 aethe·
1324 3571 1325 3584 ÷

219 3621 273 3658 ros
290 3623 295 3656 :
310 3623 339 3655 sa
351 3609 473 3656 hauteur.
487 3635 518 3644 —
530 3609 640 3660 Genio.
656 3610 762 3671 Chaque
775 3611 906 3668 individn‚
919 3610 1021 3671 chaque
1038 3609 1109 3670 ville,
1123 3609 1228 3670 chaque
1324 3617 1325 3626 ¹

238 3670 325 3732 euple,
344 3671 446 3732 chaque
464 3671 526 3717 dieu
539 3672 625 3720 meme
640 3687 655 3719 a
673 3685 721 3719 son
735 3672 841 3735 qenins.
856 3673 923 3720 Voir
934 3671 1030 3736 qenins
1048 3686 1080 3718 an
1098 3671 1227 3731 Lexique.
1324 3669 1325 3682 ¹

219 3685 254 3839 le
277 3732 405 3840 genieblde
425 3730 590 3794 l'Empereur
606 3736 648 3781 est
664 3734 767 3781 associe
783 3735 878 3796 depuis
896 3736 1016 3797 Anguste
1032 3749 1065 3781 au
1085 3732 1156 3780 culte
1178 3733 1229 3782 des
1324 3747 1325 3778 r

231 3808 299 3840 ares
311 3808 347 3855 pu
379 3808 425 3841 rcs.
1324 3805 1325 3826 ¹

643 3937 801 3988 -124-
