2658 4244
316 199 318 205 .
337 148 394 205 85.
416 149 447 205 A
465 149 630 218 Auguste
650 148 711 217 qui
730 147 890 218 prepare
909 149 948 205 la
967 161 1101 218 guerre

525 238 653 295 contre
672 238 728 294 les
747 239 918 294 Parthes.

366 340 419 404 (Ad
431 342 587 405 Augustum
599 341 648 405 qui
659 341 762 390 bellum
775 341 803 390 in
817 341 930 390 Parthos
937 341 1074 405 parabat.)

162 466 202 527 3⁰
297 469 390 524 Arma
405 465 501 524 deus*
513 465 625 524 Caesar
639 466 718 524 dites
734 466 903 525 meditatur
919 466 956 524 ad
975 465 1099 535 ludos*,

375 563 415 622 Et
426 564 504 621 freta
519 563 709 640 gemmiferi*
724 562 839 640 findere
852 563 947 622 classe
963 563 1065 622 maris

297 659 408 739 Magna
423 660 490 718 viae
503 681 618 718 merces
633 678 640 720 :
656 668 743 741 parat
762 661 869 720 ultima
883 667 963 718 terra
979 660 1153 739 triumphos
1172 681 1180 719 :

375 756 474 833 Tigris
490 763 520 814 et
533 755 705 835 Euphrates
721 756 777 814 sub
795 764 846 816 tua
857 757 928 836 jura
946 756 1043 815 lluent
1061 775 1067 815 :

300 853 388 912 Seres
403 860 434 913 et
448 853 592 912 Ausoniis
606 854 731 912 venient
746 854 904 932 provincia
920 854 1034 931 virgis*
1053 872 1059 912 :

305 993 307 996 -
376 951 569 1009 Adsuescent
584 951 672 1010 Latio
689 950 800 1009 Partha
817 957 941 1029 tropaea
957 951 1039 1010 Jovi.

298 1049 354 1116 lte,
369 1048 460 1125 agite,
475 1049 642 1126 expertae*
657 1047 748 1116 bellu,
766 1047 836 1106 dale
854 1047 957 1119 lintea,
978 1068 1098 1126 prorae,

376 1145 416 1205 Et
435 1145 570 1216 solitum,
590 1145 730 1222 armigeri
738 1146 760 1217 *,
777 1144 880 1204 ducite
893 1145 1035 1214 munus*,
1050 1144 1133 1224 equi.

297 1242 408 1312 Omina
421 1242 519 1301 fausta
537 1262 625 1300 canu.
643 1241 769 1300 Crassos
785 1241 948 1323 cladesque
962 1242 1044 1320 piate
1061 1260 1067 1299 :

378 1340 434 1412 lte,
449 1347 480 1398 et
497 1338 655 1397 Romanae
668 1338 840 1397 consulite*
857 1337 1012 1397 historiae.

296 1437 380 1496 Mars
394 1443 491 1516 pater,
508 1444 539 1494 et
560 1456 664 1494 sacrae
679 1435 781 1494 fatalia
800 1436 916 1495 lumina
931 1436 1053 1508 Vestae,

377 1537 455 1592 Ante
472 1553 557 1591 meos
574 1532 677 1591 obitus
693 1533 742 1600 sit,
763 1553 881 1612 precor,
899 1533 950 1592 illa
967 1532 1043 1604 dies,

297 1631 363 1698 Qua
378 1630 497 1688 videam
514 1630 620 1708 spoliis
634 1637 761 1688 onerato
777 1628 916 1688 Caesaris
934 1651 988 1688 axe

377 1727 425 1786 Ad
440 1726 524 1803 vulgi
541 1726 666 1805 plausus
681 1748 771 1806 saepe
785 1727 943 1785 resistere*
961 1747 1067 1806 equos,

296 1825 368 1883 Tela
383 1825 501 1902 fugacis
515 1824 597 1902 equi,
617 1830 648 1882 et
662 1823 798 1882 bracati*
811 1824 916 1881 militis
934 1844 1031 1895 arcuS,

372 1922 415 1992 Et
432 1921 559 1981 subter*
573 1928 680 1999 captos
696 1941 779 1979 arma
795 1921 922 1979 sedere*
934 1920 1039 1980 duces

296 2020 365 2099 Ipsa
381 2027 464 2077 tuam
479 2038 565 2075 serva
578 2017 724 2096 prolem*,
740 2018 844 2075 Venus
859 2036 866 2077 ε
883 2017 941 2076 hoc
956 2018 996 2076 sit
1010 2019 1040 2075 in
1057 2039 1179 2090 aevum,

375 2113 483 2176 Cernis
496 2113 534 2172 ab
549 2115 651 2172 Aenea
669 2113 752 2192 quod
764 2135 923 2193 superesse
936 2122 1038 2193 caput.

297 2214 412 2273 Praeda
428 2213 467 2270 sit
482 2211 557 2269 haec
571 2209 640 2282 illis,
659 2231 790 2291 quorum
806 2232 944 2270 meruere
960 2212 1081 2270 labores
1098 2229 1105 2271 τ

376 2308 420 2368 Mi
439 2315 485 2366 sat
499 2307 558 2366 erit
574 2308 665 2366 Sacra
680 2308 825 2386 plaudere
840 2330 929 2388 posse
944 2310 971 2365 V
973 2310 1031 2370 ia*.

247 2461 289 2510 Νο
302 2459 346 2511 85
360 2474 365 2506 ε
380 2459 476 2508 Deus.
495 2458 597 2519 Depuis
615 2457 666 2504 l'an
687 2463 725 2516 29,
746 2460 866 2519 Auguste
884 2459 925 2506 fut
944 2459 1045 2507 honore'
1063 2475 1166 2508 comme
1184 2477 1222 2508 un

215 2522 285 2570 Dieu
305 2523 372 2568 dans
391 2522 429 2567 les
448 2521 598 2581 provinces.
619 2520 685 2566 Voir
702 2535 735 2567 au
757 2521 862 2583 leuique
881 2521 1042 2582 apotheosis.
1061 2549 1091 2558 -
1112 2523 1222 2574 Indos.

217 2584 333 2645 Designe
352 2583 463 2629 l'Orient
482 2581 648 2641 engene'ral.
672 2583 692 2628 ll
712 2581 788 2642 s'agit
807 2583 853 2628 des
871 2581 983 2630 Parthes
1002 2599 1034 2631 en
1055 2585 1222 2645 particulier,

216 2650 310 2694 contre
323 2644 439 2706 lesquels
458 2645 577 2703 Auguste
590 2644 703 2704 pre'para
715 2658 766 2690 une
781 2644 934 2705 expedition
948 2660 979 2691 en
994 2649 1031 2703 al,
1043 2660 1112 2706 pour
1121 2661 1225 2708 renger

217 2709 241 2756 le
254 2708 374 2754 desastre
392 2707 423 2752 de
443 2706 563 2752 Crassus.
579 2733 607 2740 -
621 2704 810 2754 Gemmil'eri
829 2706 951 2755 maris:
966 2707 991 2754 la
1010 2721 1067 2754 mer
1083 2722 1173 2768 rouge.
1190 2736 1223 2744 -

217 2769 330 2830 'Virgis
340 2768 393 2815 :les
407 2768 541 2813 lnisccaux
554 2767 725 2814 consulairos.
737 2794 767 2801 -
780 2768 954 2829 Expertae,
966 2769 1022 2829 pris
1032 2768 1222 2818 absolument:
1321 2775 1322 2782 ’

200 2885 204 2894 Ι
236 2833 261 2877 ui
273 2847 288 2878 a
303 2831 352 2877 fait
364 2845 406 2876 ses
419 2844 541 2890 preuves.
555 2856 585 2862 -
598 2828 762 2890 Armigeri
777 2829 861 2898 equi,
875 2845 908 2877 au
925 2831 1045 2878 vocatis:
1060 2830 1168 2891 designe
1181 2832 1224 2879 les

217 2909 231 2940 c
252 2907 337 2939 evaux
356 2893 391 2938 du
409 2891 514 2950 cortege
532 2889 762 3000 triomphalgvoir
779 2891 952 2953 triumphus).
968 2918 995 2927 -
1009 2893 1130 2941 Munus
1148 2893 1224 2943 soli·

216 2959 286 3005 tum
305 2974 335 2995 =
351 2968 414 3015 pom
435 2967 477 2998 am
497 2951 612 2999 solitam.
631 2980 660 2985 —
701 2951 843 3007 onsulite
859 2968 864 3000 :
879 2968 911 2999 en
931 2954 1046 3010 ellacant
1062 2957 1132 3001 cette
1152 2969 1223 3015 page

217 3017 347 3062 honteuse
364 3016 396 3061 de
414 2967 541 3060 l'histoirc
559 3014 686 3061 romaine.
704 3042 734 3048 —
749 3014 929 3073 Resistere,
944 3029 1047 3062 comme
1060 3014 1164 3063 sistere.
1179 3017 1221 3065 Cf.

216 3078 310 3134 Ovide,
329 3076 418 3132 Trist,
433 3075 479 3130 IV,
494 3081 516 3125 2.
530 3079 567 3122 53.
579 3101 605 3110 -
615 3075 760 3126 Bracatl.
774 3075 822 3123 Les
834 3076 930 3123 bracae
944 3080 1005 3124 sont
1017 3077 1064 3124 des
1077 3077 1223 3185 pantalons
1320 3135 1321 3141 ,

216 3139 340 3196 collants,
355 3138 441 3198 raye's,
457 3137 574 3197 bigarre's
588 3141 614 3184 et
627 3138 734 3195 brodes,
748 3138 839 3199 portc's
852 3142 958 3185 surtout
969 3153 1017 3199 par
1028 3139 1067 3186 les
1100 3139 1224 3187 abitnnts

217 3203 250 3248 de
262 3199 353 3247 l'Asie.
368 3199 502 3261 Quelques
515 3200 620 3246 nations
633 3201 668 3245 du
680 3200 747 3246 nord
760 3200 791 3245 de
804 3199 927 3261 l'Europe
940 3200 978 3246 les
989 3201 1124 3261 portaient
1136 3203 1221 3250 aussi.

216 3289 246 3298 -
258 3262 379 3312 Subter
392 3273 495 3316 arma,
515 3261 532 3307 il
549 3260 624 3322 s'ugit
642 3263 688 3308 des
707 3259 831 3320 trophe'es
849 3261 970 3309 d'armes.
988 3289 1014 3296 —
1033 3261 1152 3312 Sedere
1167 3264 1223 3311 :ils

216 3326 279 3371 sont
295 3325 380 3370 meme
393 3323 544 3370 enchaines.
560 3350 589 3357 —
606 3323 742 3371 Prolem.
761 3322 889 3382 Auguste.
910 3323 951 3370 fils
970 3324 1077 3384 adoptil
1091 3325 1123 3371 de
1145 3325 1224 3373 Jules

177 3424 179 3432 .
217 3384 306 3438 cesar,
327 3387 498 3446 appurtenait
518 3400 567 3445 par
587 3385 656 3431 suite
676 3384 707 3428 de
732 3386 802 3431 cette
821 3384 949 3444 adoption
973 3386 1031 3432 hla
1050 3399 1116 3448 pens
1135 3386 1222 3446 Iulia,

215 3447 330 3508 laquelle
350 3447 501 3507 prc'tcnclait
520 3448 653 3492 rcmonter
671 3446 685 3490 sl
703 3444 767 3502 lule,
788 3444 829 3492 fils
853 3446 958 3494 d'Ene'e.
977 3447 1018 3495 On
1035 3447 1087 3494 sait
1123 3447 1224 3496 u'Enee
1319 3471 1320 3474 ¹

217 3509 283 3556 e'tuit
294 3509 427 3555 lui-meme
444 3508 484 3554 fils
502 3506 644 3553 d'Anchise
660 3507 730 3552 etde
747 3506 846 3554 Venus.
860 3535 890 3542 —-
905 3508 1011 3558 Sacra
1027 3508 1100 3558 via.
1137 3524 1224 3559 ecor.

217 3571 276 3634 tepe
291 3569 437 3631 triumphat
447 3569 545 3630 partuit
557 3569 591 3613 (lu
606 3567 704 3628 temple
715 3569 747 3614 de
756 3569 864 3616 Bellone
873 3573 899 3616 et
907 3569 1058 3631 d‘Apollon,
1068 3585 1121 3618 aux
1127 3575 1225 3632 portes

216 3633 250 3678 de
264 3632 363 3688 Rome,
378 3633 395 3678 il
413 3630 554 3679 traversait
566 3629 589 3674 le
608 3629 708 3690 Champ
721 3630 754 3676 de
770 3631 850 3689 Mars,
867 3631 890 3677 le
904 3632 1000 3692 Cirque
1013 3633 1044 3679 de
1063 3633 1224 3693 Flaminius,

216 3693 242 3741 la
256 3693 335 3740 Porta
349 3691 526 3747 carmentalis,
538 3691 561 3737 le
575 3691 728 3749 Velabrum,
741 3691 765 3738 le
779 3691 870 3739 Circus
883 3693 1024 3752 Maximus,
1037 3695 1062 3741 la
1075 3694 1126 3742 Via
1139 3695 1224 3743 Sacra

216 3757 245 3803 et
257 3755 281 3802 lc
295 3755 400 3813 Forum,
414 3758 441 3801 et
453 3752 584 3800 s'arretait
595 3767 630 3800 au
640 3753 770 3813 Capitole.

643 3902 782 3953 „35-
