2730 4234
219 212 221 215 .
316 149 399 208 379.
416 151 595 220 Ponrquot
609 152 664 209 les
678 135 818 209 lar-mes
834 151 1026 230 sont-elles
1040 151 1176 207 douces

575 253 651 297 eux
660 239 927 297 melheureux‘?

460 335 526 398 (Cur
538 335 662 384 lacrimae
675 335 767 384 dulces
781 335 940 397 infelicibus
957 335 1032 398 sint.)

191 441 233 504 3⁰
286 439 325 498 Et
339 461 432 516 nunc,
449 440 590 516 Domine,
604 443 668 522 jam
684 442 735 501 illa
750 443 949 513 transierunt,
971 449 1001 500 el.
1017 450 1155 522 tempore
1172 441 1252 499 leni-

247 541 312 600 tum
328 543 374 595 est
387 538 517 596 vulnus*
531 559 642 598 meum.
661 539 829 598 Possumne
846 539 951 618 audire
967 539 1077 609 abste,
1094 538 1149 617 qui
1170 533 1252 595 veri-
1351 551 1352 582 l

247 638 293 690 tas
312 642 403 703 eset
425 635 588 693 admovere
611 656 715 694 aurem
739 635 842 694 cordis
860 635 925 693 mei
948 635 994 693 ori
1021 641 1083 705 tuo,
1106 642 1141 692 ut
1163 634 1249 692 dicas
1351 639 1352 708 l

226 801 227 806 ἵ
247 728 320 785 mihi
335 731 491 790 curtletus
508 731 624 790 dulcis*
639 731 679 790 sit
690 732 831 791 miseris?
846 734 895 790 An
910 739 954 798 tu,
975 731 1116 810 quamvis
1132 731 1249 809 ubique
1351 715 1352 758 l

247 824 338 898 adsis,
354 826 444 904 longe
457 827 623 907 abjecistia
639 835 668 886 te
682 829 834 886 miseriam
860 828 1019 886 nostram?
1041 827 1079 884 Et
1102 835 1136 885 tu
1160 827 1192 884 in
1218 834 1250 885 te

246 943 366 994 manes;
381 945 437 982 nos
449 931 550 982 autem
562 925 593 982 in
609 925 827 1004 experimentis
846 924 1025 984 volvimur*
1046 943 1052 984 :
1074 931 1105 982 et
1130 931 1247 990 tamen,

246 1018 305 1076 nisi
319 1019 357 1078 ad
372 1040 461 1078 aures
478 1028 546 1079 tuas
561 1021 761 1100 ploraremus
778 1021 854 1080 nihil
869 1021 986 1080 residui
1009 1020 1046 1079 de
1066 1042 1120 1100 spe
1141 1027 1247 1079 nostra

245 1115 342 1174 fieret.
370 1116 458 1175 Unde
484 1117 577 1193 igitur
601 1118 705 1186 suavis
733 1117 855 1176 fructus
878 1117 915 1176 de
939 1117 1145 1176 amaritudine
1172 1117 1248 1174 vitae

244 1213 390 1291 carpitur,
407 1234 528 1292 gemere
548 1222 578 1272 et
596 1215 700 1285 flere*,
721 1220 751 1272 et
771 1206 928 1293 suspirare
950 1222 982 1272 et
1002 1213 1172 1294 conqueri?
1198 1216 1248 1271 An

245 1307 303 1367 hoc
318 1309 360 1367 ibi
375 1309 463 1368 dulce
479 1311 616 1390 estquod
635 1331 793 1390 speramus
806 1309 954 1369 exaudire
982 1312 1031 1370 te‘l
1053 1309 1147 1368 Recte
1162 1309 1247 1368 istud

244 1405 274 1463 in
291 1407 443 1485 precibus
456 1406 525 1486 quia
539 1407 724 1466 desiderium
736 1406 937 1487 perveniendi
950 1405 1074 1466 habent.
1087 1405 1247 1485 Numquid

244 1501 394 1561 indolere
409 1503 585 1563 amissaerei
605 1510 636 1562 et
655 1504 741 1563 luctu
762 1524 824 1582 quo
847 1509 921 1562 tunc
938 1502 1117 1582 operiebar?
1138 1503 1248 1582 Neque

244 1599 324 1656 enim
343 1600 501 1678 sperabam
517 1599 699 1659 reviviscere
719 1599 841 1670 illum*,
859 1606 912 1658 aut
928 1598 988 1659 hoc
1001 1599 1142 1678 petebam
1155 1598 1248 1657 lacri—

244 1695 313 1766 mis,
328 1696 379 1755 sed
396 1703 515 1755 tantum
532 1684 673 1756 dolebam
687 1704 718 1754 et
732 1695 872 1754 ssebam*.
893 1695 989 1753 Miser
1006 1695 1086 1754 enim
1102 1715 1197 1768 eram,
1214 1703 1247 1754 et

244 1792 402 1852 amiseram
419 1792 563 1870 gaudium
579 1813 693 1854 meum.
711 1794 759 1851 An
776 1800 806 1850 et
831 1793 920 1850 fletus
946 1813 996 1850 res
1017 1811 1119 1850 amara
1136 1798 1198 1865 est;
1215 1799 1248 1850 et

244 1908 307 1968 pree
320 1888 444 1948 fastidio
459 1909 560 1949 rerum
573 1889 687 1969 quibus·
700 1889 784 1969 prius
805 1888 992 1958 fruebamur,
1019 1893 1050 1946 et
1072 1895 1147 1948 tunc
1170 1888 1247 1948 dum

244 1985 283 2044 ab
297 1985 341 2043 eis
353 1985 564 2055 abhorremus,
580 1986 754 2045 delectat*'l

243 2121 282 2165 17.
310 2143 341 2152 —
372 2118 482 2166 Ponto.
510 2117 548 2165 cf.
578 2117 691 2176 Horace,
721 2116 768 2165 Od.
805 2116 852 2176 IV,
877 2121 899 2176 1,
924 2117 983 2164 M:
1018 2115 1108 2165 Vitreo
1129 2115 1247 2166 daturus

243 2177 358 2248 Nomina
377 2179 520 2250 pontof
542 2178 668 2248 Ruipls.
690 2179 728 2227 Cl.
753 2155 866 2236 liorace,
892 2177 1086 2248 0d.,11,1o,‘e
1107 2177 1246 2248 :Saepius

243 2241 330 2287 ventis
342 2240 462 2303 agitatur
475 2253 568 2303 ingens
581 2239 679 2296 Pinum
699 2240 824 2298 Lucrece,
838 2238 872 2299 V,
886 2241 963 2287 1124:
980 2239 1085 2287 Invidia
1105 2254 1245 2302 quoniam,

243 2315 291 2348 ceu
310 2299 431 2361 fulmine,
445 2314 547 2348 summa
559 2315 591 2348 oa
611 2301 689 2349 orani
700 2300 873 2364 Plerumque.
887 2300 927 2349 Cf.
941 2301 1011 2348 aussi
1023 2299 1113 2348 Racan
1126 2300 1247 2362 (Stances

243 2362 259 2410 b
276 2362 369 2424 Tircis)
385 2379 390 2411 z
405 2362 467 2410 Plus
479 2377 513 2410 on
527 2364 568 2409 est
596 2362 662 2420 leve,
677 2363 736 2424 plus
749 2376 782 2409 on
795 2364 873 2409 court
884 2362 917 2410 de
930 2362 981 2408 dan
1000 2377 1050 2410 ers.
1063 2388 1093 2398 -
1106 2361 1205 2412 Sonat
1214 2382 1247 2405 =

244 2424 343 2472 audiat.
352 2451 382 2458 -
390 2423 603 2486 Stringat,pa1·
611 2425 753 2485 prudence.
763 2423 802 2471 Cf.
814 2424 898 2486 Virg.,
907 2423 966 2481 En,
1003 2459 1009 2482 ,
1019 2427 1072 2470 163.
1080 2423 1246 2486 —Mag'na

244 2496 338 2543 aura,
359 2485 514 2546 metaphore
542 2499 610 2546 pour
632 2485 754 2546 designer
778 2486 804 2531 la
826 2485 915 2532 bonne
936 2484 1051 2532 fortune.
1083 2511 1113 2520 -
1140 2484 1246 2534 Tutos

244 2545 377 2596 sinus:
394 2561 472 2594 naues
485 2559 552 2609 quae
566 2546 647 2594 remis
660 2545 730 2594 circa
740 2545 815 2594 sinus
828 2547 900 2592 tutos
909 2545 1113 2608 propelluntur.

274 2626 315 2675 N⁰
328 2626 394 2676 379
409 2641 414 2673 z
428 2626 563 2675 Vulnus.
578 2625 631 2673 Peu
644 2626 676 2673 de
693 2628 781 2686 temps
800 2627 882 2672 avant
896 2625 928 2671 de
946 2625 1047 2686 quitter
1066 2624 1148 2672 Milan
1161 2623 1207 2686 (oh
1222 2625 1243 2674 il

244 2688 317 2735 avait
335 2687 444 2734 d'abord
463 2686 580 2748 professe
599 2688 624 2734 la
643 2683 804 2747 rhetoriqne,
823 2686 883 2748 puis
909 2700 974 2742 recu
999 2685 1023 2732 le
1047 2685 1171 2746 bapteme
1195 2687 1245 2734 des

244 2749 329 2796 mains
339 2750 371 2796 de
384 2750 454 2809 saint¹
465 2747 624 2810 Ambroise),
636 2748 706 2794 saint
719 2749 850 2809 Augustin
863 2748 953 2809 perdit
965 2761 993 2794 sa
1005 2747 1086 2806 mere,
1100 2748 1128 2795 el
1139 2761 1187 2794 son
1200 2747 1245 2796 fils

212 2858 215 2863 ,
244 2809 368 2858 Adeodat
380 2811 424 2871 qui
437 2810 509 2857 avait
520 2809 562 2857 ete
579 2809 683 2871 baptise
699 2824 764 2856 avec
782 2809 825 2856 lui.
837 2835 867 2842 -
884 2807 1007 2858 Dulcis.
1030 2808 1068 2856 Cr.
1087 2809 1113 2855 le
1129 2822 1190 2856 vers
1209 2810 1244 2856 dc

244 2871 293 2918 Vir
313 2870 362 2920 'lez
377 2890 388 2914 «ι
400 2871 466 2919 Sunt
483 2869 605 2918 lacrimae
620 2885 711 2917 rerum
725 2871 750 2917 et
768 2872 883 2916 mentem
902 2869 1027 2917 mortalia
1046 2870 1091 2917 tan
1112 2870 1191 2918 unt».
1212 2897 1245 2906 -

244 2932 291 2981 Vo
307 2933 423 2982 vlmur.
437 2931 476 2980 Cf.
487 2933 525 2979 les
537 2933 651 2994 pleintes
669 2932 827 2979 touchantes
844 2931 877 2978 de
895 2930 927 2978 V.
944 2931 1022 2992 Hugo
1035 2884 1113 2978 surich
1126 2933 1197 2978 mort
1209 2932 1244 2979 dc

244 3008 273 3042 sa
282 2993 335 3042 fille
345 3008 350 3042 :
360 2995 384 3042 A
394 2993 539 3054 Villequier
546 2993 792 3055 (Contemplations)
802 3007 807 3040 :
816 2992 889 3038 Dans
902 3006 949 3039 vos
957 2992 1042 3053 cieux,
1050 2991 1160 3040 aru-dell
1171 2992 1205 3040 de
1217 2993 1242 3040 la

244 3055 340 3117 sphere
357 3055 403 3102 des
413 3069 486 3112 nues,
496 3055 537 3100 Au
550 3055 614 3100 lond
630 3056 662 3100 de
679 3057 721 3101 cet
737 3069 798 3100 azur
812 3053 948 3100 immobile
967 3056 994 3101 et
1013 3054 1145 3110 dormant,
1163 3053 1244 3102 Pent-

244 3119 300 3165 etre
321 3116 477 3164 saites-vous
497 3115 543 3162 des
560 3115 653 3162 choses
670 3115 825 3174 inconnues,
839 3113 879 3162 Oh
896 3115 921 3161 la
938 3115 1050 3162 douleur
1065 3114 1098 3161 de
1116 3113 1244 3162 l'homme

243 3181 318 3226 entre
329 3191 432 3226 comme
449 3176 592 3224 clement».
607 3203 635 3211 -
649 3176 749 3225 Flere.
767 3177 806 3224 (Εἰ.
820 3175 940 3224 Bossuet.
958 3175 1002 3223 Or.
1016 3175 1076 3236 sun.
1094 3176 1129 3223 du
1145 3175 1244 3238 prince

244 3240 277 3288 de
288 3238 393 3288 oonde':
408 3257 419 3282 u
432 3237 525 3296 Quand
539 3236 603 3284 Dieu
613 3237 699 3298 forma
714 3237 737 3284 le
749 3251 822 3284 coeur
835 3239 859 3284 et
873 3237 910 3284 les
919 3236 1058 3284 entrailles
1067 3236 1098 3284 de
1107 3235 1242 3298 l'bomme,

245 3297 265 3348 il
322 3300 370 3347 mit
392 3298 600 3363 premierement
618 3299 642 3346 la
663 3297 774 3347 boote».
797 3298 837 3346 Cl.
865 3297 986 3357 Juve'ual,
1010 3298 1065 3346 Sat.
1094 3297 1153 3358 XV,
1177 3303 1241 3347 1³1:

245 3317 425 3410 ublhllissima
439 3361 519 3408 corda
541 3361 662 3408 Humano
679 3359 773 3424 peneri
790 3360 853 3408 dare
870 3373 897 3406 se
919 3360 1022 3406 Natura
1047 3358 1150 3419 fatetur
1170 3374 1244 3424 quae

245 3423 368 3471 lacrimas
379 3422 452 3471 dedit
466 3442 519 3470 ».-
530 3422 624 3471 Illum
637 3435 642 3469 ε
656 3420 792 3469 sonna-
804 3419 949 3470 Flebam.
964 3420 1002 3467 Cf.
1016 3420 1111 3468 Victor
1122 3421 1211 3482 Hugo,
1226 3423 1242 3470 b

249 3484 397 3548 Villequier
409 3499 415 3532 ι
429 3504 440 3528 n
454 3483 589 3545 Seigneur‚
614 3497 628 3530 e
640 3483 779 3530 reconnais
790 3497 841 3543 que
853 3482 975 3529 l'homme
988 3484 1029 3528 est
1045 3497 1077 3529 en
1089 3481 1181 3541 delire,
1195 3482 1241 3530 S'it

244 3561 291 3595 ose
302 3545 503 3605 murmurer;Je
511 3559 584 3592 cesse
593 3498 735 3602 d'accuser,
744 3544 772 3604 je
780 3557 853 3590 cesse
863 3545 895 3590 de
907 3543 1025 3591 maudire
1037 3559 1042 3591 :
1056 3544 1124 3591 Mais
1133 3543 1243 3592 laissez-

245 3608 298 3655 moi
308 3609 415 3668 pleurer
427 3625 447 3652 u.
459 3617 489 3641 ’-
497 3607 658 3656 Delectat.
670 3604 709 3652 Cl.
718 3605 829 3662 Musset,
838 3603 967 3652 Souoenir
981 3619 986 3651 :
998 3604 1096 3665 Dante,
1107 3608 1242 3666 pourquoi

244 3670 330 3716 dis-tu
343 3668 405 3728 qu'il
417 3667 485 3714 n'est
496 3667 553 3728 pire
564 3666 658 3713 misere
671 3663 756 3720 Qu'un
769 3667 893 3713 souvenir
901 3666 1022 3713 heureun
1034 3667 1100 3713 dans
1115 3666 1154 3714 les
1164 3667 1244 3726 jours

245 3730 278 3777 de
290 3728 419 3776 douleur‘l
431 3727 496 3782 Quel
507 3728 613 3788 chagrin
625 3728 659 3774 l'e
669 3727 739 3774 dicte
752 3730 822 3775 cette
837 3727 927 3788 parole
944 3727 1040 3785 emere,
1051 3727 1127 3775 Cette
1139 3729 1244 3777 oliense

245 3805 278 3838 au
291 3789 458 3836 malheur‘l...
477 3787 518 3834 Un
536 3788 661 3835 souvenir
679 3789 798 3835 heureux
817 3792 859 3837 est
879 3789 1010 3850 peut-tire
1027 3797 1073 3836 s'ur
1092 3792 1162 3836 terre
1177 3790 1246 3838 Plus

245 3852 300 3898 vrai
315 3865 365 3912 quc
374 3850 397 3896 le
410 3849 559 3897 bonheuru.

663 3911 818 3963 -382-
