2756 4238
293 102 377 162 285.
391 102 503 159 Ovide
517 103 703 173 distingue
717 104 758 160 l'a
768 102 975 173 relegation
987 104 1031 158 de
1043 101 1152 158 l'exss.

468 207 515 268 (De
529 207 623 256 Ouidio
636 207 781 272 i·ele9ato',
796 223 849 256 non
862 207 973 269 casule.)

165 363 208 428 2²
262 366 295 424 Si
308 387 457 445 saperem,
474 367 580 427 doctas
595 368 728 428 odissem
740 368 810 448 jure
826 387 957 441 sorores,

303 463 436 522 Numina
451 463 563 524 cultori
576 465 750 544 perniciosa
765 485 832 524 suo.

262 563 304 619 At
317 581 410 632 nunc,
428 568 513 620 tanta
529 582 597 620 meo
609 582 712 620 comes
725 569 771 620 est
782 561 902 620 insania
915 561 1034 634 morb0,

303 657 380 715 Saxa
396 656 530 716 malum*
545 662 643 718 resero
663 679 769 717 rursus
780 657 818 716 ad
834 659 892 717 ista
908 658 1028 738 pedem.

262 753 388 812 Scilicet
400 761 432 812 et
443 754 545 812 victus
559 755 672 834 repetit
683 755 837 832 gladiator
853 775 992 824 arenam;

303 851 342 908 Et
356 851 438 910 redit
450 851 482 908 in
495 852 631 910 tumidas
643 852 791 929 naufraga
807 852 920 931 puppis
935 871 1044 932 aquas;

263 948 423 1027 Musaque,
441 969 533 1028 quam
549 949 658 1021 movit,
676 957 792 1007 motam
809 970 931 1029 quoque
946 949 1163 1024 leniet*iram;

303 1045 440 1103 Exorant
454 1064 583 1123 magnos
595 1046 730 1104 carmina
744 1066 825 1126 saepe
842 1047 934 1105 Deos

263 1141 402 1220 Namque
417 1142 528 1200 domus
540 1142 624 1226 lapsa
639 1150 695 1212 est,
714 1151 748 1201 ut
763 1163 897 1220 surgere,
911 1144 935 1200 si
952 1142 1046 1202 modo
1060 1141 1126 1200 laesi

302 1237 511 1297 Ematuruerit
521 1237 652 1298 Caesaris
668 1239 721 1310 ira,
738 1246 841 1317 queat.

263 1333 360 1413 Cujus
373 1334 405 1392 in
421 1343 533 1394 eventu
547 1356 646 1416 poenae
659 1335 822 1393 clementia
841 1342 924 1394 tanta
947 1343 1003 1409 est,

304 1430 346 1490 Ut
357 1431 451 1490 tuerit
464 1439 571 1491 nostro
586 1431 686 1490 lenior
700 1432 751 1490 illa
767 1439 863 1492 metu.

263 1529 334 1587 Vita
350 1528 422 1588 data
438 1537 496 1600 est,
514 1529 652 1608 citraque
669 1549 773 1588 necem
791 1536 841 1588 tua
858 1529 998 1587 constitit
1012 1529 1067 1600 ira,

303 1626 328 1685 O
341 1627 485 1706 princeps
500 1647 590 1706 parce
607 1625 724 1685 viribus
737 1647 790 1685 use
803 1627 874 1685 tuis.

264 1724 394 1802 Insuper
408 1723 568 1794 accedunt,
585 1731 613 1780 te
628 1743 690 1780 non
705 1722 870 1794 adimente,
885 1730 1034 1802 paternae,

302 1820 471 1899 Tamquam
487 1820 549 1878 vita
562 1837 671 1898 parum
686 1820 823 1877 muneris
844 1826 935 1888 esset,
948 1820 1050 1898 opes*.

264 1917 328 1975 Nec
339 1937 406 1975 mea
421 1915 544 1975 decreto
559 1915 710 1974 damnasti
733 1916 814 1974 sacta
827 1922 975 1975 senatus:

305 2014 368 2072 Nec
382 2033 449 2072 mea
465 2013 579 2072 selecto
591 2012 718 2092 judice*
729 2012 815 2091 jussa
829 2013 900 2089 fuga
919 2019 975 2072 est.

264 2109 415 2168 Tristibus
432 2110 573 2168 invectus
587 2109 699 2178 verbis,
717 2109 758 2168 ita
775 2109 914 2188 principe
930 2107 1068 2184 dignum,

306 2206 396 2266 Ultus
411 2227 443 2265 es
459 2209 601 2276 offensas,
618 2213 653 2265 ut
670 2205 769 2277 decet,
787 2206 872 2285 ipse*
886 2213 964 2264 tuas.

265 2302 352 2362 Adde
368 2304 450 2383 quod
466 2303 611 2374 edictum,
629 2303 770 2382 quamvis
786 2303 918 2360 immane
933 2301 1109 2381 minaxque,

304 2403 449 2460 Attamen
460 2400 490 2460 in
503 2420 603 2479 poenae
617 2399 740 2458 nomine
756 2398 823 2456 lene
834 2398 902 2456 suit.

265 2497 385 2576 Quippe
399 2497 559 2575 relegatus,
578 2516 639 2554 non
651 2494 737 2554 exsul
753 2493 840 2552 dicor
856 2493 888 2551 in
910 2493 981 2568 illo;

306 2594 461 2673 Parcaque
477 2577 610 2651 fortunae
627 2600 699 2650 sunt
711 2591 781 2650 data
798 2590 891 2650 verba
906 2610 993 2649 meae.

226 2745 302 2803 raire,
315 2741 575 2804 tantdtperpdtuclle
590 2757 595 2789 ε
608 2757 639 2788 en
651 2755 735 2788 aucun
755 2755 808 2797 cas,
832 2741 855 2786 la
876 2737 1006 2801 retepatio
1022 2753 1056 2785 ne
1077 2738 1176 2799 privait
1199 2738 1223 2784 le

226 2805 373 2853 condamne
385 2807 410 2850 ni
422 2806 454 2851 de
468 2805 491 2851 la
505 2803 606 2864 quatite'
619 2802 749 2848 d‘homme
761 2801 837 2861 libre,
849 2801 874 2847 ni
888 2801 920 2847 dc
933 2801 998 2847 celle
1013 2801 1046 2846 de
1066 2801 1182 2859 citoyen.
1198 2826 1228 2833 -—

225 2867 351 2916 Malum
364 2885 394 2908 =
408 2864 550 2925 infelicem.
564 2891 594 2899 -
605 2863 729 2912 Leniet.
741 2862 886 2910 L'attitude
903 2860 1014 2908 d'Ovide
1028 2876 1060 2908 en
1072 2860 1124 2907 exii
1136 2875 1169 2906 ne
1186 2861 1226 2906 sut

226 2944 275 3037 pas
286 2928 340 2975 tres
353 2928 440 2988 digne,
455 2928 516 2974 saut'
529 2927 598 2996 dans,
614 2939 664 3000 une
684 2939 726 2994 ou¹
738 2925 806 3000 deux
830 2925 1028 2994 circonstances
1050 2923 1127 2984 (Vuir
1148 2920 1227 2991 Pont.

241 2990 274 3048 11,
289 2994 311 3048 7,
327 2993 353 3036 et
366 2991 442 3035 notre
456 2988 625 3047 Antlmtngie,
638 2987 754 3032 hxtraits
765 2987 781 3031 d
792 2985 895 3044 Ovrde).
908 2985 1030 3046 Opposcr
1042 2984 1056 3031 a
1070 2999 1112 3030 ses
1126 2983 1228 3044 suppli·

226 3053 331 3099 cations
348 3054 375 3096 et
391 3051 405 3096 1
423 3063 465 3096 ses
485 3049 585 3109 prienes
605 3049 642 3094 lcs
663 3048 733 3094 retus
755 3051 783 3094 et
800 3047 839 3094 les
855 3046 1010 3093 anathemes
1029 3046 1062 3091 de
1088 3043 1174 3092 l'exile
1195 3046 1228 3090 dc

226 3113 320 3174 Jcrsey
339 3112 383 3173 qui
402 3112 469 3157 tient
485 3111 564 3156 tetea
584 3109 716 3170 l'Empire,
737 3123 770 3155 au
786 3123 848 3155 nom
870 3109 903 3154 dc
922 3108 947 3154 la
962 3108 1062 3168 justice
1078 3106 1227 3154 eterneue:

227 3193 239 3218 a
253 3175 284 3222 Je
297 3188 366 3220 veux
378 3176 463 3219 rester
475 3172 598 3232 proserit,
613 3172 723 3218 voulant
740 3174 825 3217 rester
841 3169 970 3217 debunt...
990 3169 1025 3216 Et
1037 3166 1076 3215 s'il
1089 3166 1147 3215 n'en
1158 3171 1228 3214 reste

227 3235 316 3296 qu'un.
328 3236 355 3296 jc
368 3235 435 3281 serai
451 3233 558 3279 celui-td
571 3251 582 3274 r
594 3231 779 3292 (Chatiments,
795 3232 893 3277 Ultima
912 3230 1003 3288 verba,
1018 3227 1080 3292 etc.)
1093 3252 1123 3264 -
1132 3229 1227 3290 Opes.

228 3297 263 3344 La
278 3297 422 3356 relegation
436 3293 606 3342 n'entratnait
618 3309 665 3354 pas
678 3294 702 3340 la
716 3296 791 3353 perte
804 3294 850 3339 des
859 3292 944 3338 druits
955 3291 1040 3349 civils,
1058 3291 1085 3338 ni
1103 3290 1228 3337 meme'la

227 3358 414 3413 confiscation;
426 3357 492 3403 mais
505 3356 673 3416 quelqucfois
682 3370 716 3402 on
728 3354 840 3416 ajoutait
850 3354 865 3400 d
875 3354 900 3400 la
911 3353 1056 3412 relegation
1064 3343 1239 3414 perpe'tuellc'

228 3434 278 3465 une
292 3418 465 3465 confiscation
480 3417 610 3478 partielle.
624 3443 655 3451 —
665 3415 792 3466 Judice.
804 3414 831 3462 Si
844 3415 868 3460 la
877 3415 1021 3475 relc‘gation
1035 3414 1101 3460 etait
1111 3428 1229 3474 pronun-

227 3480 273 3527 ce'e
286 3481 352 3527 dans
364 3495 399 3526 un
408 3477 713 3549 judiciumpublieum,
723 3477 748 3524 la
763 3477 969 3545 condamnation
989 3476 1056 3523 etait
1072 3475 1228 3522 infamante.

227 3567 257 3577 -
269 3541 343 3602 Ipse
355 3543 442 3591 tuas.
454 3539 538 3588 Ovrde
550 3540 658 3600 indique
678 3539 811 3585 lui-meme
825 3537 928 3598 (Trist,
943 3538 976 3596 11,
999 3537 1022 3596 1)
1040 3538 1110 3584 deux
1133 3551 1228 3584 causes

228 3603 261 3650 de
271 3617 319 3650 son
331 3604 382 3650 exit
397 3617 402 3650 ε
416 3601 518 3649 crimen
531 3599 612 3661 (t’Art
625 3599 753 3660 d'aimer)‚
768 3600 793 3646 et
806 3613 885 3645 error
897 3598 963 3660 (Cur
974 3597 1081 3661 aliquid
1093 3597 1167 3646 vidi?
1178 3599 1228 3644 dit-

228 3665 387 3788 ii'iiffleurtsi
407 3663 426 3710 il
445 3663 485 3709 tut
507 3664 643 3723 peut-etrc
668 3661 767 3708 temoin
785 3661 833 3707 des
854 3660 995 3708 desordres
1016 3661 1049 3707 de
1072 3660 1151 3720 Julie,
1176 3659 1228 3705 fille

281 3741 347 3787 ugus
361 3740 375 3772 e
389 3761 394 3774 .

650 3854 808 3905 *288-

33 4073 249 4196 A
