2658 4244
289 194 368 250 102.
389 197 447 252 Un
465 208 658 264 empereur
677 195 951 265 grammairien.

315 288 363 354 (De
377 289 536 354 imperatore
547 290 737 355 grammaticae
750 291 803 339 arti
815 290 925 352 dedito.)

158 403 306 464 Claudius
320 426 415 464 novas
431 405 602 464 litterarum
627 407 741 465 formas
763 406 883 466 addidit
906 405 1117 486 vulgavitque,
1135 405 1175 468 3⁹

115 503 297 581 comperto*
312 523 441 581 graecam
461 524 585 582 quoque
599 503 801 562 litteraturam
812 505 824 527 *
840 523 903 561 non
925 503 1016 561 simul
1036 523 1120 582 coep·

114 606 177 658 tam
195 599 440 678 absolutamque.
459 599 552 658 Primi
567 620 623 680 per
637 600 771 679 figuras*
790 600 966 658 animalium
981 599 1119 678 AEgyptii

114 716 224 754 sensus
239 697 351 755 mentis
366 697 553 775 effingebant
566 734 604 741 -
627 719 662 756 ea
684 697 897 777 antiquissima
919 704 1117 756 monumenta

114 794 272 851 memoriae
288 793 429 852 humanae
443 795 590 873 impressa
604 795 707 853 saxis*
719 800 937 853 cernuntur-
950 803 981 854 et
1002 793 1119 851 littera-

114 893 205 948 rum*
221 898 317 948 semet
336 890 514 949 inventores
534 891 712 970 perhibent;
737 890 808 949 inde
833 891 1029 965 Phoenicas*,
1047 889 1119 970 quia

114 987 191 1045 mari
205 987 436 1066 praepollebant,
455 988 594 1047 intulisse
620 987 760 1058 Graeciae,
779 987 969 1066 gloriamque
991 986 1119 1066 adeptos

113 1091 275 1162 tamquam
302 1085 495 1164 reppererint
519 1106 585 1164 quae
608 1093 804 1164 acceperant.
830 1085 950 1164 Quippe
970 1086 1052 1143 fama
1074 1090 1120 1142 est

115 1181 281 1250 Cadmum,
301 1180 397 1242 classe
415 1180 597 1240 Phoenicum
613 1189 748 1253 vectum,
769 1181 898 1241 rudibus
917 1180 1017 1240 adhuc
1035 1180 1120 1240 Grae-

113 1298 223 1336 corum
242 1278 363 1356 populis
379 1279 453 1337 artis
469 1279 535 1357 ejus
550 1285 708 1338 auctorem
725 1279 830 1339 luisse.
856 1278 985 1345 Quidam
1009 1278 1121 1337 Cecro-

113 1395 185 1453 pem
211 1375 430 1446 atheniensem,
452 1375 501 1432 vel
529 1376 639 1433 Linum
668 1375 847 1446 thebanum,
878 1382 909 1434 et
929 1375 1120 1454 temporibus

112 1471 247 1550 trojanis
275 1471 469 1530 Palamedem
492 1472 629 1549 argivum
653 1481 826 1531 memorant
847 1473 979 1531 sedecim
1003 1472 1121 1530 littera-

114 1589 185 1627 rum
199 1570 326 1641 formas,
344 1589 414 1627 mox
435 1569 522 1639 alios,
544 1590 579 1627 ac
595 1569 785 1648 praecipuum
802 1568 989 1627 Simonidem
999 1570 1021 1640 *,
1038 1577 1121 1627 cete-

112 1686 164 1723 ras
175 1667 358 1744 repperisse.
371 1668 413 1723 At
423 1666 453 1724 in
470 1666 556 1724 ltalia
568 1667 688 1723 Etrusci
704 1667 741 1724 ab
755 1665 909 1724 corinthio
923 1666 1087 1724 Demarato
1096 1666 1118 1738 *,

113 1762 308 1838 Aborigenes
317 1763 328 1786 *
337 1763 445 1820 arcade
456 1762 494 1820 ab
510 1763 653 1820 Evandro
664 1761 855 1832 didicerunt;
870 1770 900 1820 et
912 1763 1028 1821 formae
1041 1762 1121 1820 litte·

112 1859 155 1916 ris
180 1859 284 1916 latinis
304 1879 372 1938 quae
393 1860 565 1917 veterrimis
589 1881 776 1935 graecorum.
807 1859 866 1917 Sed
892 1860 980 1918 nobis
998 1880 1121 1939 quoque

113 1959 244 2035 paucae*
259 1957 392 2035 primum
407 1956 508 2028 luere;
526 1956 636 2013 deinde
652 1956 764 2014 additae
785 1963 867 2016 sunt.
891 1956 958 2022 Quo
981 1956 1121 2035 exemplo

115 2053 269 2112 Claudius
286 2054 371 2111 tres*
386 2053 504 2111 litteras
518 2052 640 2132 adjecit,
659 2074 727 2132 quae
744 2053 811 2111 usui
823 2054 844 2125 *,
862 2053 1057 2132 imperitante
1073 2074 1119 2124 eo,

113 2150 383 2229 postobliteratae,
398 2149 612 2229 adspiciuntur
631 2150 721 2207 etiam
746 2171 827 2208 nunc
846 2151 876 2208 in
896 2153 974 2209 aere*
999 2151 1123 2231 publico

116 2268 173 2326 per
193 2248 256 2305 lora
273 2267 308 2306 ac
322 2247 437 2327 templa
449 2247 521 2307 lixo.

144 2414 189 2464 N⁰
204 2414 268 2463 102
281 2428 286 2460 ε
299 2414 479 2477 Comperto.
494 2413 620 2475 L'emploi
636 2415 668 2461 de
685 2413 799 2461 l‘ablatis
813 2415 906 2462 absolu
921 2419 961 2462 est
974 2416 1029 2462 tres
1046 2415 1122 2461 hardi

113 2477 180 2523 chez
193 2475 285 2523 Tacite
300 2491 305 2523 :
323 2475 388 2523 c'est
401 2478 489 2523 tantot
505 2491 538 2522 un
556 2477 674 2536 adjectis,
691 2478 778 2524 tantdt
792 2492 826 2523 un
842 2477 969 2529 adverbe,
984 2477 1071 2524 tantot
1088 2491 1123 2522 un

112 2538 280 2599 participet
300 2552 361 2584 sens
380 2538 568 2598 impersonnel,
589 2539 678 2584 tantot
698 2553 732 2584 un
750 2539 864 2597 adjectis
884 2553 918 2586 ou
938 2554 972 2585 un
992 2539 1124 2599 participe

113 2604 219 2646 neutre.
253 2623 283 2634 -
313 2599 567 2656 Litteraturam,
599 2599 745 2660 l'alphahet
776 2614 845 2660 grec,
879 2614 982 2647 comme
1007 2599 1029 2646 le
1057 2599 1123 2646 latin

113 2660 258 2770 (quoque).
280 2687 309 2695 -
328 2660 481 2722 Figurae,
498 2661 536 2707 les
554 2661 754 2730 hieroglyphes
770 2688 799 2696 -
817 2661 917 2711 Saxis
936 2677 940 2709 :
959 2661 1123 2723 pyramides,

113 2738 131 2769 o
153 2722 280 2784 tlisques,
294 2722 448 2769 tombeaux.
467 2749 496 2756 -
513 2721 724 2779 Litterarum,
740 2723 892 2783 lalphabet,
909 2722 1041 2770 l'e'crr'ture
1056 2723 1125 2783 pho-

113 2784 236 2845 nttique.
256 2811 287 2818 -
300 2784 492 2833 Phoenicas.
507 2784 573 2830 Voir
586 2785 611 2830 la
627 2789 738 2832 savante
754 2785 834 2831 e'tude
851 2786 884 2831 de
906 2786 1067 2832 Lenornrant
1080 2799 1126 2830 sur

112 2847 140 2893 la
158 2844 344 2916 Propapation
362 2845 394 2892 de
413 2843 556 2907 l’alplraliet
571 2845 715 2907 plre'rricien
733 2845 841 2908 lSaglio,
858 2846 927 2895 Diet.
947 2847 992 2894 des
1010 2845 1123 2908 Antia).

114 2909 167 2954 Les
181 2907 278 2954 dotans
291 2922 337 2953 sur
353 2907 468 2954 Cadmus
482 2911 508 2953 et
527 2906 651 2967 Cecrops,
671 2908 751 2954 Linus
769 2912 796 2954 et
813 2907 953 2955 Palamede
972 2912 1032 2956 sont
1049 2923 1126 2968 pure-

113 2973 192 3017 ment
211 2969 384 3029 legendaires.
398 2968 638 3018 -Simonidem
657 2983 661 3015 :
682 2968 746 3016 c'est
759 2970 782 3016 le
800 2971 878 3030 poete
893 2971 995 3032 lyrique
1013 2973 1125 3029 (soe-469

112 3037 287 3099 avanti-C.)
300 3037 345 3099 qui
361 3039 449 3086 aurait
465 3038 555 3100 ajoute
569 3038 738 3100 al'alphabet
755 3040 792 3087 les
806 3040 898 3088 lettres
911 3054 931 3083 ω
949 3035 973 3101 ψ
989 3054 1021 3096 ,η.
1035 3043 1126 3086 Avant

113 3110 162 3166 lui,
181 3107 328 3169 l'alphabet
345 3109 462 3170 primitis
476 3108 564 3156 s'etait
575 3124 654 3156 accru
668 3111 718 3157 de:
734 3103 755 3164 ξ,
770 3123 791 3165 υ,
808 3122 834 3170 φ,
848 3124 874 3172 χ.
889 3138 918 3146 -
934 3111 1124 3160 Demarato.

113 3170 192 3218 Exile
206 3170 360 3217 Corinthien
379 3171 422 3232 qui
436 3171 494 3219 rint
506 3170 556 3218 l'an
574 3175 617 3218 658
630 3176 712 3218 arant
723 3172 792 3219 J.-C.
803 3171 921 3219 s'dtablir
933 3174 947 3220 tl
958 3172 1125 3234 Tarquinies,

112 3247 149 3280 en
167 3232 283 3289 Etrurie,
298 3233 333 3278 οὺ
346 3232 363 3278 il
381 3236 426 3279 ent
443 3248 478 3279 un
496 3233 537 3279 fils
550 3233 594 3294 qui
608 3233 687 3294 regna
700 3235 714 3280 a
726 3235 809 3280 Rome
825 3249 887 3281 sous
901 3235 924 3280 le
937 3249 998 3280 nom
1012 3235 1044 3280 de
1060 3235 1126 3281 Tar-

112 3295 183 3402 quin
196 3291 316 3340 l'ancien.
328 3319 357 3328 -
380 3293 585 3355 Aborigenes
596 3295 638 3354 (dc
653 3295 695 3353 ab,
712 3295 829 3358 oriqine)
843 3311 848 3343 :
862 3297 970 3343 anciens
988 3297 1126 3343 habitants

135 3371 153 3402 u
172 3358 264 3402 centre
285 3356 317 3402 de
337 3353 440 3404 l'ltalie.
454 3383 483 3390 -
496 3357 629 3405 Paucae
646 3371 651 3402 ε
666 3357 733 3403 seize
745 3358 846 3416 lettres,
859 3359 893 3404 oti
909 3373 941 3404 ne
953 3359 1064 3418 figurent
1077 3373 1127 3418 pas

113 3418 140 3464 le
154 3432 183 3480 q,
199 3416 222 3462 le
234 3432 262 3480 9,
274 3416 299 3462 le
308 3416 333 3478 j,
345 3415 383 3478 l'f,
402 3415 436 3464 l'a
453 3421 480 3464 et
500 3419 523 3464 le
541 3433 564 3464 z.
584 3417 630 3464 L'a
642 3434 674 3464 ne
688 3423 809 3466 remonte
819 3435 867 3480 pas
880 3435 912 3467 au
927 3421 984 3466 dela
998 3422 1032 3465 du
1046 3420 1128 3480 regne

112 3477 276 3538 d'Auguste.
285 3479 404 3528 -Tres
417 3494 422 3526 :
434 3480 458 3526 le
472 3479 605 3542 diqamma
619 3480 667 3540 (p),
682 3496 751 3541 pour
763 3481 910 3541 distinguer
921 3498 936 3528 u
948 3482 1052 3542 royelle
1064 3484 1096 3526 de
1110 3497 1127 3527 u

113 3546 453 3612 consonne31‘antisi9ma
475 3550 504 3612 (0
520 3569 551 3591 =
567 3543 610 3610 l);
633 3551 657 3597 le
676 3551 750 3611 signe
771 3553 798 3610 F,
820 3552 923 3598 destini·
948 3553 961 3598 a
986 3551 1083 3610 fignrer
1103 3551 1125 3596 le
1224 3579 1230 3585 -

112 3625 167 3658 son
182 3609 380 3658 intermediaire
394 3614 468 3658 entre
481 3613 505 3658 le
518 3626 566 3658 son
583 3626 598 3658 u
618 3616 645 3658 et
659 3613 683 3659 le
698 3628 745 3659 son
767 3612 783 3662 i.
797 3639 826 3647 -
839 3613 929 3668 Usui,
944 3628 1008 3659 arec
1024 3614 1048 3659 le
1065 3627 1130 3660 sens

112 3673 151 3719 de
166 3671 197 3718 in
216 3685 273 3729 usu,
291 3675 386 3719 estun
404 3675 522 3734 example
540 3673 648 3733 unique.
667 3701 696 3708 —
709 3673 795 3724 Aere
807 3674 949 3736 publico,
967 3689 996 3720 ce
1012 3678 1074 3722 sont
1089 3675 1130 3720 les

112 3734 280 3780 documents
299 3734 419 3794 officials,
440 3736 490 3782 lois
505 3738 532 3782 et
549 3735 655 3783 deerets
673 3737 782 3783 affiches
795 3736 998 3798 publiquement
1015 3750 1060 3781 sur
1079 3736 1127 3781 des

112 3794 210 3842 tables
222 3792 339 3842 d’airain.

543 3941 704 3993 -103-
