2730 4234
301 194 386 252 400.
400 153 549 266 Origine
565 196 609 252 de
625 194 898 274 l'naruspiclne⁶

358 293 484 358 (Orditur
496 295 684 360 haruspicinae
702 295 864 359 disciplina.)

139 399 255 478 'l'ages'
268 387 393 482 quidam
408 402 523 462 dicitur
535 404 566 462 in
579 425 652 481 agro
669 403 915 484 Tarquiniensi*,
931 423 1001 484 cum
1023 410 1102 472 terra
1118 403 1180 479 45,

97 505 240 557 araretur
256 506 287 558 et
301 502 404 558 sulcus
419 499 510 559 altius
523 509 604 560 esset
618 502 794 580 impressus,
808 501 962 560 exstitisse
977 506 1103 579 repente
1126 569 1129 578 ο

98 600 132 652 et
157 615 232 654 eum
258 596 462 655 affatusesse
491 591 544 677 qui
569 597 686 657 arabat.
712 599 740 656 ls
769 607 871 656 autem
897 599 1005 676 Tegee,
1023 597 1123 674 utin!

99 690 213 750 libris*
231 699 279 752 est
299 693 509 766 Etruscorum,
535 694 646 774 puerili
665 695 765 774 specie
789 695 904 754 dicitur
930 695 1024 765 61666,
1049 693 1102 752 sed
1122 714 1127 726 ·

97 786 190 847 senili
209 788 303 848 luisse
326 790 500 870 prudentia.
523 791 596 871 Ejus
624 790 771 872 adspectu
797 811 869 850 cum·
893 791 1104 869 obstupuisset
1184 853 1188 860 ,

99 883 252 945 bubulcus
278 887 503 967 clamoremque
529 889 676 968 majorem
691 909 761 947 curn
776 887 978 962 admiratione
991 886 1103 945 edidis-

97 988 159 1056 set,
174 1002 358 1043 concursum
380 1005 447 1043 esse
469 985 595 1058 lactum,
625 981 793 1064 totamque
808 984 892 1044 brevi
915 983 1057 1068 tempore
1070 983 1101 1040 in
1121 1029 1124 1034 .

917 1081 1005 1161 plura
1020 1081 1104 1150 locu·

83 1182 179 1256 «tum,
196 1176 302 1236 multis
317 1177 528 1252 audientibus,
540 1180 593 1257 qui
615 1179 717 1237 omnia
732 1178 799 1258 ejus
816 1179 909 1238 verba
926 1177 1103 1256 exceperint
1121 1245 1123 1252 Α

99 1271 274 1354 litterisque
302 1274 534 1362 mandaverint3
563 1279 768 1355 omnemque*
796 1282 899 1335 autem
932 1274 1102 1333 orationem

99 1365 196 1429 luisse
211 1391 289 1441 eam,
309 1393 369 1451 qua
387 1372 591 1452 haruspicinae
607 1372 767 1451 disciplina
789 1373 1000 1431 contineretur
1011 1396 1018 1441 ;
1036 1390 1102 1428 eam
1122 1421 1123 1424 ,

100 1474 209 1546 postea
223 1470 355 1527 crevisse
371 1470 461 1529 rebus
473 1469 561 1527 novis
579 1469 800 1548 cognoscendis
816 1477 846 1527 et
861 1469 899 1528 ad
924 1468 1037 1541 eademi
1051 1466 1103 1526 illa

100 1563 251 1644 principia
268 1566 446 1625 referendis.
464 1567 539 1625 Haec
552 1566 725 1645 accepimus
740 1566 777 1624 ab
792 1566 894 1644 ipsis‘‚
911 1566 976 1624 haec
989 1552 1103 1643 scripta
1120 1605 1125 1640 p

98 1669 296 1735 conservant,
323 1663 404 1722 hunc
426 1663 542 1721 iontem
569 1663 683 1722 habent
710 1663 891 1742 disciplinae.
924 1663 1007 1720 Num
1029 1680 1103 1737 ergo

98 1779 179 1838 opus
205 1766 252 1818 est
280 1759 317 1818 ad
347 1760 412 1817 haec
440 1759 605 1818 refellenda
635 1760 816 1819 Carneade?
842 1779 915 1817 num
947 1757 1103 1837 Epicuro?

101 1856 196 1914 Estne
206 1856 368 1936 quisquam
382 1856 423 1914 ita
436 1856 600 1936 desipiens
618 1858 670 1936 qui
692 1858 797 1916 credat
822 1863 978 1924 exaratum
1003 1874 1069 1912 esse
1078 1857 1100 1928 *‚

98 1953 193 2012 deum
206 1957 218 1980 *
233 1953 332 2012 dicam
347 1974 385 2012 66
400 1953 576 2013 hominem?
591 1955 623 2012 Si
639 1953 730 2013 deum
739 1956 761 2026 *,
777 1974 876 2013 curse
890 1959 997 2012 contra
1012 1959 1104 2011 natu·
1119 1999 1122 2012 .

100 2071 166 2108 ram
182 2050 214 2108 in
231 2050 526 2123 terram'abdiderat‚
542 2058 576 2109 ut
590 2051 760 2130 patefactus
772 2057 874 2110 aratro
888 2050 988 2110 lucem
1001 2047 1103 2127 adspi-

99 2147 211 2206 ceret'l
227 2147 329 2214 Quid?
343 2147 423 2205 idem
438 2168 540 2206 nonne
555 2155 676 2227 poterut
686 2149 761 2206 deus
780 2147 956 2206 bominibus
969 2145 1103 2224 discipli-

101 2265 173 2303 nam
190 2244 371 2323 superiore*
386 2244 453 2302 loco
471 2233 613 2304 tradere?
636 2244 668 2312 Si
692 2253 794 2304 autem
817 2243 910 2302 homo
931 2243 982 2301 ille
1001 2232 1103 2319 'Tages

101 2342 172 2412 suit,
187 2361 321 2421 quonam
343 2340 435 2399 modo
459 2340 561 2420 potuit
586 2348 665 2399 terra
687 2361 852 2420 oppressus
878 2340 1005 2398 vivere?
1021 2337 1103 2396 unde

100 2458 193 2518 porro
204 2439 216 2463 *
230 2437 281 2496 illa
296 2437 408 2517 potuit,
421 2457 489 2516 quae
504 2437 635 2496 docebat
648 2437 735 2508 alios,
754 2438 819 2515 ipse
829 2436 999 2495 didicisse?

131 2537 173 2586 Νο
185 2535 271 2586 400:
292 2537 408 2597 Tages.
427 2534 466 2582 Cf.
486 2533 580 2591 Ovide‚
601 2533 714 2590 Metam,
729 2532 787 2587 XV,
807 2535 866 2585 ab&
884 2528 1054 2582 Censorinus,
1072 2526 1104 2573 de

102 2599 149 2646 Dic
165 2596 257 2656 natali,
274 2597 318 2644 lV.
333 2597 382 2644 Les
394 2597 540 2656 Etrusques
555 2595 694 2656 croyaient
709 2607 760 2654 que
779 2593 803 2639 la
822 2593 925 2639 science
945 2588 1105 2636 divinatoire

100 2661 168 2708 ctuit
183 2660 231 2707 nce
243 2659 306 2708 ohez
320 2673 378 2716 eux,
397 2659 444 2705 des
461 2656 595 2704 entraillcs
617 2657 652 2702 du
669 2656 709 2703 sol
720 2653 881 2717 (constitisse),
895 2653 927 2698 de
947 2654 1017 2698 cette
1035 2653 1105 2696 terre

14 2773 15 2778 ,
99 2721 257 2784 qn'Arnobe
281 2720 384 2782 appelle
411 2739 421 2762 n
438 2719 462 2766 la
481 2719 553 2766 mbre
579 2719 625 2764 des
649 2717 837 2778 superstitione
855 2735 875 2762 n.
894 2713 973 2760 Aussi
998 2725 1030 2758 cn
1049 2725 1107 2771 gar-

14 2805 15 2814 *
100 2783 239 2832 daicnt-ils
258 2782 282 2829 le
301 2784 388 2829 secret
405 2795 470 2828 avec
489 2795 524 2826 un
546 2780 604 2827 soin
620 2779 712 2840 jaloux
732 2779 826 2840 depuis
857 2791 889 2823 ue
907 2777 929 2822 16
942 2773 1118 2834 mysterieun

14 2899 16 2902 ,
101 2846 188 2907 Tages
201 2844 291 2892 l'avait
302 2843 390 2890 ro'vele
404 2858 456 2888 aux
467 2843 614 2888 lucumons.
628 2841 751 2902 Groupes
765 2841 831 2886 (1666
838 2794 903 2885 iour
917 2851 984 2898 pays
999 2849 1031 2882 en
1045 2848 1117 2880 666-1

102 2907 241 2969 porations
258 2921 293 2953 ou
310 2906 404 2962 666166,
421 2905 459 2952 166
475 2904 631 2964 haruspices
649 2903 797 2950 etudiaient
816 2902 854 2949 les
877 2900 956 2945 livres
971 2898 1004 2944 de
1020 2895 1117 2956 Tages.

14 3003 15 3026 3
103 2967 237 3030 (Tapetici
251 2966 335 3028 libri),
347 2971 374 3014 ct
384 2966 535 3023 exercaient
548 2965 606 3011 leur
618 2967 667 3022 art,
675 2978 778 3010 comme
792 2978 844 3010 une
861 2960 991 3008 industrie
1005 2957 1105 3020 privile,
1204 2959 1208 2969 ’

14 3027 16 3038 '
101 3032 170 3078 dans
183 3031 220 3076 les
244 3044 311 3091 pays
331 3027 488 3086 dalentour,
504 3027 537 3073 ob
555 3041 589 3072 on
615 3027 653 3072 les
670 3025 788 3086 appelait
810 3039 878 3086 pour
901 3022 939 3069 les
960 3019 1115 3084 consulter„

14 3125 15 3134 1
103 3119 132 3126 —
156 3090 397 3152 Tarquiniensi.
424 3087 581 3150 Tarquinies
606 3087 672 3134 etait
700 3101 752 3133 une
778 3087 825 3133 des
846 3085 958 3147 grandes
977 3082 1053 3128 villes
1072 3080 1106 3126 de

103 3153 225 3201 (Etruric
241 3151 417 3214 (aujourd'hui
440 3150 564 3209 Corneto,
589 3149 623 3196 ob
647 3145 699 3195 l'on
724 3147 904 3195 adecouvert
927 3146 973 3192 des
1001 3142 1106 3212 tombes

102 3215 176 3262 (11666
196 3229 243 3262 ues
260 3215 282 3262 61
297 3215 439 3261 curicuses.
454 3212 525 3258 Voir.
535 3211 651 3258 Boissier
673 3209 851 3258 Promcuades
864 3207 1015 3266 arche'olepr
1040 3203 1119 3264 666).Ἰ

103 3303 130 3311 κ
154 3230 275 3326 Libris.
294 3275 334 3322 On
354 3275 392 3321 lcs
407 3273 568 3320 subdivisait
580 3287 612 3319 66
626 3286 632 3320 z
650 3247 715 3318 libri
726 3270 837 3340 rituales
846 3269 902 3332 (sur
916 3269 940 3316 le
957 3219 1084 3336 tempium
1099 3300 1105 3323 ,

104 3337 171 3385 libri
179 3337 332 3401 l'ulpurales
340 3338 397 3398 (sur
406 3337 444 3382 les
454 3333 582 3396 soudres)‚
593 3333 658 3381 libri
668 3330 942 3395 haruspicinilsurles
951 3327 1085 3376 entrailles
1098 3362 1106 3385 ,

103 3399 251 3447 ostentaria
278 3399 333 3460 (sur
358 3399 397 3444 les
424 3396 567 3459 prodiges).
591 3421 622 3430 —
646 3395 742 3444 Illum
759 3393 888 3456 (Tagem).
917 3419 946 3426 -
964 3391 1105 3438 Omnem.

104 3461 216 3508 Ciceron
233 3463 296 3508 veut
307 3461 363 3507 dire
376 3474 428 3520 que
443 3459 481 3506 les
492 3458 597 3520 paroles
614 3458 646 3504 de
664 3456 749 3517 Tages
767 3455 883 3502 forment
902 3454 925 3500 le
941 3452 1019 3499 londs
1034 3451 1066 3496 de
1082 3449 1106 3496 16

14 3523 16 3580 ξ
104 3524 209 3569 6616666
233 3523 265 3569 (16
287 3521 483 3582 l'haruspicine.
507 3545 537 3554 -
552 3517 647 3581 Ipsis,
669 3517 832 3566 c'cst-a-dire
860 3513 1056 3576 haruspicibus.
1078 3535 1109 3546 -

103 3583 290 3634 Exabatum
308 3597 390 3632 esse.
414 3583 472 3644 llpy
494 3596 508 3628 6
529 3595 563 3627 66
576 3582 647 3629 arcet
661 3581 693 3627 de
709 3579 734 3626 la
757 3579 853 3641 phrase
871 3577 949 3638 apres
965 3589 1009 3622 ces
1027 3576 1107 3620 mots.

14 3653 15 3662 ¹
105 3645 216 3692 (1166666
239 3661 271 3691 66
290 3647 342 3692 6611
359 3659 407 3705 pas
422 3644 483 3705 quel
498 3646 554 3693 nior
567 3643 656 3692 (deum
675 3657 709 3689 ou
730 3639 873 3702 hominem)
893 3639 911 3686 il
927 3638 985 3684 doit
1005 3637 1109 3705 donner

104 3722 208 3754 commo
228 3707 299 3754 su'cl
311 3708 325 3752 al
339 3720 367 3753 sa
378 3705 545 3767 proposition
559 3703 698 3751 infinitive.
713 3731 743 3738 -
757 3703 870 3760 Deum,
888 3703 979 3749 6.-661.
996 3698 1106 3769 duceris.

105 3794 135 3804 —
152 3769 237 3832 Supe
272 3781 334 3827 ore,
351 3769 387 3814 du
409 3768 474 3813 haut
490 3767 525 3813 du
539 3767 597 3823 6161,
612 3780 662 3827 par
674 3764 802 3826 exemple,
817 3766 844 3810 et
855 3777 907 3811 non
920 3763 956 3810 du
969 3760 1033 3807 fond
1046 3759 1108 3804 dun

105 3831 192 3879 sillon.
211 3857 240 3866 ·-
253 3831 353 3880 Porro
367 3844 373 3878 :
387 3829 509 3876 nouvelle
522 3827 721 3888 impossibilile.

528 3939 685 3991 ..403-
