2696 4244
270 151 350 208 139.
368 154 524 210 Seoours
537 151 766 222 mysterieux
782 151 922 222 envoye
939 149 1196 210 econstantin

566 261 694 315 contre
708 260 899 316 Maxence.

228 377 229 382 ’
278 371 398 435 (Caetcste
409 371 542 420 auxilium
554 372 731 421 Constantino
742 373 871 422 adversus
880 371 1045 421 Maxentium
1056 369 1186 432 missum.)

169 523 230 585 ‘3³'
272 523 308 582 ln
327 524 401 582 ore*
428 530 475 582 est
496 523 633 582 omnium
661 523 830 584 Galliarum
849 523 1000 582 exercitus
1022 523 1104 580 visos
1128 521 1179 600 qui
1203 541 1236 578 se

232 621 381 678 divinitus
395 620 503 678 missos
516 641 579 700 prae
594 641 625 694 se
638 621 788 680 serebant.
807 621 846 680 Et
861 621 1001 700 quamvis
1024 619 1155 678 caelestia
1176 618 1236 676 sub

233 717 338 776 oculos
354 716 513 775 hominum
529 718 633 776 venire
646 737 708 776 non
731 718 860 788 soleant,
883 717 925 775 ibi
946 725 1049 775 tamen
1075 715 1238 774 auxiliato-

234 834 281 873 res
300 814 345 872 tui
366 799 482 892 adspici
504 814 665 894 audirique
685 815 849 894 patientes,
876 814 928 873 ubi
955 814 1121 872 meritum*
1147 820 1238 870 tuum

233 911 388 970 testificati
403 919 485 981 sunt,
502 911 640 970 mortalis
664 912 749 970 visus
771 912 947 990 contagium
969 911 1158 988 refugerunt.
1176 909 1240 966 Sed
1337 927 1338 934 ¹

228 1028 375 1088 ,quaenam
393 1008 444 1067 illa
459 1008 551 1066 fuisse
567 1008 680 1068 dicitur
703 1009 841 1088 species?
865 1009 917 1088 qui
942 1009 1032 1086 vigor
1050 1007 1240 1086 corporum?

227 1125 302 1186 ‚quae
316 1105 488 1184 amplitudo
512 1106 743 1174 membrorum?
759 1127 828 1186 quae
855 1106 996 1165 alacritas
1018 1105 1242 1164 voluntatum?

235 1203 258 1260 F
260 1202 420 1281 lagrabant
435 1204 604 1261 verendum
628 1204 731 1263 nescio
753 1204 846 1283 quid*
864 1203 1036 1262 umbones*
1051 1201 1181 1273 corusci,
1209 1209 1243 1260 et

234 1300 402 1360 caelestium
419 1320 573 1358 armorum
585 1301 637 1360 lux
647 1301 794 1360 terribilis
805 1301 950 1373 ardebat;
965 1300 1041 1359 tales
1057 1299 1137 1358 enim
1146 1318 1243 1358 vene·
1337 1309 1338 1376 J

233 1404 304 1456 rant
318 1404 353 1456 ut
376 1397 421 1456 tui
441 1397 650 1458 crederentur.
677 1399 753 1457 Haec
771 1399 907 1478 ipsorum
930 1395 1243 1466 sermocinatione:
1337 1391 1338 1442 l

234 1495 315 1554 inter
327 1494 486 1553 audientes
499 1495 641 1554 serebant
660 1515 667 1556 :
684 1520 698 1549 a
711 1494 948 1568 Constantinum
971 1495 1119 1573 petimus;
1131 1491 1244 1560 9Cons-
1337 1491 1338 1546 ξ

235 1593 357 1651 tantine
372 1591 451 1651 imus
466 1591 580 1650 auxilio
603 1617 629 1650 o.
649 1591 772 1650 Habent
792 1592 932 1672 prolecto
948 1592 1039 1650 etiam
1058 1590 1163 1662 divina
1174 1589 1245 1668 jae·
1337 1645 1338 1674 3

235 1689 375 1760 tantiam,
390 1696 421 1746 et
435 1688 569 1747 caelestia
585 1710 707 1768 quoque
717 1689 817 1766 tangit
834 1688 972 1748 ambitio.
992 1687 1040 1746 llli
1055 1687 1131 1746 caelo
1147 1686 1241 1764 lapsi,

228 1786 280 1858 ,illi
308 1785 456 1843 divinitus
487 1786 573 1843 missi
598 1785 810 1864 gloriabantur
838 1784 919 1866 quod
954 1785 1009 1844 tibi
1051 1782 1241 1853 militabant.
1337 1817 1338 1862 3

236 1882 452 1954 Ducebatbos,
467 1882 572 1956 eredo,
586 1882 786 1941 Constantius
794 1891 891 1962 pater,
905 1883 957 1964 qui
967 1892 1118 1941 terrarum
1134 1881 1246 1938 trium·
1337 1891 1338 1894 ’

237 1979 305 2059 phis
326 1979 427 2038 altiori
448 1979 504 2037 tibi
528 1988 671 2051 cesserat,
700 1980 773 2037 dum
795 1979 915 2040 divinas
940 1978 1153 2059 expeditiones
1176 1978 1246 2056 jam

235 2076 346 2136 divus*
363 2076 508 2153 agitabat.
526 2077 658 2154 Magnus
671 2076 720 2134 bic
735 2097 858 2157 quoqne
873 2077 997 2156 pictatis
1021 2084 1082 2134 tuae
1105 2075 1241 2147 fructus,
1337 2131 1338 2150 χ

229 2181 272 2252 ut
287 2173 428 2253 quamvis
443 2173 596 2253 particeps
614 2173 692 2242 caeli,
715 2173 896 2252 ampliorem
921 2193 952 2231 se
977 2173 1042 2230 fieri
1065 2173 1164 2250 gratia
1185 2178 1243 2230 tua
1337 2165 1338 2206 t

226 2270 377 2335 senserit.
394 2269 432 2327 Et
445 2269 534 2348 cujus
547 2290 675 2328 munera
687 2270 719 2327 in
738 2270 813 2328 alios
828 2269 956 2328 influere
967 2269 1033 2347 jam
1051 2274 1192 2348 possunt,
1212 2269 1247 2326 in
1337 2265 1338 2282 ¹

238 2387 308 2425 eum
323 2367 423 2446 ipsum
439 2374 491 2425 tua
509 2386 636 2424 munera
652 2366 876 2426 redundarunt.

268 2570 310 2619 N⁰
324 2569 387 2620 139
403 2585 408 2618 z
422 2571 459 2618 In
472 2581 534 2618 ore.
546 2570 583 2615 En
597 2573 650 2628 312,
664 2568 822 2616 Constantin
833 2569 948 2616 franchit
959 2570 982 2616 le
994 2572 1069 2616 mont
1083 2567 1161 2616 Cenis
1175 2581 1248 2614 avec
1337 2565 1338 2586 ¹

238 2637 324 2681 25.000
337 2633 457 2679 hommes
475 2631 507 2677 de
524 2632 626 2677 vieilles
639 2635 750 2692 troupes
766 2634 792 2677 et
809 2632 855 2677 des
871 2631 1022 2678 auxiliaircs
1033 2630 1162 2678 barbares
1194 2643 1250 2676 our

238 2695 360 2742 marcher
383 2697 476 2740 contre
501 2693 628 2739 Maxence
654 2691 717 2752 qu’il
738 2693 860 2762 vainquit
885 2707 917 2738 au
939 2696 1006 2754 pont
1028 2693 1145 2739 Milvius.
1173 2645 1249 2739 E'est

238 2757 358 2818 pendant
377 2759 448 2803 cotto
468 2769 613 2814 campapne
636 2755 775 2814 qu'curent
799 2755 850 2801 lieu
871 2754 1047 2801 l'eve'nement
1076 2754 1249 2801 miraculeux

238 2817 365 2880 rapportt
374 2819 408 2864 ici
422 2821 448 2864 ct
460 2815 629 2877 lapparition
643 2815 720 2861 d'une
731 2816 805 2862 croix
818 2816 965 2862 lumineuse
976 2816 1043 2862 dans
1055 2816 1094 2862 les
1103 2815 1165 2862 airs.
1178 2815 1250 2862 Voir
1337 2863 1338 2874 ἶ

240 2879 352 2938 Busche,
373 2879 417 2925 Vie
429 2879 460 2925 da
477 2877 644 2935 Constantin,
663 2880 690 2924 et
705 2877 729 2924 la
748 2878 920 2924 dissertation
938 2878 971 2923 de
991 2877 1087 2938 Duruy
1106 2877 1250 2939 dcesujet

240 2939 532 3002 (V11,36etsuiv.).-
546 2937 709 2988 Meritum.
728 2939 764 2985 Le
783 2939 953 3000 panegyrista
974 2939 1099 2999 anticipo.
1120 2937 1194 2986 C'cst
1215 2955 1250 2986 en

239 3007 293 3062 313,
306 3018 340 3049 un
354 3018 386 3050 an
400 3002 488 3064 apres,
503 3016 554 3062 que
567 3005 646 3061 parut
658 2999 731 3047 l¹e¹dit
743 3000 773 3046 de
785 3000 875 3058 Milan,
890 3001 924 3046 ou
935 3000 1094 3047 Constantin
1108 3001 1250 3061 proclame
1337 3017 1338 3020 ¹

239 3064 352 3124 l'tgalite
365 3066 398 3111 de
411 3069 473 3111 tous
485 3065 523 3110 les
536 3063 630 3121 cuites,
644 3082 655 3103 «
664 3063 688 3108 le
703 3062 763 3122 plus
776 3062 858 3122 grand
871 3065 931 3108 acte
943 3062 1073 3122 legislatif
1085 3076 1137 3122 que
1151 3077 1252 3110 souve-
1337 3075 1338 3096 1

239 3126 296 3172 rain
317 3127 354 3173 ait
375 3127 471 3187 jamais
496 3124 724 3186 p1·omulgue‚car
743 3123 787 3169 ila
807 3123 870 3170 fallu
890 3124 984 3182 quinzc
1006 3123 1100 3169 siecles
1113 3137 1186 3184 pour
1195 3139 1251 3185 que

239 3188 520 3239 l'humaniteentcndlt
534 3187 566 3232 de
578 3199 700 3232 nouveau
709 3200 744 3230 un
757 3185 840 3244 pareil
853 3186 962 3244 langage
974 3204 985 3226 υ
994 3183 1109 3245 (Duruy,
1123 3184 1186 3242 Vll,
1198 3187 1249 3250 61).

240 3276 268 3284 —
287 3248 405 3298 Nescio
448 3248 503 3298 uid
525 3249 609 3294 forme
621 3261 685 3293 avco
697 3246 844 3292 verendum
858 3259 909 3291 une
922 3245 1078 3306 expression
1090 3246 1252 3296 adverbiale
1337 3249 1338 3268 ¹

240 3312 285 3372 qui
303 3310 410 3358 modifie
421 3261 582 3373 llaprabant.
601 3335 631 3342 -
647 3307 817 3356 Umbones.
833 3307 926 3352 Palens
940 3308 967 3352 et
978 3306 1112 3353 chretiens
1130 3307 1252 3356 s'accor·

240 3373 334 3419 dorent
346 3374 361 3418 a
372 3373 432 3419 voir
442 3373 508 3418 dans
519 3372 543 3417 la
555 3370 667 3416 victoira
680 3369 713 3414 de
726 3367 885 3415 Constantin
900 3382 946 3414 sur
962 3367 1091 3414 Maxence
1102 3370 1130 3414 et
1141 3369 1212 3418 dans
1225 3373 1253 3419 la

239 3433 409 3495 pacification
423 3434 468 3495 qui
481 3433 565 3482 suivit
577 3446 628 3478 une
641 3429 821 3476 intervention
835 3430 932 3476 divine.
948 3427 1015 3475 Cbez
1029 3428 1054 3474 le
1071 3430 1254 3492 panegyrista
1337 3455 1338 3482 l

240 3498 327 3556 palen,
339 3494 404 3543 c’est
416 3497 440 3542 le
452 3495 520 3541 Dieu
534 3494 684 3559 Constance
696 3489 782 3551 (divus
795 3488 976 3562 Constantius)
986 3490 1031 3549 qui
1040 3490 1125 3550 dirige
1139 3489 1254 3543 Parmae
1337 3529 1338 3544 .

240 3558 273 3605 de
294 3573 342 3604 son
364 3558 406 3605 fils
423 3556 537 3610 (divinas
554 3552 746 3617 eapaditiones)
765 3565 770 3609 ;
789 3552 851 3598 cbez
867 3553 891 3598 le
911 3551 1030 3597 chretien
1049 3551 1189 3602 Lactunce
1208 3556 1255 3618 (de

240 3619 325 3666 Morte
341 3611 473 3680 persecut.
489 3619 527 3679 11)
546 3618 565 3664 il
582 3618 623 3663 est
643 3613 767 3675 question
785 3611 847 3684 d'un
871 3626 952 3673 songe
974 3611 1094 3682 pendant
1112 3613 1138 3661 le
1159 3618 1207 3666 uel
1229 3620 1256 3668 lo

239 3679 605 3790 {litteraturas
619 3674 862 3798 tltilqlttttt
875 3673 1113 3783 bilehilt&
1140 3630 1178 3725 ¹⁶
1209 3695 1256 3730 ⁵2⁸

343 3780 350 3802 ,·
364 3769 393 3777 ’“
516 3779 521 3790 ·
865 3771 871 3794 t
988 3771 992 3793 1
1107 3773 1112 3784 ·
