2696 4244
209 139 291 196 207.
312 139 367 194 En
380 137 514 192 saveur
525 136 591 191 des
606 128 794 203 plebeiens
809 131 870 200 qui
893 129 1061 200 aspirent
1082 143 1131 186 eu

581 221 761 278 consulat.

385 311 432 376 (Ne
445 310 479 359 sit
489 309 566 373 plebi
574 308 687 372 praecisa
705 322 764 370 spes
777 305 953 368 consulatus.)

207 411 356 470 Paeniteat
369 429 450 468 nunc
466 428 521 466 vos
538 406 657 486 plebei*
673 405 818 476 consulis,
834 425 903 462 cum
919 403 1052 484 majores
1071 402 1168 460 nostri
1185 393 1226 455 3θ

167 503 322 562 advenas*
340 522 426 581 reges
454 521 514 558 non
541 499 737 572 fastidierint,
764 506 804 567 et,
834 518 871 555 ne
899 497 1022 573 regibus
1044 494 1168 574 quidem

166 597 291 666 exactis
317 595 420 655 clausa
444 593 516 651 urbs
533 593 626 650 luerit
650 591 820 670 peregrina
839 589 970 647 virtuti?
988 588 1170 648 Claudiam*

166 696 249 749 certe
267 695 389 766 gentem
413 694 482 766 post
504 706 589 762 reges
607 693 731 743 exactos
753 705 789 742 ex
814 683 935 741 Sabinis
957 703 1019 741 non
1043 681 1075 741 in
1091 681 1169 740 civi-

165 789 259 848 tatem
276 781 368 839 modo
382 779 555 858 accepimus
567 777 619 835 sed
630 778 721 835 etiam
733 777 763 834 in
778 775 977 855 patriciorum
991 795 1164 835 numerum.

165 875 210 932 Ex
226 874 428 953 peregrinone
447 871 604 951 patricius,
624 869 733 928 deinde
747 869 854 926 consul
871 869 948 928 fiat?
963 869 1039 927 civis
1052 869 1168 930 Roma-

164 988 222 1025 nus
237 967 261 1025 si
279 967 319 1025 sit
334 987 371 1025 ex
392 964 492 1044 plebe,
517 963 643 1042 praecisa
660 962 838 1020 consulatus
862 981 931 1040 spes
955 963 1037 1020 erit?
1055 963 1166 1022 Utrum

163 1059 287 1118 tandem
304 1079 365 1116 non
379 1057 533 1116 credimus
550 1056 615 1114 fieri
631 1076 732 1134 posse,
748 1063 782 1113 ut
797 1055 844 1111 vir
856 1054 943 1112 fortis
959 1075 994 1113 ac
1009 1063 1164 1130 strenuus„

161 1172 237 1230 pace
253 1151 396 1230 belloque
419 1151 529 1221 bonus,
553 1169 589 1206 ex
609 1148 698 1228 plebe
714 1148 767 1220 sit,
785 1145 904 1218 Numae,
925 1149 958 1206 L.
984 1148 1163 1229 Tarquini0‚

162 1244 226 1304 Ser.
246 1244 347 1302 Tullio
363 1242 471 1302 similis
482 1243 496 1300 ἱ)
507 1243 596 1299 -At
611 1241 768 1299 enimvero
784 1260 874 1298 nenio
892 1248 961 1319 post
974 1261 1060 1318 reges
1078 1263 1166 1301 exac-

161 1343 209 1394 tos
233 1336 271 1395 de
298 1336 386 1418 plebe
414 1334 522 1395 consul
550 1334 621 1393 fuit.
647 1369 685 1377 -
710 1331 790 1399 Quid
816 1334 944 1412 postea?
963 1333 1095 1393 Nullane
1116 1356 1164 1394 res

160 1449 240 1487 nova
258 1429 378 1488 institui
403 1428 504 1498 debet,
522 1434 563 1498 et,
582 1427 666 1506 quod
691 1424 828 1483 nondum
851 1433 898 1483 est
920 1425 1034 1484 lactum
1055 1427 1164 1506 (multa

160 1521 241 1578 enim
269 1522 406 1580 nondum
425 1527 498 1579 sunt
523 1519 602 1578 facta
620 1519 652 1576 in
676 1538 757 1575 novo
779 1518 917 1597 populo),
934 1539 979 1590 ea,
1000 1539 1037 1578 ne
1054 1521 1080 1578 si
1105 1523 1164 1579 uli-

160 1615 220 1672 lia*
248 1614 371 1694 quidem
392 1621 475 1681 sunt,
504 1612 569 1670 fieri
599 1613 745 1690 oportet?
773 1610 969 1682 Pontifices*,
997 1633 1127 1690 augures
1138 1617 1161 1686 *‚

159 1707 294 1765 Romulo
309 1713 457 1783 regnante
482 1705 558 1763 nulli
581 1711 689 1763 erant:
713 1702 751 1761 ab
772 1703 871 1762 Numa
895 1703 1047 1784 Pompilio
1069 1708 1162 1766 creati

159 1806 243 1860 sunt.
267 1799 385 1858 Census
403 1799 433 1856 in
458 1797 584 1856 civitate
608 1803 640 1855 et
665 1796 830 1874 descriptio
853 1798 1061 1857 centuriarum
1084 1800 1163 1858 clas-

158 1893 300 1971 siumque
326 1911 389 1949 non
411 1898 505 1950 erat:
534 1890 572 1949 ab
596 1891 661 1948 Ser.
687 1887 787 1947 Tullio
812 1896 858 1947 est
888 1889 980 1950 lacta.
1011 1891 1162 1952 Consules

158 2003 327 2064 numquam
341 1983 467 2043 fuerunt
481 2001 487 2041 :
503 1982 628 2060 regibus
643 1982 770 2051 exactis
788 1983 881 2040 creati
893 1991 975 2042 sunt.
994 1984 1161 2044 Dictatoris

156 2097 213 2134 nec
227 2075 392 2156 imperium
407 2096 463 2134 nec
474 2096 585 2134 nomen
602 2075 723 2144 luerat;
742 2074 822 2152 apud
839 2082 941 2153 patres
953 2097 1017 2134 esse
1033 2079 1158 2157 coepit*.

156 2167 286 2228 Tribuni
303 2169 412 2248 plebis
430 2167 564 2238 aediles*‚
585 2175 752 2246 quaestores
765 2166 842 2224 nulli
856 2173 965 2228 erant:
982 2168 1159 2232 institutum

125 2266 128 2270 ’
155 2270 201 2321 est
216 2267 251 2320 ut
264 2261 384 2321 lierent.
402 2261 476 2328 Quis
488 2260 619 2330 dubitat,
635 2259 710 2339 quin
725 2258 756 2316 in
771 2267 920 2318 aeternum
933 2261 1009 2320 urbe
1022 2263 1158 2338 condita,

154 2353 185 2412 in
208 2355 393 2414 immensum
415 2359 581 2424 crescente,
613 2373 692 2410 nova
719 2352 859 2430 imperia,
883 2353 1066 2429 sacerdotia,
1088 2357 1158 2437 jura

154 2446 315 2525 gentium*
331 2445 553 2530 hominumque
570 2445 793 2503 instituantur?

184 2567 224 2616 N⁰
239 2567 305 2619 207
319 2582 326 2617 τ
339 2567 460 2618 Plebei.
475 2569 511 2616 La
523 2568 559 2616 loi
573 2568 620 2614 des
637 2567 727 2614 Douze
745 2567 842 2616 Tables
857 2567 922 2631 (450)
935 2571 1009 2618 avait
1024 2574 1159 2634 proclamo

152 2628 191 2676 les
202 2630 287 2678 droits
300 2630 377 2678 civils
389 2631 435 2678 des
446 2629 584 2691 ple'be'iens
595 2632 622 2676 et
630 2629 850 2676 lasouverainete
861 2630 896 2676 du
907 2631 1017 2693 peuple3
1029 2637 1096 2683 mais
1109 2638 1158 2686 elle

152 2691 226 2739 avait
237 2692 354 2738 defendu
365 2692 403 2739 les
414 2693 544 2753 mariages
554 2693 629 2738 entre
644 2691 789 2752 patriciens
801 2693 829 2738 et
842 2691 980 2753 plebeiens
991 2694 1039 2756 (les
1052 2698 1158 2748 enfants

131 2806 133 2812 ¹
153 2753 185 2799 de
206 2754 386 2814 patriciennes
407 2754 519 2800 mariees
541 2755 555 2800 d
579 2754 626 2799 des
648 2751 786 2814 plebeiens
808 2754 929 2801 auraient
949 2755 991 2802 c'te
1010 2757 1146 2818 plebeiens

151 2799 1156 2937 lllltelatatsllallltsltdlltllltltlaltlztllll⁵⁵&⁹¹³

151 2938 669 3062 aaanantuacense
682 2952 731 3046 u·
743 2892 966 3060 silicara
983 2896 1157 3052 igppaa

151 3062 252 3108 tection
265 3062 354 3108 divine
366 3077 411 3108 sur
420 3062 445 3108 la
457 3061 519 3110 cite.
533 3061 668 3108 Audebul
678 3061 710 3108 de
721 3059 821 3108 l'annee
835 3065 879 3108 445
894 3018 987 3112 avarilp
989 3066 1004 3113 J
1009 3021 1156 3116 :Clleptrrlb

150 3121 204 3168 bun
219 3121 361 3170 Canuleius
373 3138 490 3184 proposu
503 3125 573 3170 deux
585 3123 654 3170 lois:
671 3122 740 3170 l'une
759 3125 803 3184 qui
815 3127 956 3174 autorisait
972 3127 1010 3174 les
1025 3131 1154 3193 mariages

150 3189 225 3231 entre
246 3186 391 3245 patriciens
414 3188 441 3232 et
457 3184 609 3246 plebaticum
630 3183 724 3231 l'autre
749 3186 794 3247 qui
817 3188 924 3234 ouvrait
944 3203 995 3235 aux
1017 3191 1154 3252 plebeiens

149 3244 243 3293 l'acces
256 3246 291 3292 du
303 3246 433 3294 consulat.
451 3273 479 3283 —
494 3246 651 3296 Advenas
666 3261 670 3293 :
684 3246 779 3306 Numa,
794 3247 918 3309 Tarquin.
936 3277 959 3284 —
972 3250 1152 3304 Claudiam.

150 3305 261 3369 D'apres
277 3307 393 3355 Sue'tone
411 3307 528 3370 (Tibe're‚
548 3309 580 3370 1),
599 3308 637 3356 les
657 3308 759 3355 Claudii
778 3309 938 3370 emigrerent
955 3313 986 3359 de
1005 3313 1119 3376 Regilles
1138 3319 1154 3366 a

150 3369 233 3416 Rome
246 3384 278 3416 cn
292 3374 345 3416 503.
365 3396 394 3403 —
407 3369 520 3422 utilia.
543 3371 582 3418 Cf.
606 3369 729 3430 Salluste,
749 3370 838 3431 catil,
859 3377 895 3420 51.
912 3400 943 3408 —
957 3375 1151 3428 Pontifices:

148 3432 180 3478 ils
203 3431 305 3478 etaient
326 3431 435 3492 charges
452 3431 485 3478 de
504 3430 736 3479 l'administration
756 3433 791 3479 du
811 3433 881 3481 culte
906 3435 998 3495 public
1020 3443 1047 3486 et
1065 3441 1151 3501 prive.

148 3493 235 3538 Numa
247 3507 280 3540 en
297 3493 358 3540 cre'a
375 3498 477 3554 quatre.
503 3493 570 3540 Vers
587 3497 631 3540 454
647 3508 677 3540 ce
692 3495 803 3540 nombre
816 3495 856 3542 sut
869 3497 946 3556 porte
964 3499 978 3543 d
994 3500 1059 3547 huit.
1079 3502 1152 3563 Sylla

147 3569 180 3600 en
200 3553 261 3601 crea
279 3558 341 3617 sept
351 3559 449 3603 autres.
462 3583 490 3590 -
504 3555 664 3618 Augures.
682 3557 748 3602 Voir
760 3557 1019 3621 Bouchd-Leclei·cq,'
1034 3563 1141 3610 Manuel

147 3631 179 3676 pa
199 3619 280 3686 eblo.
298 3643 328 3650 —
349 3615 461 3679 coepit,
481 3632 513 3664 en
532 3622 584 3664 501.
602 3643 634 3652 -
647 3618 770 3666 AEdiles
784 3631 789 3665 :
802 3619 840 3664 les
856 3620 960 3666 tribuas
973 3626 1000 3668 et
1012 3623 1049 3669 les
1068 3625 1150 3673 ddilcs

148 3631 284 3738 pldbe'iens
305 3677 395 3725 furent
416 3679 541 3726 instituds
557 3694 588 3724 en
603 3682 656 3737 493,
678 3680 715 3725 les
734 3683 875 3740 questeurs
897 3693 959 3728 sous
979 3683 1017 3729 les
1040 3687 1102 3732 rois.
1121 3713 1151 3724 -

147 3737 314 3789 Gentium:
329 3740 368 3787 les
377 3741 551 3796 lanrillespar
563 3741 719 3802 opposition
732 3755 783 3788 aux
793 3742 928 3790 individus
942 3744 1111 3809 lbominnm).

228 3819 270 3860 Vie
285 3818 399 3872 Publlque
409 3819 445 3860 des
456 3818 576 3860 Romaim.
623 3871 674 3923 209
1060 3825 1084 3868 14

1143 3601 1150 3623 l
