2756 4238
573 147 656 205 313.
676 149 746 205 Les
766 145 917 206 velites.

644 243 690 306 (De
704 243 849 306 velitibus.)

197 353 238 414 4⁰
293 355 336 414 Ex
365 356 507 416 omnibus
535 356 704 434 legionibus
734 355 822 415 electi
850 362 922 415 sunt
947 355 1077 435 juvenes
1108 354 1245 414 maxime

251 447 355 530 vigore
366 474 401 512 ac
414 453 537 512 levitate
552 473 713 534 corporum
726 453 845 512 veloces
861 472 867 511 :
884 453 927 511 eis
941 472 1054 532 parmae
1064 454 1074 476 '
1085 451 1244 510 breviores

251 569 342 628 quam
362 557 518 630 equestres
537 556 568 608 et
584 551 728 629 septena*
740 548 842 629 jacula
856 555 1020 628 quaternos
1037 549 1127 625 longa
1147 548 1244 627 pedes

250 645 331 717 data,
354 647 475 725 praelura
487 646 577 705 terra.
592 647 650 704 Eos
665 645 801 722 singulos
816 645 847 702 in
862 663 957 724 equos
972 664 1043 703 suos
1054 644 1242 723 accipientes

199 805 203 816 ¹
251 743 389 820 equites*
407 743 632 801 assuefeceram
653 748 683 801 et
702 741 772 798 vehi
788 747 857 819 post
871 761 936 800 sese
952 747 982 798 et
999 740 1119 799 desilire
1136 741 1243 819 perni-

251 838 336 906 citer,
352 838 403 896 ubi
423 838 549 897 datum*
568 838 688 916 signum
702 844 790 896 esset.
815 836 849 894 ld
865 844 1027 916 postquam
1042 836 1245 895 assuetudine
1338 875 1339 880 κ

251 933 430 1012 quotidiana
449 934 522 993 satis
538 934 690 1014 intrepide
709 933 772 992 heri
790 933 889 992 visum
905 939 961 1004 est,
984 933 1016 990 in
1031 952 1173 1012 campum
1189 934 1243 1012 qui

252 1025 370 1084 medius
394 1027 473 1085 inter
495 1033 597 1086 castra
616 1046 798 1104 murumque
821 1031 886 1084 erat
906 1024 1050 1084 adversus
1073 1023 1244 1083 instructos
1340 1035 1341 1040 ’

253 1122 478 1200 Campanorum
498 1123 615 1202 equites
636 1128 861 1202 processerunt,
878 1127 919 1192 et,
939 1120 990 1179 ubi
1007 1119 1045 1180 ad
1066 1119 1243 1201 conjectum

253 1217 304 1276 teli
323 1225 449 1276 ventum
474 1225 529 1290 est,
550 1218 637 1296 signo
658 1217 740 1288 dato,
763 1217 892 1276 velites*
913 1216 1067 1275 desiliunt.
1088 1215 1245 1276 Pedestria

252 1314 323 1372 inde
336 1315 415 1373 acies
428 1334 465 1372 ex
481 1315 618 1396 equitatu
632 1320 757 1394 repente
772 1314 801 1371 in
818 1313 952 1372 hostium
968 1312 1087 1392 equites
1100 1312 1244 1387 incurrit,

249 1409 412 1489 jaculaque
428 1430 497 1469 cum
519 1411 636 1490 impetu
658 1409 716 1469 alia
739 1430 830 1489 super
848 1409 905 1468 alia
926 1409 1081 1469 emittunt.
1105 1409 1246 1477 Quibus*

254 1504 391 1585 plurimis
416 1506 446 1564 in
468 1525 563 1587 equos
594 1506 737 1585 virosque
761 1506 873 1585 passim
901 1505 1048 1586 conjectis
1074 1505 1246 1586 permultos

252 1602 505 1675 vulneraverunt;
530 1601 652 1681 pavoris
674 1609 774 1661 tamen
796 1602 884 1682 plus*
905 1623 942 1660 ex
964 1622 997 1660 re
1023 1603 1125 1660 nova*
1151 1609 1246 1682 atque

253 1698 408 1777 inopinata
431 1698 577 1778 injectum
600 1705 655 1769 est,
679 1705 710 1757 et
729 1697 760 1756 in
783 1698 957 1777 perculsum
986 1698 1104 1757 hostem
1125 1700 1246 1779 equites

253 1794 383 1853 invecti*
394 1795 495 1871 lugam
507 1801 699 1873 stragemque
709 1815 815 1853 eorum
827 1794 969 1874 usquead
980 1794 1243 1874 portaslecerunt.

255 1891 326 1948 Inde
339 1892 477 1970 equitatu
494 1891 637 1970 quoque*
654 1891 792 1970 superior
811 1891 949 1950 Romana
963 1911 1010 1948 res
1025 1889 1094 1974 luit.
1116 1891 1245 1950 Institu-

254 1990 319 2045 tum
334 1995 368 2045 ut
388 1988 497 2046 velites
520 1987 550 2045 in
573 1987 744 2064 legionibus
766 1993 876 2046 essent.
898 1988 1082 2046 Auctorem*
1105 1987 1245 2066 peditum

254 2083 349 2164 equiti
370 2083 637 2142 immiscendorum
658 2083 888 2142 centurionem*
911 2081 947 2150 Q.
978 2081 1108 2142 Navium
1127 2083 1243 2158 lerunt,

255 2181 424 2259 honorique
439 2179 470 2238 id
485 2179 512 2238 ei
527 2178 608 2259 apud
625 2179 839 2259 imperatorem
858 2179 961 2240 fuisse.

285 2311 325 2360 Νο
342 2311 408 2362 313
426 2326 431 2358 :
452 2311 579 2360 Parmae
597 2325 603 2358 :
620 2310 685 2358 c’est
705 2311 729 2357 le
750 2310 870 2358 bouclier
889 2311 959 2358 dont'
974 2325 1001 2358 se
1019 2312 1159 2371 servaient,
1178 2312 1245 2362 dans

254 2372 360 2420 l'arme'e
375 2373 500 2428 romaine,
514 2373 551 2418 les
566 2375 675 2433 troupes
688 2371 790 2420 arme'es
802 2372 817 2418 a
829 2374 853 2420 la
866 2372 951 2434 legere
967 2372 1076 2434 (ortiles)
1090 2375 1116 2420 et
1128 2374 1152 2420 la
1165 2388 1246 2422 cava-

255 2435 317 2481 lerie
330 2433 461 2496 {equilesl
475 2434 496 2481 Il
508 2433 573 2480 etait
590 2434 622 2479 de
639 2435 721 2480 lorme
739 2433 884 2492 circulaire,
898 2432 1034 2480 d'environ
1048 2434 1112 2480 trois
1125 2435 1199 2496 pieds
1211 2437 1245 2484 de

255 2495 392 2554 diametro,
409 2498 436 2541 et
452 2495 589 2541 consistait
605 2508 637 2540 en
655 2509 706 2542 une
719 2509 836 2542 carcasse
854 2509 885 2541 en
904 2495 944 2541 ier
959 2495 1049 2556 garnie
1066 2494 1080 2540 ὰ
1099 2494 1247 2544 l'intdrieur

255 2557 331 2602 d'une
342 2556 461 2617 poignde,
476 2559 502 2602 ot
515 2557 529 2602 a
541 2554 691 2602 l'exte'rieur
704 2556 736 2601 de
749 2556 837 2602 divers
849 2559 1001 2603 ornaments
1010 2555 1118 2618 (cercles
1130 2571 1247 2606 concen-

255 2619 356 2678 triques
369 2618 475 2678 rcmplis
486 2631 533 2678 par
548 2618 595 2663 des
607 2618 704 2678 points,
716 2617 762 2663 des
774 2618 862 2673 ronds,
872 2618 919 2663 des
929 2616 1011 2676 lignes
1023 2617 1132 2677 brisdes,
1141 2619 1207 2666 dont
1220 2621 1246 2668 la

255 2679 412 2740 disposition
426 2679 542 2739 reppelle
555 2692 621 2724 ceux
633 2677 711 2739 qu'on
728 2681 820 2725 trouve
833 2692 879 2724 sur
889 2677 913 2724 la
927 2679 1035 2739 plupart
1050 2678 1096 2726 des
1112 2679 1246 2728 boucliers

255 2750 301 2796 dcs
315 2749 418 2796 tombcs
430 2749 586 2808 italicnnes).
600 2749 753 2808 Distinguer
765 2748 789 2794 la
798 2761 893 2811 parma
903 2749 938 2794 du
948 2747 1049 2811 clipeus
1062 2736 1162 2810 (ἀσπίς),
1172 2764 1246 2798 arma

255 2811 390 2857 defensive
411 2811 443 2856 de
467 2809 632 2868 l'inlanteric,
655 2811 688 2856 de
706 2811 788 2856 forme
808 2810 945 2856 circulaire
961 2814 988 2857 et
1005 2824 1130 2870 concave,
1148 2810 1195 2858 fait
1212 2811 1246 2859 de

255 2873 365 2932 plaques
378 2885 409 2917 cn
423 2871 501 2917 metat
513 2870 702 2931 superpose'es3
716 2872 751 2917 du
764 2872 877 2928 scutum,
889 2871 1008 2918 bouclier
1021 2870 1119 2932 oblong
1131 2872 1177 2918 des
1188 2872 1247 2919 lan·

256 2933 360 2992 tassins,
375 2933 422 2978 fait
434 2933 465 2978 de
479 2932 604 2993 planches
623 2933 655 2979 de
672 2933 731 2978 bois
747 2932 817 2992 ldger
837 2933 935 2992 ¹jointes
953 2933 1023 2979 l'une
1038 2932 1052 2978 a
1070 2932 1162 2980 l'autre
1179 2947 1246 2981 avec

254 2995 287 3040 de
300 2995 324 3040 la
337 2994 403 3040 colle
414 2994 445 3039 de
457 2997 567 3040 taureau
580 2996 607 3040 et
616 2997 756 3042 couvertes
765 2992 1053 3040 cnto'rieurementd'un
1064 2994 1121 3040 cuir
1133 2995 1165 3041 de
1177 3009 1246 3042 veau

256 3061 366 3123 (σκῦτος).
388 3080 415 3088 -
433 3053 583 3116 Septem,
603 3055 714 3115 adjectil
732 3055 886 3102 distributis.
912 3081 939 3090 -
957 3053 1101 3116 Equites,
1121 3056 1192 3117 sajet
1212 3058 1247 3103 de

255 3123 463 3184 assuefeceram.
474 3149 503 3157 -
515 3123 635 3172 Datum
647 3125 743 3180 esset,
753 3124 900 3185 subjonctil
908 3125 940 3171 de
952 3124 1105 3185 repetition.
1118 3152 1147 3160 -
1158 3124 1246 3176 veli-

255 3186 313 3235 tes.
333 3186 369 3232 Ce
390 3186 446 3231 mot
462 3185 506 3244 qui
528 3185 635 3246 de'signe
658 3185 875 3232 habituellcmcnt
894 3186 941 3232 des
960 3185 1246 3239 soldats,d'inlanterie

254 3247 349 3308 legere,
367 3247 407 3293 cst
424 3261 437 3292 a
460 3245 547 3306 piique
564 3247 598 3292 ici
615 3260 665 3292 aux
682 3248 838 3294 soldatsdcs
857 3246 966 3308 legions,
982 3247 1047 3293 mais
1063 3247 1148 3294 armes
1168 3247 1247 3295 d'une

254 3308 331 3364 incon
342 3307 428 3354 moins
440 3262 540 3354 iburde.
556 3334 586 3342 -—
601 3307 724 3369 Quibus
741 3323 767 3354 se
787 3312 911 3369 rapporte
928 3309 941 3354 d
955 3307 1057 3369 jacula.
1074 3335 1104 3342 —
1122 3308 1245 3358 Pluszil

255 3383 273 3430 y
286 3374 331 3416 eut
343 3370 401 3430 plus
414 3371 446 3415 de
457 3383 523 3430 peur
535 3383 585 3429 que
598 3369 631 3415 de
643 3370 704 3416 mal.
716 3395 744 3403 -—
759 3368 869 3418 Nova:
883 3367 947 3416 c'est
957 3384 989 3416 en
1003 3374 1044 3416 211
1060 3384 1111 3430 que
1124 3374 1166 3417 cet
1177 3371 1245 3417 essai

255 3431 296 3476 tut
317 3431 397 3477 tenid.
417 3428 582 3480 -1nveoti
600 3444 606 3477 1
622 3445 652 3477 ce
670 3433 731 3477 sont
747 3431 785 3476 les
802 3430 910 3490 charges
927 3431 959 3478 de
972 3431 1112 3478 castulone.
1127 3457 1155 3465 —
1167 3429 1245 3490 Quo·

277 3503 326 3547 ue,
344 3506 445 3538 comme
457 3493 522 3538 dans
542 3491 708 3539 l'inlanterie.
728 3518 758 3525 -
773 3490 957 3548 Auctorem,
976 3492 1044 3538 celui
1066 3493 1110 3552 qui
1127 3492 1174 3538 iait
1194 3507 1245 3539 une

255 3565 269 3598 c
289 3566 333 3598 ose
344 3552 367 3598 le
379 3554 500 3612 premier,
514 3553 600 3614 quien
615 3553 697 3613 prend
711 3552 866 3599 l'initiative.
877 3579 904 3588 —
916 3553 1151 3602 centurionem.
1167 3553 1188 3600 Il
1202 3555 1245 3614 n'y

255 3627 327 3673 apas
346 3614 377 3660 dc
394 3615 581 3660 commandant
597 3612 696 3674 spe'cial
712 3628 781 3673 pour
798 3615 836 3660 les
854 3614 1009 3675 manipules,
1025 3615 1089 3661 mais
1108 3614 1125 3659 il
1142 3615 1245 3675 yades

255 3675 368 3720 officiens
392 3689 460 3734 pour
478 3674 579 3744 chaque
604 3675 722 3721 centurie
750 3674 899 3736 lcenturiol.
925 3675 974 3722 Les
998 3674 1167 3721 centuriones·
1186 3678 1245 3724 sont

255 3734 374 3781 nommes
393 3749 440 3795 par
454 3736 491 3781 lcs
509 3736 612 3781 tribuus
629 3735 775 3792 mititaires,
789 3749 821 3781 au
834 3749 894 3781 nom
909 3739 935 3782 ct
949 3751 996 3795 par
1007 3737 1031 3782 la
1048 3735 1198 3796 deligation
1210 3738 1245 3786 du

255 3798 356 3843 consul.
371 3797 405 3842 Ils
418 3798 478 3841 sont
489 3809 522 3841 au
533 3796 642 3842 nombre
653 3797 685 3842 dc
701 3797 820 3842 soixante
832 3811 879 3856 par
892 3796 988 3856 legion.

672 3883 828 3934 -316-
