2756 4238
309 169 394 226 311.
410 155 642 238 rmportonce
658 171 703 226 ue
717 165 851 229 remae
865 172 911 227 ue
925 170 1156 240 latentique.

381 275 526 337 (Quantum
532 273 619 336 prosit
638 274 678 322 rei
692 273 819 322 militaris
833 274 933 323 rationi
943 273 1072 338 studere.)

170 423 212 488 3⁶
267 430 525 492 Lacedaemoniis*
560 433 718 513 praecipua
747 432 807 492 luit
831 453 905 492 cura
939 433 1102 493 bellorum.
1132 426 1227 490 Primi

226 546 358 610 namque
373 531 583 609 experimenta
598 550 772 610 pugnarum
794 529 833 588 de
853 530 1016 589 eventibus
1035 529 1225 607 colligentes,

184 627 187 631 ’
226 631 321 680 artem
344 624 524 703 proeliorum
548 627 705 706 scripsisse
732 627 895 686 firmantur
920 647 1017 706 usque
1039 647 1086 698 eo,
1108 633 1227 683 utrem

225 719 398 794 militarem,
419 743 487 802 quae
501 723 615 782 virtute
639 724 713 795 sola,
733 723 783 781 vel
803 705 1074 783 certe'f'elicitate*
1090 720 1228 781 creditur

224 816 385 886 contineri,
402 819 439 877 ad
455 818 646 899 disciplinam
662 819 843 900 peritiaeque
866 818 965 878 studia
988 818 1171 888 revocarint‚
1191 835 1227 874 ac

225 913 405 990 magistros*
421 936 576 975 armorum
591 921 681 996 (quos
695 918 840 984 τακτικοὺς
854 915 1097 996 appellaverunt)
1113 915 1226 995 juven-

224 1016 320 1068 tutem
332 1031 429 1070 vsuam
454 1033 541 1071 usum
565 1014 807 1092 varietatemque
835 1012 993 1092 pugnandi
1023 1011 1248 1093 praeceperint·

224 1106 362 1167 edocere.
380 1109 535 1175 Quantum
552 1118 653 1169 autem
669 1111 701 1168 iu
715 1110 833 1189 proeliis
846 1110 1149 1169 Lacedaemoniorum
1160 1107 1224 1165 dis·

222 1200 334 1282 ciplina
349 1206 501 1292 prefuerit
515 1207 562 1287 (ut
577 1208 715 1267 omittam
729 1206 859 1287 ceteros)
879 1207 1067 1286 Xanthippi*
1089 1205 1224 1265 declara-

223 1307 274 1358 tur
288 1302 439 1382 exemplo,
457 1303 509 1384 qui
524 1304 668 1362 Attilium
684 1304 848 1381 Regulum,
872 1304 1108 1383 Romanumque
1135 1322 1223 1360 excr-

222 1396 318 1455 citum
337 1419 418 1479 saepe
439 1400 600 1476 victorem,
617 1421 686 1462 cum
703 1401 1007 1477 Carthaginiensibus
1028 1421 1088 1459 non
1108 1401 1224 1458 virtute
1261 1417 1263 1422 ·

221 1493 276 1554 sed
287 1502 351 1554 arte
365 1496 449 1556 solus
464 1497 558 1558 lerret
570 1498 729 1569 auxilium,
747 1498 908 1577 prostratis
927 1498 1124 1564 ,exercitibus
1141 1497 1225 1576 cepit

222 1611 258 1651 ac
277 1591 406 1666 domuit,
434 1614 558 1674 unoque
586 1615 751 1672 congressu
777 1594 970 1674 triumphans
997 1594 1110 1653 bellum
1132 1613 1225 1652 omne

222 1689 366 1749 coniecit.
380 1691 444 1751 Nec
463 1692 565 1751 minus
588 1692 741 1752 Hannibal
765 1690 917 1771 petiturus
940 1691 1060 1750 ltaliam
1080 1691 1224 1750 Lacedae-

223 1787 360 1844 monium
375 1787 551 1848 doctorem*
573 1789 716 1869 quaesivit
737 1809 902 1859 armorum,
927 1788 1015 1868 cujus
1037 1788 1161 1847 monitis
1178 1795 1225 1846 tot

220 1885 373 1955 consules,
390 1893 553 1967 tantasque
574 1886 719 1965 legiones
739 1885 865 1944 inlerior
888 1906 1016 1943 numero
1038 1905 1072 1944 ac
1093 1885 1222 1958 viribus,

221 1980 388 2042 interemit.
403 1981 482 2060 Ergo
493 1984 544 2062 qui
553 1983 707 2042 desiderat
718 2003 835 2062 pacem,
846 1982 1149 2061 p1·aeparetbellum*.
1165 1981 1223 2048 Qui

222 2079 373 2137 secundos
395 2088 483 2160 optat
504 2088 643 2154 eventus,
670 2081 795 2138 dimicet
822 2088 898 2150 arte,
926 2100 986 2137 non
1011 2099 1094 2139 casu.
1124 2079 1223 2137 Nemo

221 2194 402 2253 provocare,
419 2198 508 2235 nemo
524 2177 617 2236 audet
632 2177 786 2236 ollendere
800 2197 891 2257 quem
910 2175 1062 2253 intellegit
1084 2175 1224 2254 superio-

222 2292 285 2330 rem
299 2293 363 2332 esse
377 2279 597 2353 pugnaturumss

251 2440 292 2489 Νο
304 2441 368 2491 311
384 2455 389 2488 :
404 2440 684 2492 Lacedaemoniis.
699 2442 765 2490 Voir
777 2439 1160 2552 Xc'nophonptiouuerncment
1176 2438 1223 2486 des
1294 2427 1297 2434 ⁴

159 2513 160 2516 ’
222 2501 323 2560 Laced„
336 2503 427 2554 tt-t-tl.
439 2506 466 2550 et
479 2503 634 2550 Thucvdide
652 2503 710 2564 (lu,
722 2508 769 2549 36⁸.
790 2530 818 2538 -—
832 2501 933 2552 Felici
951 2503 1014 2552 ate.
1036 2499 1106 2550 C'est
1121 2514 1152 2548 ce
1169 2515 1223 2561 que

218 2565 259 2612 dit
269 2563 349 2612 Cdsar
359 2563 437 2629 (Bell.
447 2563 524 2629 pall„
539 2565 571 2627 V,
581 2563 620 2628 30)
634 2578 641 2614 :
655 2583 666 2608 ιι
680 2565 795 2612 Multum
805 2579 866 2612 cum
879 2562 906 2611 ἰη
923 2562 1048 2612 omnibus
1060 2562 1150 2621 rebus,
1165 2564 1222 2608 tum

221 2625 290 2674 inre
310 2627 423 2674 militari
438 2631 525 2689 potest
543 2627 655 2688 fortuna
676 2647 695 2674 ι».
724 2628 763 2674 Ct'.
787 2626 896 2674 Cicc'ron
922 2625 985 2686 ll’ro
1008 2623 1143 2682 Marcello,
1168 2622 1221 2684 ll):

221 2688 387 2750 «Quidquid
402 2703 528 2750 prospere
549 2692 655 2752 pestum
675 2691 723 2748 est,
742 2687 872 2750 (fortuna)
896 2687 923 2734 id
945 2701 1028 2749 paene
1046 2698 1122 2734 omne
1144 2684 1220 2732 ducit

220 2765 299 2796 suum
313 2765 334 2796 u.
348 2778 377 2785 -
393 2751 574 2812 Magistros
591 2762 764 2800 armorum.
780 2751 819 2797 On
834 2754 936 2810 peutse
954 2749 1019 2796 faire
1039 2762 1090 2794 une
1107 2746 1166 2793 ide'e
1186 2748 1219 2794 de

219 2812 437 2872 l'enscignenrcnt
451 2812 591 2873 techniquc
603 2811 678 2872 qu'ils
692 2813 845 2867 donnuicnt,
862 2826 911 2872 par
924 2812 946 2857 le
961 2809 1050 2857 'l'raite'
1060 2809 1091 2856 de
1101 2807 1221 2872 tectique

220 2871 330 2932 d'Elieu‚
345 2876 371 2920 et
381 2888 430 2933 pur
441 2875 511 2920 deux
524 2889 654 2932 ouvrages
678 2874 710 2919 de
732 2874 881 2933 anophon
900 2871 956 2920 :De
980 2870 1162 2934 l'e'quitatiort;
1184 2870 1221 2917 du

220 2936 447 2982 contruandement
461 2935 492 2982 de
508 2935 530 2982 ta
545 2934 683 2982 cavatorte.
696 2935 763 2982 (llrcz
776 2936 813 2981 les
827 2934 962 2992 Romaim,
977 2934 995 2980 il
1012 2931 1056 2994 n'y
1073 2934 1119 2980 eut
1131 2931 1221 2993 gnere,

220 3001 301 3044 avant
319 2997 429 3057 Vdgdce,
449 3012 499 3056 quc
517 2997 600 3043 Coton
621 2994 740 3043 l'Ancien
760 2999 786 3044 et
806 2997 944 3044 Cornelius
963 2995 1062 3052 Celsus,
1084 2993 1128 3054 qui
1149 2993 1223 3040 aient

220 3058 287 3105 e'crit
300 3074 345 3104 sur
357 3055 415 3104 l'art
425 3058 556 3105 rnilitaire.
568 3057 729 3107 -xanthi
753 3058 785 3119 pi
796 3071 891 3104 :surse
904 3056 1123 3114 Lace'dtnroniem
1132 3053 1223 3102 enrdld

220 3122 304 3182 putrui
319 3121 355 3167 tes
369 3120 470 3166 soldats
480 3120 654 3166 mercenaircs
665 3134 716 3179 que
729 3071 766 3167 lis
775 3118 959 3180 Cartlraginois
970 3119 1078 3166 uvuient
1090 3117 1138 3165 luit
1146 3115 1222 3162 venir

220 3183 253 3228 de
267 3182 359 3238 Giecc,
377 3181 434 3228 voir
450 3181 550 3242 Polybo
562 3181 592 3241 il,
605 3185 636 3242 7).
652 3209 678 3214 -
695 3182 878 3231 Ductorem.
893 3181 928 3226 La
946 3180 1064 3240 tuctique
1077 3179 1124 3225 des
1137 3177 1221 3225 Grecs

220 3245 292 3290 avait
304 3258 373 3304 pour
384 3243 448 3289 base
461 3244 485 3289 le
498 3243 580 3300 carrd,
595 3244 661 3289 dont
674 3243 806 3289 l'c'ldrucut
817 3243 841 3288 lc
850 3243 910 3302 plus
923 3242 1017 3302 simple
1030 3241 1096 3288 dtuit
1107 3240 1132 3287 le
1144 3239 1220 3286 carrd

219 3305 304 3352 l'orrue'
317 3320 365 3365 par
378 3308 389 3350 l
404 3305 531 3352 homines.
544 3305 583 3351 De
592 3320 621 3360 ce
634 3305 708 3350 curre
717 3304 820 3364 simplo,
834 3305 871 3350 les
885 3304 977 3363 Grecs,
988 3318 1020 3350 en
1031 3303 1221 3363 l'augmentant

220 3369 445 3413 successivement
469 3370 496 3412 ct
515 3367 593 3413 d'une
610 3367 726 3412 muniere
742 3366 813 3427 dgale
833 3381 879 3412 sur
893 3367 982 3412 toutes
1000 3379 1042 3411 ses
1059 3365 1139 3422 iaces,
1157 3362 1223 3408 arri-

219 3429 314 3476 vcrcut
327 3431 340 3474 a
352 3430 375 3474 la
389 3431 538 3489 syntagma
553 3429 626 3476 carro'
636 3428 669 3474 de
691 3433 719 3474 16
738 3429 857 3474 honuucs
873 3443 905 3474 en
924 3430 984 3474 tous
998 3440 1069 3473 sens.
1087 3425 1164 3471 Deux
1185 3437 1220 3470 ou

219 3490 352 3551 plusieurs
373 3493 525 3551 syntagrues
550 3490 692 3536 fornraient
713 3504 763 3536 unc
781 3489 919 3550 phalange.
942 3487 962 3534 ll
992 3487 1115 3534 resultait
1133 3486 1167 3532 de
1190 3499 1222 3532 co

219 3553 297 3597 ruodo
307 3552 339 3597 do
352 3552 494 3597 formation
509 3553 674 3611 destroupcs
687 3566 719 3597 en
732 3551 839 3597 bataille
852 3566 903 3610 quc
914 3551 938 3597 la
951 3549 1069 3611 tectique
1078 3549 1124 3594 des
1138 3546 1221 3594 Grecs

220 3613 285 3659 dtait
298 3614 385 3672 plutdt
398 3613 534 3659 ddt'ensive
548 3611 730 3674 qu'ollensive.
745 3613 780 3658 La
793 3612 879 3671 legion
893 3612 1020 3669 rornaine,
1030 3625 1063 3657 au
1076 3609 1220 3667 contraire,

219 3689 247 3721 se
270 3675 377 3721 lor-inuit
398 3689 429 3721 en
452 3675 560 3721 butaille
581 3689 627 3721 sur
648 3674 717 3720 deux
738 3688 771 3719 ou
794 3675 925 3734 plusieurs
948 3673 1041 3733 lignes,
1065 3670 1222 3733 presentant

219 3739 313 3782 autaut
326 3737 358 3783 de
367 3737 451 3797 pleins
461 3751 511 3797 que
524 3737 556 3782 dc
570 3737 645 3782 vides
655 3735 729 3794 (Voir
742 3737 861 3781 versious
872 3738 916 3781 304
925 3738 952 3782 et
964 3734 1027 3796 305).
1039 3759 1069 3768 —
1081 3731 1219 3782 Bellum.

219 3797 258 3846 Cs.
273 3799 296 3844 le
309 3798 441 3859 proverbe
455 3812 460 3844 :
475 3797 498 3844 si
510 3797 549 3844 vis
558 3810 660 3860 pacem,
671 3811 740 3859 para
755 3795 865 3844 betium.

627 3929 783 3982 -314-
