2658 4244
248 166 306 223 65.
321 167 392 222 Les
407 164 584 222 victoires
600 166 644 221 de
656 168 767 222 Rome
787 166 851 221 ont
870 162 982 222 cause
999 176 1045 219 sa
1058 164 1177 220 chute.

283 259 383 322 (Roma,
397 260 461 308 dum
474 260 567 308 orbern
583 262 718 308 terrarum
733 259 845 322 subigit,
860 259 968 310 ruinam
979 259 1141 322 praeparat.)

156 401 195 464 3Β
252 400 578 479 Ubi‘labore*atque
599 402 720 480 justitia
742 423 790 460 res
822 401 943 480 publica
967 399 1075 472 crevit,
1103 398 1215 476 reges*

210 497 313 574 magni
329 496 408 555 bello
427 497 546 568 domiti,
567 499 729 556 nationes*
750 497 820 556 ferar
841 505 871 556 et
896 497 1001 576 populi
1022 497 1162 574 ingentes
1184 494 1213 551 vi

210 592 339 664 subacti,
348 594 514 671 Carthag0,
523 593 641 653 aemula
652 595 770 673 imperii
783 593 970 659 Romani,ab
979 594 1074 672 stirpe
1083 592 1212 661 interiit,

209 698 320 748 cuncta
329 691 422 748 maria
434 701 583 769 terraeque
593 692 769 770 patebant*,
778 690 1075 748 saevirc*sortunaac
1086 689 1214 746 miscere

210 785 312 845 omnia
326 787 432 866 coepit.
447 787 505 854 Qui
530 787 661 856 labores,
681 788 827 867 pericula,
849 786 958 844 dubias
977 794 1069 866 atque
1092 805 1215 864 asperas

209 901 258 940 res
273 882 361 942 facile
382 882 598 955 toleraverant,
621 885 665 943 eis
688 885 796 950 otium,
812 884 940 954 divitiae,
954 883 1090 962 optanda
1103 882 1179 940 alias
1190 883 1213 953 *,

210 980 295 1038 oneri
324 981 517 1062 miseriaeque
542 981 637 1040 suere.
670 982 767 1057 Igitur
791 979 890 1059 primo
925 981 1074 1059 pecuniae,
1103 977 1215 1037 deinde

210 1075 330 1154 imperii
340 1076 454 1155 cupido
465 1077 577 1148 crevit;
593 1079 642 1136 ea*
652 1077 739 1156 quasi
749 1077 891 1135 materies
899 1077 1038 1134 omnium
1046 1074 1215 1134 malorum*

210 1173 306 1230 suere.
338 1173 476 1251 Namque
512 1174 640 1232 avaritia
679 1174 782 1244 fidem,
818 1173 1003 1252 probitatem
1035 1179 1214 1251 ceterasque

210 1277 292 1327 artes
307 1269 403 1328 bonas
422 1269 615 1342 subvertit*;
637 1291 692 1349 pro
719 1269 766 1327 his
783 1269 969 1349 superbiam,
987 1269 1213 1340 crudelitatem,

210 1363 284 1422 deos
314 1366 476 1444 neglegere
489 1369 511 1438 *,
529 1367 631 1425 omnia
647 1367 768 1426 venalia
791 1367 902 1425 habere
925 1366 1058 1426 edocuit.
1076 1364 1216 1423 Ambitio

212 1460 325 1519 multos
353 1463 497 1522 mortales
523 1463 638 1522 lalsos*
669 1464 734 1522 lieri
762 1464 893 1540 subegit,
911 1463 995 1522 aliud
1008 1461 1215 1520 clausum*in

210 1565 345 1636 pectore,
363 1559 447 1618 aliud
463 1560 493 1618 in
509 1560 612 1637 lingua
625 1568 803 1640 promptum
813 1560 935 1625 habere,
946 1559 1096 1618 amicitias
1113 1558 1216 1616 inimi-

210 1654 362 1734 citiasque
379 1677 439 1714 non
456 1659 561 1715 exre*
586 1657 638 1715 sed
655 1679 691 1715 ex
715 1656 878 1715 commodo
909 1665 1082 1721 aestumare,
1105 1655 1215 1731 magis-

210 1771 269 1830 que
282 1752 426 1810 vultum*
443 1774 534 1833 quam
552 1754 709 1829 ingenium
735 1754 849 1812 bonum
872 1753 995 1812 habere.
1027 1753 1100 1810 Haec
1116 1752 1215 1830 primo

211 1847 360 1924 paulatim
381 1869 529 1922 crescere,
554 1850 709 1908 interdum
731 1850 921 1921 vindicari*;
945 1855 1015 1928 post
1039 1848 1089 1906 ubi
1112 1857 1216 1906 conta-

209 1943 290 2020 gio*,
307 1946 392 2024 quasi
413 1946 598 2024 pestilentia,
619 1948 761 2016 invasit*,
774 1948 901 2006 civitas*
921 1947 1094 2013 immutata,
1118 1945 1215 2024 impe-

210 2039 288 2098 rium
302 2043 311 2064 ²
323 2062 358 2099 ex
370 2041 544 2121 justissimo
555 2052 647 2123 atque
658 2045 776 2122 optimo
787 2042 910 2103 crudele
926 2041 1216 2123 intolerandumque

211 2136 336 2195 factum.

212 2287 341 2333 tressedu
360 2289 464 2336 monde.
479 2315 508 2324 —
522 2290 572 2339 Re
595 2303 632 2339 es
657 2290 781 2348 :Perseo
797 2290 954 2346 Antiochus
975 2289 1074 2344 Attalo,
1098 2289 1214 2336 Prusias.

209 2374 240 2383 -
252 2347 412 2399 Nationes
431 2365 436 2397 :
451 2363 481 2397 ce
494 2355 550 2398 mot
586 2352 675 2413 daigne
692 2367 742 2399 une
759 2352 858 2398 socidtc'·
872 2352 933 2398 unie
946 2365 994 2412 par
1006 2351 1044 2397 les
1058 2351 1125 2398 liens
1137 2350 1215 2398 d'unc

210 2410 310 2470 origine
319 2425 458 2458 curninune
470 2427 475 2463 ;
485 2413 573 2459 tendis
582 2428 633 2474 que
641 2413 760 2476 populus
771 2414 879 2474 indique
887 2427 938 2459 une
946 2413 1057 2460 reunion
1069 2411 1215 2460 d'hommes

211 2472 312 2518 soumis
325 2473 339 2518 a
351 2488 386 2519 un
400 2475 485 2519 meme
506 2479 723 2535 gouvernement.
739 2475 889 2522 Allusiond
907 2475 932 2521 lu
949 2476 1082 2535 conquete
1101 2475 1134 2521 de
1146 2473 1216 2521 l'lta-

211 2534 255 2586 lie,
272 2534 303 2579 de
319 2534 343 2579 la
361 2535 448 2589 sicile,
463 2536 496 2581 de
513 2535 537 2582 la
554 2537 613 2583 cote
627 2535 774 2597 d'Atriquc,
793 2538 824 2582 de
843 2535 932 2591 l'Asie,
948 2537 980 2582 de
997 2537 1022 2582 la
1041 2535 1127 2582 Grbce
1145 2537 1216 2583 etde

211 2594 358 2656 l'Espagne.
373 2623 402 2630 —
415 2597 583 2646 Petebant
597 2613 601 2645 :
617 2596 769 2660 l'impart'ait
784 2613 892 2659 marque
905 2612 940 2643 un
953 2597 1008 2644 ctat
1018 2598 1050 2644 de
1063 2597 1159 2644 choses
1172 2598 1215 2658 qui

210 2656 275 2704 dure
287 2671 392 2704 encore.
409 2685 431 2692 -
450 2657 608 2707 Saevire:
626 2675 777 2721 remarquer
794 2661 832 2705 les
846 2659 1014 2719 expressions
1033 2659 1216 2720 poetiquesde

210 2723 282 2765 cette
293 2719 408 2765 secunde
417 2721 503 2780 partie
514 2721 546 2767 de
555 2721 579 2767 la
588 2721 691 2782 phrase.
705 2723 743 2769 Ct'.
756 2721 953 2781 Montesquieu,
964 2720 1063 2767 Graud.
1075 2723 1100 2767 et
1109 2719 1215 2775 De'cad.,

211 2779 266 2826 1X:
283 2801 293 2822 u
309 2780 348 2826 Dc
362 2781 464 2826 bonnes
479 2782 529 2828 luis
545 2785 589 2842 qui
604 2787 651 2830 ont
668 2784 713 2830 fait
728 2782 823 2844 qu'une
839 2783 923 2857 petite
939 2782 1095 2844 republique
1109 2783 1217 2829 devient

210 2841 317 2902 grande,
330 2842 365 2887 lui
374 2843 534 2889 deviennent
544 2845 558 2890 a
569 2845 664 2905 charge
671 2844 838 2905 lorsqu'elles
848 2849 888 2891 est
895 2844 1020 2904 agrandie
1034 2863 1055 2890 n.
1067 2843 1200 2893 -Alias
1210 2858 1216 2890 :

210 2903 335 2949 adverbe.
348 2903 388 2950 On
400 2918 415 2950 a
425 2905 539 2965 proposc'·
551 2906 609 2952 aliis
621 2921 681 2967 ,que
692 2922 758 2953 nnus
769 2908 894 2953 devrions
905 2906 1043 2952 souhaiter
1053 2907 1067 2952 d
1078 2920 1129 2952 nos
1140 2921 1217 2951 enne-

211 2965 279 3011 mis.
299 2992 328 2998 -
348 2965 405 3017 Ea,
427 2966 522 3028 pluriel
542 2971 644 3019 neutre,
663 2983 690 3014 se
713 2973 837 3029 rappurte
865 2983 898 3014 au
920 2968 1039 3014 membre
1065 2967 1098 3013 de
1121 2967 1216 3028 phrase

210 3025 362 3088 precident.
377 3054 407 3060 -
418 3027 592 3083 Malorum,
604 3030 698 3090 pluricl
712 3034 813 3078 neutre.
827 3044 860 3077 au
873 3044 935 3076 sens
946 3030 1018 3076 actif.
1032 3055 1063 3063 —
1076 3027 1216 3078 Suhvor—

211 3087 260 3136 tit.
283 3102 315 3134 au
338 3103 398 3134 sens
424 3104 520 3150 propre
547 3105 552 3136 :
579 3091 734 3152 metaphore
756 3092 891 3152 poetique.
917 3118 949 3126 —
977 3091 1163 3152 Neglegere
1190 3094 1216 3136 et

210 3149 344 3201 habere,
362 3151 483 3197 intinitits
504 3151 696 3212 comple'ments
718 3153 750 3198 dc
773 3153 887 3200 edocuit.
908 3179 935 3187 —
956 3153 1081 3210 Falsos,
1103 3167 1136 3198 au
1156 3167 1217 3199 sens

211 3211 282 3258 actit'.
292 3237 317 3244 -
327 3211 492 3263 clausum.
504 3215 604 3275 oppuse
613 3216 627 3260 at
633 3217 788 3276 promptum
810 3216 842 3261 de
851 3228 983 3276 promere,
996 3217 1091 3261 mettre
1098 3229 1131 3260 au
1134 3215 1197 3275 jour
1210 3251 1215 3260 .

211 3271 250 3318 Ct'.
269 3271 360 3328 Iliade,
380 3273 424 3324 IX.
443 3279 496 3322 313.
520 3301 547 3310 -
564 3276 635 3324 Non
655 3289 746 3326 exre
761 3291 831 3323 :non
849 3277 951 3337 d'apres
969 3277 1006 3322 les
1021 3277 1108 3336 justes
1125 3277 1216 3324 motit's

211 3331 361 3379 d'uttectiun
382 3351 415 3381 nu
435 3337 468 3383 de
505 3337 591 3384 haine.
614 3363 644 3372 -
662 3338 806 3388 Vultum.
825 3339 918 3386 Cutun.
933 3339 1120 3388 aucontraire,
1136 3352 1215 3384 «esse

211 3409 291 3456 qutun
307 3394 392 3464 rideri
405 3396 491 3444 honus
504 3398 647 3446 malebatu.
659 3426 689 3434 -
703 3400 874 3450 Vindice-ri
886 3419 917 3442 =
926 3399 1031 3461 puniri.
1057 3427 1084 3434 -
1102 3399 1217 3449 Conta-

210 3455 264 3566 fio
281 3470 285 3502 :
302 3463 364 3504 cest
382 3459 404 3504 le
425 3461 533 3520 prngrts
553 3461 588 3506 du
608 3461 660 3507 mal
679 3463 724 3522 qui
744 3477 825 3521 gagne
843 3463 875 3508 de
893 3462 993 3523 pruche
1012 3476 1044 3508 en
1065 3462 1174 3522 proche.
1195 3488 1216 3496 -

228 3517 349 3568 nvasit.
363 3521 486 3582 employa
495 3523 664 3569 absolumcnt
674 3537 680 3572 ;
694 3524 813 3584 frequent
824 3525 890 3570 dans
899 3523 1023 3570 Salluste.
1032 3522 1199 3571 -Civitas
1209 3537 1214 3567 :

211 3594 241 3626 ce
261 3585 323 3626 sunt
340 3582 378 3628 les
399 3585 526 3630 mammes
544 3583 641 3632 d'Etut.
662 3585 687 3630 la
707 3586 835 3646 potitique
855 3585 1015 3637 internum
1032 3583 1215 3644 imperium,

210 3640 273 3688 c'ust
294 3643 427 3691 l'auturitt'·
447 3661 493 3691 sur
511 3647 549 3691 les
570 3646 678 3707 periples
696 3648 805 3694 soumis.
822 3647 845 3692 la
865 3647 994 3707 politique
1011 3645 1166 3692 exterieure.
1181 3644 1216 3691 Cr

212 3704 385 3753 clmncement
401 3722 428 3752 se
440 3709 570 3768 pmduisit
588 3723 646 3754 reis
658 3709 681 3755 lc
691 3711 918 3755 commenccmcnt
927 3708 963 3753 du
978 3706 1012 3752 11·
1022 3707 1102 3754 si'ecle
1114 3720 1119 3753 :
1132 3706 1216 3753 Catun

213 3765 237 3810 lc
250 3765 366 3813 Ccnscur
376 3775 420 3816 eut
432 3768 500 3816 beau
514 3774 656 3830 protester.

645 3911 782 3958 -td-
