2698 4242
310 221 369 279 36.
389 213 869 289 stratageme'u’flannibal.

297 340 478 405 (Describitur
491 340 570 389 dolus
582 340 693 404 quidam
706 337 885 397 Hannibalis.)

114 533 224 593 ¹Faces
255 532 390 612 undique
419 553 456 590 ex
477 532 557 609 agris
586 531 731 590 collectae
760 530 918 607 fascesque
938 527 1091 605 virgarum
1108 526 1151 592 3θ

89 638 181 709 atque
203 629 281 688 aridi
304 629 469 688 sarmenti*
491 628 701 708 praeligantur
723 626 867 684 cornibus
888 623 992 688 boum,
1016 643 1094 702 quos

90 726 169 785 inter
205 732 338 784 ceteram
366 732 517 803 agrestem
558 723 703 804 praedam
747 722 866 800 agebat.
910 717 1095 780 Hasdrubali

90 823 250 901 negotium
274 823 379 882 datum
411 829 446 881 ut
471 843 525 901 per
551 829 672 879 noctem
697 820 727 878 id
755 827 928 878 armentum
959 816 1095 876 accensis

89 920 236 978 cornibus
264 918 302 977 ad
331 925 451 978 montes
482 926 595 997 ageret,
629 917 771 986 maxime,
803 917 828 974 si
857 922 971 995 posset,
1003 933 1096 992 super

89 1018 184 1076 saltus
209 1015 249 1075 ab
270 1017 359 1075 hoste
381 1017 546 1075 insessos*.
570 1015 680 1073 Primis
708 1013 842 1072 tenebris
863 1012 986 1070 silentio
1012 1017 1093 1067 mota

89 1121 206 1184 castra;
231 1113 326 1172 boves
347 1113 506 1193 aliquanto
528 1119 599 1171 ante
620 1112 727 1190 signa*
747 1111 817 1169 acti.
839 1110 898 1169 Ubi
925 1109 962 1168 ad
978 1105 1095 1165 radices

90 1211 243 1269 montium
266 1211 394 1289 viasque
422 1217 567 1288 angustas
590 1217 717 1293 ¹ventum
740 1215 795 1278 est,
822 1207 961 1284 signum*
981 1212 1097 1264 extem-

90 1307 140 1386 plo
153 1306 258 1377 datur,
277 1314 311 1365 ut
324 1307 461 1365 accensis
473 1307 619 1365 cornibus
632 1314 769 1364 armenta
782 1305 812 1362 in
831 1304 976 1362 adversos
995 1300 1096 1359 conci-

90 1411 196 1462 tentur
220 1412 353 1463 montes,
380 1404 418 1462 Et
449 1412 549 1462 metus
578 1403 664 1482 ipse*
691 1401 857 1460 relucentis
883 1401 1023 1458 flammae
1059 1418 1097 1464 ex

91 1501 193 1581 capite
212 1501 356 1580 calorque
367 1501 432 1580 jam
446 1499 483 1559 ad
500 1500 607 1559 vivum
625 1500 663 1558 ad
679 1500 800 1579 imaque
815 1518 964 1556 cornuum
975 1498 987 1522 *
1006 1495 1098 1555 deve-

90 1599 177 1656 niens
192 1599 280 1657 velut
294 1599 468 1657 stimulatos
484 1597 589 1656 lurore
610 1596 719 1674 agebat
738 1596 845 1654 boves.
862 1595 929 1662 Quo
952 1593 1097 1672 repente*

89 1695 233 1754 discursu
249 1695 352 1753 omnia
374 1695 490 1754 circum
516 1694 650 1772 virgulta
666 1693 730 1751 visa
754 1693 876 1759 ardere,
899 1691 1098 1770 capitumque

90 1792 176 1851 irrita
191 1793 360 1872 quassati0,
380 1792 518 1850 excitans
535 1793 706 1861 flammam,
726 1789 884 1848 hominum
905 1788 1017 1867 passim
1037 1787 1099 1845 dis-

89 1889 282 1948 currentium
306 1891 441 1968 speciem
469 1888 644 1968 praebebat.
670 1888 728 1955 Qui
757 1887 794 1945 ad
819 1886 980 1945 transitum
1002 1884 1098 1943 saltus
1123 1885 1126 1892 '

91 1985 312 2046 insidendum*
339 1985 430 2044 locati
464 1993 562 2055 erant,
594 1985 644 2044 ubi
669 1985 700 2042 in
729 1984 857 2042 summis
882 1982 1039 2041 montibus
1063 2000 1099 2039 ac

89 2077 240 2162 superse
266 2083 439 2163 quosdam*
467 2083 553 2160 ignes
579 2102 778 2161 conspexere,
810 2078 1039 2139 circumventos
1066 2098 1099 2136 se

89 2200 155 2238 esse
167 2180 239 2251 rati,
250 2179 402 2259 praesidio
418 2199 585 2258 excessere.
595 2179 696 2238 Ceteri
708 2178 818 2256 primo,
833 2198 904 2254 pum
913 2175 1020 2256 procul
1035 2196 1100 2235 cer-

90 2283 211 2348 nerent,
229 2277 327 2335 veluti
343 2277 480 2334 flammas
496 2275 679 2354 spirantium
701 2275 849 2333 miraculo
866 2274 991 2334 attoniti
1011 2293 1101 2331 cons·

90 2375 242 2446 titerunt;
268 2371 391 2443 deinde,
420 2380 454 2432 ut
476 2372 609 2431 humana
634 2373 778 2451 apparuit
811 2355 915 2442 frauS,
936 2378 1002 2429 tum
1025 2389 1100 2428 vero

92 2470 222 2529 insidias
251 2469 310 2529 rati
342 2490 419 2544 esse,
444 2490 513 2528 cum
534 2470 655 2549 majore
675 2469 772 2528 multo
788 2468 923 2527 tumultu
942 2466 1102 2526 concitant

95 2588 128 2626 se
146 2567 179 2626 in
198 2567 316 2645 lugam.

120 2813 162 2863 N⁰
173 2813 218 2863 36
234 2827 240 2860 :
255 2811 431 2872 Sarmenti,
447 2810 575 2874 singulier
593 2812 719 2869 collectis,
733 2813 748 2859 a
763 2813 880 2860 traduire
893 2827 941 2874 par
957 2812 981 2858 le
998 2813 1101 2874 pluriel.

91 2902 120 2911 -
138 2875 256 2950 Saltus
274 2873 438 2950 ingessus..
453 2874 604 2946 ¹Hannibal,
627 2872 733 2949 trompe
753 2888 802 2935 par
824 2887 866 2921 ses
888 2874 989 2952 guides,
1015 2872 1103 2948 s'etait

90 2934 1103 3059 {latitittttlttitulumtumtttsttttttiltttltttttt·

90 3061 194 3108 etaient
216 3060 362 3107 l'ortement
384 3057 515 3120 occuptes
533 3073 582 3120 par
597 3059 636 3106 les
650 3058 785 3106 Romains.
799 3085 829 3094 -
842 3057 952 3120 Signa,
964 3059 1104 3121 enseignes

91 3123 124 3168 de
141 3123 247 3182 chaque
271 3120 414 3182 manipule,
436 3121 468 3168 de
496 3120 599 3182 chaque
623 3121 734 3168 cohorte
757 3123 784 3167 et
816 3121 848 3168 de
874 3120 898 3167 la
926 3119 1022 3182 legion.
1054 3121 1105 3168 Les

91 3185 233 3244 enseignes
244 3198 271 3229 se
282 3182 431 3244 plantuient
447 3196 480 3230 en
497 3185 567 3230 terre
585 3183 694 3243 lorsque
715 3179 767 3229 l'on
781 3181 913 3242 campait;
926 3196 960 3229 on
978 3181 1016 3229 les
1035 3197 1105 3229 arra-

92 3246 167 3292 chait
183 3260 217 3291 nu
237 3244 270 3291 de
292 3247 346 3303 art;
365 3243 427 3292 elles
446 3243 546 3292 etaient
566 3243 673 3306 portdes
692 3259 725 3292 au
737 3244 924 3315 premierrang
932 3244 978 3291 des
995 3246 1105 3305 troupes

94 3306 249 3366 auxquelles
263 3259 326 3354 elles
344 3321 359 3353 a
380 3307 556 3368 partenaient.
567 3333 597 3341 -
609 3306 745 3375 Signum
763 3305 800 3353 :il
810 3320 842 3353 ne
860 3303 937 3366 s’ag1t
955 3306 1015 3367 plus
1034 3306 1105 3353 den-

93 3369 209 3437 scigncs.
228 3366 295 3413 Voir
311 3383 345 3415 au
361 3321 471 3429 iexique
490 3365 599 3426 bucina,
619 3367 692 3426 tuba,
717 3366 810 3414 lituus.
822 3368 936 3429 -Ipse
958 3386 989 3410 =
1005 3382 1057 3431 per
1077 3382 1105 3415 se

96 3443 193 3490 ipsum.
215 3455 245 3464 -
264 3428 336 3479 Ima
354 3441 511 3480 cornuum
525 3443 531 3477 ε
545 3429 729 3477 construction
746 3428 880 3491 poe'tique,
902 3429 990 3491 quise
1010 3433 1106 3478 trouve

95 3493 211 3538 souvent
228 3490 291 3537 chez
306 3490 397 3538 Tacite
416 3504 422 3539 :
439 3489 551 3537 humido
570 3490 712 3553 paludum,
740 3492 844 3540 occulta
871 3491 991 3539 saltuum
1013 3492 1105 3553 (Anu,

98 3553 118 3610 l,
131 3555 181 3612 61).
193 3578 223 3587 -
237 3551 287 3602 Re
313 3552 395 3608 ente,
411 3551 528 3598 adverbe
538 3551 634 3612 jouant
645 3553 669 3599 le
680 3553 735 3600 rdle
746 3552 884 3613 d'udjectil
891 3568 956 3600 avec
969 3551 1104 3600 discursu.

98 3641 126 3650 ·-
145 3612 277 3663 Insiden
302 3625 364 3666 um,
386 3613 540 3673 expression
570 3613 703 3662 militaire.
734 3639 765 3650 -
787 3613 962 3674 Quosdam,
990 3614 1056 3661 dans
1082 3614 1106 3660 le

98 3691 160 3722 sens
172 3676 205 3723 de
216 3675 337 3738 speeiem,
350 3675 419 3722 deux
430 3673 515 3736 lignes
527 3674 587 3735 plus
600 3674 674 3721 haut.
