2698 4234
267 203 350 262 390.
371 206 541 261 Bonheur
553 205 597 261 de
611 205 651 260 la
664 203 723 259 vie
739 202 962 259 chretienne.
1012 270 1014 279 Ι

379 309 473 372 (Quam
483 308 560 356 beata
573 308 608 356 sit
620 307 767 356 christiana
777 307 849 369 vita.)

156 465 203 526 Tu
214 473 346 540 tantum,
363 488 454 548 quem
474 468 539 548 jam
556 468 745 547 spiritalibus
768 467 892 526 castris*
912 465 1041 524 caelestis
1062 462 1118 520 mi·
1133 458 1173 520 3θ

117 559 183 622 litia
199 564 343 641 signavit,
361 572 432 623 tene
450 565 671 644 incorruptam,
698 574 767 624 tene
794 564 927 622 sobriam
950 557 1119 644 religiosis*

118 657 285 719 virtutibus
294 661 498 740 disciplinam.
512 662 623 731 Sittibi
631 661 680 720 vel
693 662 791 720 oratio
802 661 924 719 assidua
936 659 984 718 vel
996 658 1116 716 lectio*.

119 755 209 815 Nunc
223 778 293 816 cum
309 759 374 816 Deo
385 758 522 838 loquere,
538 780 621 818 nunc
635 759 718 817 Deus
734 767 836 817 tecum
854 777 860 817 τ
878 757 928 815 ille
942 765 971 814 te
985 773 1119 834 praecep-

119 851 159 911 tis
175 853 237 913 suis
253 855 396 927 instruat,
417 856 469 915 ille
482 856 636 936 disponat.
657 855 753 922 Quem
774 855 824 913 ille
848 854 976 912 divitem
1001 850 1117 921 fecerit,

121 970 210 1008 nemo
225 972 391 1031 pauperem
410 953 511 1012 faciet.
533 953 664 1012 Penuria
681 974 745 1011 esse
761 951 843 1010 nulla
856 952 920 1032 jam
941 949 1056 1030 poterit
1070 946 1120 1005 cui

120 1048 213 1105 semel
228 1057 336 1128 pectus
351 1051 481 1108 caelestis
495 1051 597 1128 sagina
616 1050 776 1109 saturavit.
797 1049 865 1108 Jam
885 1048 939 1106 tibi
964 1068 1038 1106 auro
1060 1046 1121 1104 dis·

120 1143 216 1203 tincta
231 1145 386 1224 laquearia
399 1155 429 1206 et
440 1147 566 1226 pretiosi
578 1148 738 1206 marmoris
753 1146 883 1205 crustis*
897 1146 1007 1204 vestita
1024 1144 1121 1201 domi-

120 1240 188 1299 cilia
214 1242 410 1314 sordebunt*,
443 1265 511 1302 cnm
542 1245 646 1303 scieris
672 1252 702 1303 te
729 1242 929 1302 excolendum
956 1241 1063 1318 magis,
1091 1248 1120 1298 te

120 1337 223 1415 potius
240 1340 423 1408 ornandum,
445 1341 570 1400 domum
588 1341 643 1399 tibi
670 1342 748 1399 hanc
769 1361 834 1398 esse
856 1340 1006 1420 potiorem
1029 1357 1121 1418 quam

122 1433 274 1494 Dominus
289 1437 403 1496 insedit
419 1439 524 1516 templi
536 1438 613 1509 vice,
626 1438 657 1495 in
673 1459 732 1518 qua
748 1438 881 1516 Spiritus
891 1444 1014 1494 sanctus
1027 1439 1122 1513 coepit

120 1529 270 1591 habitare.
287 1533 470 1611 Fingamus*
486 1535 565 1593 hanc
587 1534 711 1592 domum
735 1534 899 1614 pigmentis
926 1531 1120 1602 innocentie,

124 1627 310 1688 luminemus
329 1631 396 1689 luce
409 1632 550 1710 justitiae.
571 1633 640 1690 Non
655 1632 721 1690 haec
737 1629 1077 1710 umquamproeumbet
1091 1629 1129 1702 in

121 1724 241 1803 lapsum
258 1729 343 1785 senio
367 1730 539 1801 vetustatiS,
563 1750 619 1787 nec
645 1729 803 1808 pigmento
823 1727 948 1806 parietis
975 1734 1028 1786 aut
1049 1747 1124 1784 auro

125 1822 318 1882 exolescente
345 1825 522 1886 foedabitur.
550 1826 672 1885 Caduca
700 1833 771 1883 sunt
795 1844 996 1905 quaecumque
1023 1824 1123 1881 fucata

123 1927 205 1990 sunt,
231 1941 286 1980 nec
310 1922 451 1981 fiduciam
477 1923 614 2002 praebent
636 1922 865 2002 possidentibus
894 1920 1033 1979 stabilem
1055 1941 1124 1999 quae

123 2019 324 2093 possessionis
338 2040 400 2077 non
416 2020 530 2079 habent
545 2021 717 2078 veritatem.
737 2020 810 2077 llaec
824 2026 927 2078 manet
941 2018 1025 2076 cultu
1043 2019 1125 2097 jugi-

124 2121 171 2170 ter
191 2114 307 2182 vivido,
334 2114 451 2174 honore
475 2118 605 2194 integro,
630 2116 792 2195 splendore
816 2116 974 2174 diuturno.
1000 2115 1124 2174 Aboleri

125 2231 186 2268 non
201 2219 303 2289 potest
323 2233 379 2271 nec
404 2214 574 2289 exstingui;
598 2221 700 2293 potest
724 2222 843 2270 tantum
868 2213 899 2270 in
919 2213 1038 2281 melius,
1057 2233 1126 2271 cor-

126 2328 199 2386 pore
212 2309 391 2383 redeunte*,
404 2310 540 2368 formari.

154 2475 184 2524 N
187 2485 195 2502 ⁰
209 2474 276 2525 390
291 2492 295 2523 :
313 2475 449 2526 Castris.
464 2477 539 2524 Cette
552 2478 718 2538 metaphore.
728 2478 799 2539 juste
815 2492 883 2538 pour
899 2477 937 2523 les
950 2477 1082 2524 chre'tiens
1093 2478 1126 2524 de

124 2543 186 2584 tous
202 2539 239 2584 les
252 2542 348 2599 temps,
362 2539 407 2599 qui
421 2541 538 2597 doivent,
552 2541 670 2600 pendant
680 2540 737 2586 leur
749 2544 826 2586 court
838 2553 948 2600 passage
957 2539 1034 2586 surlo
1047 2544 1125 2595 terre,

124 2600 274 2646 combattrc
288 2601 359 2647 leurs
372 2602 494 2662 passions
511 2605 537 2648 et
555 2602 658 2662 aspircr
678 2602 733 2647 ella
751 2601 898 2662 perfectiori
918 2601 1025 2660 morale,
1043 2601 1127 2648 l'etait

125 2661 185 2721 plus
195 2676 290 2708 encore
307 2677 374 2723 pour
395 2665 433 2710 les
451 2663 584 2710 chre'tiens
604 2664 650 2710 des
667 2664 794 2724 premiers
807 2663 900 2709 siecles
913 2663 957 2723 qui
975 2663 1082 2709 avaient
1094 2677 1125 2709 en

124 2727 201 2769 outre
220 2723 234 2768 ὲ
253 2725 389 2770 cont'csser
407 2726 464 2772 leur
485 2725 522 2772 t'oi
540 2740 572 2771 au
594 2726 683 2771 milieu
705 2726 752 2771 des
769 2724 954 2785 perse'cutions
969 2729 995 2772 et
1007 2725 1054 2770 des
1067 2740 1128 2785 sup-

125 2784 216 2852 plices.
226 2786 265 2832 Cf.
275 2785 405 2846 Sdneque,
419 2787 450 2833 de
459 2786 660 2840 Providentiae
676 2801 681 2833 ε
695 2789 764 2843 Quos
774 2785 844 2832 Deus
852 2786 931 2839 amat,
942 2800 1009 2846 (suos
1019 2785 1127 2848 probat,

126 2846 245 2906 indurat,
266 2848 442 2915 recognoscit,
463 2851 604 2895 coercet...
625 2848 719 2894 Dicant
737 2847 901 2911 quicumque
915 2847 1051 2908 jubentur
1069 2847 1128 2909 pati

127 2905 228 2954 timidis
243 2907 400 2971 ignarusque
414 2910 516 2972 flebilia
531 2927 536 2957 :
552 2931 562 2951 ιι
576 2909 659 2972 Dipni
669 2909 720 2957 visi
731 2923 823 2956 sumus
836 2909 889 2956 Deo
904 2908 931 2956 in
943 2909 1043 2971 quibus
1054 2924 1128 2982 etpe-

127 2967 229 3015 riretur
251 2974 382 3031 quantum
407 2972 524 3019 lrrmruna
542 2973 638 3018 notura
659 2971 748 3033 posset
767 2970 826 3032 pati
846 2991 908 3018 ».—
930 2971 1126 3033 Religiosls:

125 3045 159 3077 au
183 3045 244 3077 sens
268 3033 396 3080 chrotien.
427 3061 454 3068 -
484 3033 604 3082 Lectio.
635 3034 670 3080 La
698 3033 799 3079 lecture
828 3033 939 3093 (Ancien
963 3033 1126 3084 Testament,

127 3092 260 3148 Psaumes,
279 3095 361 3140 Actes
381 3095 427 3140 des
448 3097 572 3156 Apotres,
591 3094 681 3156 Peres)
699 3096 766 3142 tient
782 3096 852 3141 aussi
865 3109 916 3141 une
936 3096 1033 3155 grande
1054 3094 1129 3155 place

126 3155 193 3201 dans
206 3155 243 3200 les
255 3170 436 3216 programmes
447 3157 614 3203 d'tducation
627 3161 654 3203 et
666 3157 732 3203 dans
743 3157 780 3203 les
791 3157 882 3203 lettres
893 3157 925 3202 de
939 3157 1067 3203 direction
1077 3171 1128 3216 que

127 3217 197 3263 saint
210 3216 316 3263 Je'rome
330 3218 396 3263 ecrit
409 3220 422 3264 a
437 3218 517 3265 Paula
529 3221 555 3264 et
568 3219 581 3264 d
593 3219 767 3265 Eustochium
781 3219 857 3279 (Voir
868 3221 974 3265 surtout
988 3218 1064 3264 lettre
1079 3219 1126 3280 57).

127 3305 156 3313 —
174 3277 302 3328 crustis
317 3294 322 3326 :
336 3279 430 3338 figures
446 3295 477 3326 cn
491 3280 627 3326 bas-rolief
638 3280 792 3341 appliqudes
804 3295 849 3326 sur
861 3280 886 3326 lu
899 3280 1019 3326 vaisselle
1037 3295 1070 3326 ou
1085 3296 1129 3326 sur

127 3342 165 3386 les
179 3354 259 3387 murs.
273 3367 304 3374 —
316 3340 510 3391 Sordebunt.
525 3342 559 3388 Le
573 3341 662 3388 Christ
672 3357 687 3388 a
697 3343 751 3388 dit:
765 3362 775 3382 ιι
790 3357 852 3388 mon
865 3356 992 3402 royaume
1001 3340 1068 3389 n'est
1081 3357 1129 3403 pas

127 3402 160 3447 de
175 3416 204 3447 cc
222 3404 319 3448 monde
343 3424 362 3449 ιι.
377 3403 416 3450 Ct'.
436 3403 546 3450 tlicc'ron
561 3403 659 3464 (Tusc,
681 3404 699 3450 l.
718 3403 757 3456 311
773 3419 778 3451 ;
793 3423 804 3446 ιι
823 3403 891 3450 Tota
907 3403 1128 3464 philosophorum

128 3463 191 3520 vito,
212 3466 242 3509 ut
261 3465 298 3510 ait
315 3464 399 3523 Plato,
422 3466 612 3512 commentatio
630 3466 724 3513 mortis
744 3468 784 3512 est
805 3479 830 3524 »;
844 3468 870 3512 ct
888 3463 1007 3524 seneque
1028 3465 1128 3526 (Quest.

129 3527 192 3580 nat,
205 3523 224 3581 l,
237 3525 360 3586 prelacc).
376 3553 403 3560 -
419 3527 606 3588 Pingainus.
625 3527 664 3574 Ct'.
684 3527 805 3583 Bossuet,
829 3525 942 3573 Oroison
963 3525 1077 3585 funebre
1097 3528 1128 3574 de

129 3585 154 3633 la
173 3585 244 3644 reine
258 3585 365 3650 d'Anyt.
385 3603 389 3634 :
406 3607 416 3629 ιι
429 3587 523 3643 Quand
536 3589 560 3635 la
580 3591 686 3635 fortune
707 3589 768 3635 l'eut
786 3586 970 3640 abandonnee,
989 3589 1038 3635 elle
1061 3590 1129 3635 s’en·

128 3647 208 3694 richit
232 3647 291 3707 plus
309 3664 359 3710 que
373 3650 469 3709 ¹jamnis
489 3650 635 3697 elle-meme
650 3651 683 3696 dc
702 3654 794 3697 vectus
813 3670 833 3698 n.
853 3650 887 3696 Lc
905 3650 1020 3709 premier
1036 3651 1130 3698 devoir

129 3710 164 3756 du
180 3710 298 3756 ohrcticn
318 3715 359 3757 est
378 3712 410 3757 de
429 3732 439 3752 ιι
455 3713 618 3759 travaillcrd
638 3727 685 3758 son
705 3713 794 3770 ime»,
815 3726 918 3758 comme
929 3711 1010 3758 disait
1023 3712 1078 3757 Mu
1097 3714 1129 3759 de

128 3771 250 3831 Sc'vigne',
265 3775 291 3818 et
308 3773 341 3818 de
358 3773 474 3830 realiser,
488 3777 582 3821 autaut
598 3773 661 3834 qu'il
678 3774 701 3819 16
717 3777 790 3835 peut,
804 3774 890 3820 l'ide‘al
909 3774 999 3820 divin:
1021 3795 1030 3814 ιι
1046 3774 1128 3836 seyer-

129 3833 239 3893 part'aits
257 3848 359 3881 comme
378 3837 453 3881 votre
474 3835 539 3882 Pere
560 3835 657 3883 celeste
675 3839 716 3883 est
733 3836 831 3898 parfait
852 3856 872 3883 u.
890 3862 919 3870 -
934 3835 1092 3886 Redeunt

133 3896 326 3943 sous-entendu
340 3895 367 3942 in
381 3897 489 3946 terram.

550 3960 708 4011 -393-
