2698 4242
160 150 220 206 42.
239 150 425 206 Eutrevuc
440 152 485 208 de
500 152 646 220 Scipion
659 155 696 207 et
711 155 934 210 d’Hanninel
943 157 1060 210 avant

549 241 672 296 Zama.

146 340 293 404 (Hannibal
305 357 367 391 cum
379 342 501 406 Scipione
513 345 574 392 ante
583 359 707 408 puqnam
716 345 751 393 ad
762 345 869 394 Zamam
882 344 1071 410 colloquitur.)

147 464 313 537 Hannibal,
329 486 513 547 quamquam
524 467 628 548 etipse
639 488 730 526 causa
742 467 834 526 belli*
849 475 923 542 erat,
935 476 966 528 et
978 469 1114 528 adventu
1128 471 1170 536 4⁹

106 565 185 620 suo*
207 562 387 622 turbaverat
409 571 440 621 et.
468 565 594 642 pactas*
618 563 752 623 indutias
777 571 808 624 et
834 585 919 644 spem
948 565 1111 635 ioederum,

105 664 221 730 tamen,
247 659 273 717 si
297 658 416 737 integer
437 681 527 740 quam
551 661 576 718 si
594 662 695 720 victus
715 668 834 741 peteret
850 682 956 741 pacem
979 663 1114 742 aequiora

105 755 265 835 impetrari
281 777 371 836 posse
389 763 484 830 ratus,
497 757 640 816 nuntium
656 758 694 817 ad
708 757 883 838 Scipionem
894 759 989 829 misit,
1004 766 1037 818 ut
1052 757 1115 817 col-

104 851 255 932 loquendi
268 873 372 912 secum
386 861 570 933 potestatem
583 854 729 916 iaceret*.
748 854 782 913 ld
797 856 920 914 utrum*
933 875 987 914 sua
1003 863 1113 936 sponte

103 949 213 1008 lecerit
230 970 269 1008 an
286 949 410 1028 publico
428 951 567 1021 consilio,
587 959 731 1010 neutrum
754 973 810 1010 cur
828 953 975 1011 affirmem
996 952 1111 1025 habeo;

105 1046 249 1105 Valerius
269 1047 398 1106 Antias*
418 1049 540 1127 primo*
559 1047 668 1128 proelio
687 1049 805 1108 victum
824 1069 894 1108 enm
906 1049 943 1108 ab
956 1049 1111 1129 Scipione,

103 1164 165 1223 quo
191 1142 356 1202 duodecim
375 1145 459 1203 milia
481 1152 668 1204 armatorum
686 1145 718 1203 in
735 1145 800 1204 acie
820 1147 883 1204 sint
901 1167 980 1205 caesa
988 1148 1010 1218 *,
1030 1146 1113 1204 mille

102 1249 133 1299 et
148 1241 340 1320 septingenti
357 1243 450 1320 capti,
466 1242 600 1320 legatum
612 1244 624 1267 *
639 1262 708 1300 cum
725 1243 792 1301 aliis
810 1243 916 1302 decem
930 1243 1038 1321 legatis
1054 1251 1114 1302 tra-

103 1338 149 1396 dit
163 1338 195 1396 in
216 1344 316 1397 castra
331 1337 368 1397 ad
391 1339 567 1418 Scipionem
583 1339 714 1398 venisse.
733 1339 878 1398 Ceterum
889 1341 911 1410 *,
929 1341 1032 1421 Scipio
1043 1362 1112 1399 cum

102 1435 295 1515 colloquium
325 1435 407 1494 haud
436 1435 605 1504 abnuisset,
632 1435 722 1494 ambo
753 1457 790 1494 ex
817 1438 992 1518 composito
1018 1438 1113 1497 duces

102 1540 204 1592 castra
242 1532 450 1612 protulerunt,
490 1540 524 1591 ut
556 1533 638 1591 coire
674 1554 711 1591 ex
741 1534 938 1613 propinquo*
974 1543 1111 1616 possent.

102 1629 276 1688 Summotis
302 1631 366 1708 pari
392 1630 492 1708 spatio
512 1631 668 1702 armatis*,
695 1651 764 1688 cum
786 1631 938 1708 singulis*
964 1631 1112 1711 interpre-

103 1727 188 1785 tibus
211 1726 369 1804 congressi
385 1733 467 1796 sunt,
486 1747 547 1784 non
562 1747 624 1784 suae
638 1727 731 1785 modo
744 1727 844 1786 aetatis
860 1728 986 1786 maximi
1006 1727 1111 1800 duces,

104 1824 158 1882 sed
184 1823 287 1881 omnis
314 1831 384 1881 ante
408 1843 439 1882 se
464 1823 631 1896 memoriae,
656 1825 793 1881 omnium
820 1824 960 1902 gentium
988 1825 1115 1884 cuilibet

106 1940 216 1998 regum
250 1920 512 1998 imperatorumve
542 1941 639 1999 pares
674 1921 834 2000 Paulisper
876 1922 954 1981 alter
987 1921 1114 1980 alterius

103 2023 288 2097 conspectu,
305 2016 530 2075 admiratione*
545 2025 653 2076 mutua
665 2038 761 2097 prope
776 2019 911 2092 attoniti,
924 2019 1111 2080 conticuere.

135 2159 178 2208 N⁰
192 2157 238 2209 42
259 2171 266 2207 τ
286 2157 396 2208 Causa
409 2158 496 2207 belli.
516 2158 567 2205 Par
587 2159 612 2206 la
629 2159 699 2220 prise
712 2160 745 2206 de
758 2159 883 2221 Sagunto,
899 2159 919 2206 il
928 2158 994 2208 ttait
1006 2175 1115 2222 person-

104 2222 253 2268 nellement
266 2220 341 2282 (ipse)
356 2235 434 2267 cause
445 2221 477 2266 de
488 2220 513 2267 la
528 2235 629 2282 guerre.
642 2246 674 2255 —
685 2219 841 2270 Adventu
853 2233 912 2270 suo
926 2221 951 2283 (i
963 2221 1113 2284 Carthage).

103 2309 135 2318 -
147 2283 284 2339 Pactus,
305 2297 338 2328 au
359 2296 418 2329 sens
435 2282 524 2343 passis.
539 2309 566 2316 -
582 2281 725 2332 Faceret
737 2297 764 2330 se
781 2286 908 2344 rapporte
922 2284 936 2330 i
951 2282 1069 2344 Scipion.
1083 2310 1115 2320 -

105 2345 227 2393 Utrum
242 2343 348 2404 depend
363 2345 395 2390 de
411 2345 434 2390 la
447 2344 615 2406 proposition
631 2344 754 2391 suivante
768 2344 905 2404 (neutrum
922 2359 971 2391 cur
984 2343 1115 2407 affirmem

105 2405 213 2465 habeo),
228 2405 342 2465 laquelle
355 2405 483 2466 equivaut
496 2405 510 2450 a
524 2403 657 2452 incertum
675 2408 714 2452 est
728 2421 734 2453 ε
749 2404 815 2453 c’est
828 2421 880 2453 une
897 2407 1065 2455 anacoluthe.
1086 2433 1113 2442 —

104 2465 265 2516 Valerius
287 2465 421 2523 Antias,
441 2467 551 2513 analiste
571 2481 623 2528 peu
643 2471 720 2514 exact
736 2469 769 2514 de
786 2466 908 2529 l'epoque
930 2469 962 2514 de
984 2467 1066 2530 Sylla.
1083 2494 1115 2504 -

105 2527 225 2586 Primo,
241 2543 277 2575 un
293 2528 409 2599 premier
425 2528 542 2585 conibet,
560 2529 696 2575 anterieur
715 2529 730 2576 d
749 2529 817 2576 celui
836 2530 869 2576 dc
888 2529 976 2577 Zama.
996 2529 1115 2579 -Sint

104 2602 204 2647 caesa,
220 2592 263 2650 (au
278 2590 335 2636 dire
350 2590 382 2637 de
399 2589 529 2650 Valtrius)
545 2590 633 2652 :style
651 2591 773 2639 indirect.
789 2617 820 2625 —
832 2591 996 2652 Legatum
1014 2606 1041 2639 se
1056 2606 1114 2653 rap

104 2655 183 2714 porte
195 2653 210 2698 a
225 2651 359 2698 Hannibal
370 2652 425 2711 qui,
438 2649 541 2714 d'aprts
552 2652 682 2708 Valerius,
697 2653 777 2699 serait
787 2667 858 2700 venu
869 2653 1002 2700 lui-meme
1011 2667 1115 2700 comme

106 2713 300 2761 ambassadeur
317 2714 383 2759 dans
400 2713 423 2760 le
442 2728 519 2774 camp
541 2714 573 2760 de
592 2713 710 2775 Scipion.
735 2713 795 2761 Cela
814 2718 856 2762 est
872 2729 946 2762 assez
959 2715 1115 2762 invraisem-

105 2776 196 2824 blable
215 2778 242 2822 et
261 2775 375 2836 quelque
401 2790 452 2836 peu
472 2789 657 2836 romanesquc.
681 2775 820 2823 Tite-Live
842 2774 914 2823 n‘ose
931 2792 979 2839 pas
1000 2777 1114 2838 prendre

105 2839 128 2884 le
151 2837 221 2885 reon
245 2837 260 2883 i
284 2851 333 2883 son
357 2841 472 2898 compte.
499 2836 565 2882 Mais
583 2838 622 2883 les
651 2837 774 2898 legendos
793 2838 919 2885 relatives
943 2853 994 2884 aux
1017 2840 1116 2945 grands

106 2900 238 2956 hommes,
259 2898 439 2945 fussent-elles
459 2897 620 2958 legerement
639 2913 838 2960 romanosques,
862 2914 894 2946 ne
916 2900 952 2946 lui
966 2899 1017 2961 disp
1029 2901 1115 2947 aisent

106 2975 153 3021 pas
168 2973 174 3008 :
189 2959 312 3007 d'autant
330 2973 382 3020 que
399 2959 503 3006 celle-ci
516 2961 553 3006 lui
570 2963 674 3020 permet
691 2961 723 3006 de
746 2975 813 3007 nous
850 2961 969 3008 resenter
988 2960 1026 3010 les
1045 2962 1115 3008 deux

106 3023 205 3083 grands
230 3021 378 3082 capitoines
402 3025 483 3068 avant
502 3021 527 3067 la
546 3022 654 3068 bataille
677 3023 722 3082 qui
746 3037 778 3069 va
803 3023 911 3069 decider
928 3023 959 3069 de
983 3023 1007 3069 la
1032 3024 1115 3071 desti-

107 3084 155 3130 nbc
176 3085 209 3130 de
229 3083 287 3129 leur
299 3083 393 3143 patrie.
408 3110 437 3117 —
449 3082 610 3140 Ceterum,
625 3097 652 3129 se
666 3087 792 3144 rapporte
803 3099 836 3130 au
848 3085 916 3131 iecit
936 3085 968 3130 de
982 3084 1114 3133 Vale'rius.

108 3171 134 3179 —
158 3146 210 3194 Ex
231 3144 423 3205 propinquo.
446 3145 522 3191 Cette
544 3148 671 3191 entrevue
695 3147 782 3192 aurait
801 3160 833 3191 eu
853 3146 905 3192 lieu
923 3147 938 3192 d
955 3146 1116 3206 Naraggara,

108 3207 169 3254 ville
190 3205 278 3254 situte
299 3206 365 3252 dans
389 3205 413 3252 la
425 3206 509 3268 valide
523 3207 559 3252 du
573 3206 716 3267 Bagradas,
730 3221 764 3253 ou
781 3207 945 3268 bledjerdah.
961 3235 989 3241 —
1002 3206 1117 3258 Arma-

108 3267 160 3326 tis,
188 3269 228 3315 les
257 3268 361 3338 soldats
396 3268 440 3337 qui
470 3269 654 3327 composaient
682 3267 740 3314 leur
768 3272 879 3340 escorte.
911 3296 942 3303 —
970 3269 1118 3331 Singulis

109 3328 1117 3468 talatfilttttttlut,stantunus.attuit{attint

109 3452 174 3500 c'est
197 3466 302 3500 comme
326 3467 361 3498 un
374 3452 479 3499 dernier
493 3452 660 3514 temoignage
684 3454 870 3501 dadmirution
894 3469 963 3516 pour
980 3453 1047 3500 celui
1065 3469 1117 3515 que

111 3514 300 3576 Montesquieu
322 3513 424 3575 appelle
448 3533 459 3556 u
482 3514 504 3560 le
532 3515 635 3561 colosse
660 3516 693 3561 de
719 3513 867 3576 l'antiquite'
891 3535 911 3563 u.
941 3533 952 3561 «
981 3516 1117 3562 Tite-Live

110 3579 182 3634 veut,
204 3590 258 3623 uon
285 3573 364 3636 qu'on
386 3575 524 3623 connaisse
545 3590 586 3623 ses
608 3576 696 3633 heros,
715 3578 781 3623 mais
805 3575 884 3638 qu'on
902 3578 940 3625 les
963 3577 1080 3635 admire3
1098 3577 1117 3622 il

110 3638 301 3746 titinius
319 3637 1117 3759 35:¹2⁸.titt*’.l.¹5303.1⁴³lt.2.t.⁰¹2tt.‘attulit

112 3761 199 3818 Zama,
225 3761 242 3806 il
266 3774 281 3808 a
311 3715 369 3807 uneg
383 3761 573 3821 magnificence
601 3762 634 3808 de
657 3760 767 3824 langage
797 3763 842 3824 qni
867 3765 907 3811 est
930 3763 963 3810 de
987 3716 1115 3809 i’oraison

114 3821 223 3869 t'unbbre
237 3841 258 3870 o.
273 3820 373 3884 (Tame,
385 3821 462 3870 Essai
475 3837 523 3871 sur
540 3821 689 3886 Tite-Lice).

542 3914 682 3968 ...lt-
