2658 4244
240 150 298 207 95.
319 150 559 208 Germanicus
579 152 672 208 rond
690 150 746 207 les
767 149 938 207 derniers
961 152 1147 206 honneurs
1167 161 1247 204 eux
1315 160 1316 164 ¹

453 241 578 296 restes
598 241 642 295 de
662 237 812 295 l’arme'e
832 239 1031 296 navarus.

348 333 431 398 (Varo
444 335 471 382 et
490 334 553 382 Vari
564 334 697 382 militibus
709 348 834 397 suprema
846 334 926 382 solvit
939 331 1133 396 Germanicus.)

186 463 226 528 2⁰
280 465 402 545 Cupido
430 466 581 526 Caesarem
610 467 732 525 invadit
755 466 895 524 solvendi
922 485 1063 546 suprema
1091 465 1247 524 militibus

238 549 385 641 ducique,
401 573 540 642 permoto
558 564 597 622 ad
615 565 845 623 miserationem
864 564 949 626 omni
966 564 1019 642 qui
1035 562 1141 622 aderat
1158 582 1248 620 exer-

240 659 304 719 citu
317 661 357 718 ob
374 661 575 741 propinquos
593 662 717 732 amicos,
735 661 869 740 denique
886 660 926 719 ob
941 680 1030 719 casus
1046 659 1196 717 bellorum
1214 666 1249 720 et
1316 663 1317 706 1

240 764 353 815 sortem
376 758 547 817 hominum.
565 758 728 816 Praemisso
745 757 878 829 Caecina,
898 764 933 815 ut
949 756 1093 815 occulta*
1110 756 1247 815 saltuum

240 862 438 926 scrutaretur,
464 862 637 934 pontesque
673 863 703 914 et
729 875 855 932 aggeres
891 853 997 912 umido
1034 853 1183 932 paludum
1214 859 1249 912 et

239 950 419 1011 fallacibus*
429 951 545 1031 campis
558 953 740 1031 imponeret,
754 952 904 1011 incedunt
917 957 1050 1010 maestos
1063 950 1147 1009 locos
1162 951 1249 1009 visu·

240 1068 300 1128 que
317 1068 352 1107 ac
373 1050 519 1108 memoria
535 1049 699 1109 deformes.
718 1049 822 1107 Prima
836 1047 909 1107 Vari
927 1055 1027 1108 castra
1049 1046 1112 1105 lato
1127 1047 1248 1106 ambitu

231 1151 271 1203 -et
284 1144 431 1204 dimensis
446 1146 606 1225 principiis
620 1146 713 1204 trium
730 1145 886 1223 legionum
902 1165 1012 1204 manus
1023 1145 1245 1204 ostentabant:
1317 1161 1318 1168 ’

240 1241 310 1300 dein
340 1244 487 1301 semiruto
516 1243 609 1315 vallo,
637 1242 747 1301 humili
773 1244 856 1302 fossa
884 1241 992 1301 accisae
1015 1241 1080 1321 jam
1105 1241 1247 1321 reliquiae

240 1338 435 1398 consedisse*
457 1339 740 1417 intellegebantur:
762 1339 864 1398 medio
886 1338 987 1417 campi
1009 1337 1143 1398 albentia
1163 1359 1245 1410 ossa,

241 1438 275 1489 nt
290 1431 442 1508 fugerant,
465 1440 499 1492 ut
515 1433 703 1503 restiterant,
726 1431 855 1511 disjecta
873 1431 922 1489 vel
942 1437 1097 1510 aggerata.
1115 1430 1247 1510 Adjace-

241 1529 315 1586 bant
332 1529 482 1605 fragmina
505 1529 637 1588 telorum
657 1547 869 1608 equorumque
893 1536 988 1600 artus,
1013 1527 1104 1586 simul
1126 1528 1247 1586 truncis

240 1625 383 1684 arborum
400 1626 532 1684 antefixa
547 1643 618 1699 ora;
635 1625 712 1684 lucis
727 1625 910 1706 propinquis
922 1625 1059 1684 barbarae
1074 1644 1145 1696 arae,
1162 1625 1247 1704 apud

161 1708 163 1712 ⁵
240 1741 316 1800 quas
331 1722 471 1782 tribunos
489 1743 523 1781 ac
535 1723 707 1802 primorum
722 1723 866 1782 ordinum
880 1721 1075 1781 centuriones
1090 1724 1249 1780 mactave-

241 1827 320 1878 rant.
351 1819 390 1877 Et
413 1819 509 1879 cladis
541 1819 609 1900 ejus
642 1820 836 1899 superstites,
867 1838 1002 1899 pugnam
1038 1824 1092 1876 aut
1120 1819 1247 1877 vincula

240 1916 346 1996 elapsi,
363 1917 537 1976 referebant
551 1940 566 1972 r<
580 1915 631 1976 hic
646 1917 794 1976 cecidisse
810 1916 944 1994 legatos3
964 1915 1028 1974 illic
1041 1922 1145 1993 raptas
1159 1917 1247 1994 aqui-

241 2013 301 2088 las;
333 2014 466 2095 primurn
500 2006 553 2072 ubi
581 2014 695 2072 vulnus
730 2014 813 2072 Varo
845 2013 1005 2087 adactum;
1040 2012 1092 2070 ubi
1128 2012 1245 2072 infelici

240 2111 359 2185 dextra,
378 2119 410 2170 et
424 2130 480 2169 suo
499 2111 563 2170 ictu
582 2116 713 2169 mortem
733 2110 904 2184 invenerit;
925 2130 986 2190 quo
1004 2109 1152 2168 tribunali
1169 2130 1247 2168 con-

241 2209 376 2266 tionatus
392 2207 568 2280 Arminius;
588 2213 664 2287 quot
678 2206 818 2286 patibula
840 2207 981 2286 captivis,
999 2226 1068 2285 quae
1085 2207 1210 2265 scrobes
1222 2209 1244 2280 *,

242 2313 335 2385 utque
359 2305 454 2383 signis
478 2311 509 2363 et
532 2303 644 2383 aquilis
669 2323 724 2382 per
749 2303 926 2382 superbiam
945 2303 1088 2364 illuserit.
1109 2327 1124 2360 »
1146 2303 1248 2382 Igitur

242 2403 398 2462 Romanus
409 2401 461 2481 qui
473 2401 580 2460 aderat
590 2401 753 2473 exercitae,
770 2408 891 2459 sextum
907 2403 977 2479 post
991 2399 1107 2460 cladis*
1116 2419 1245 2473 annum,

242 2500 334 2559 trium
351 2499 507 2576 legionum
530 2516 610 2571 ossa,
632 2497 717 2556 nullo
737 2505 885 2556 noscente
904 2496 1021 2556 alienas
1038 2495 1185 2577 reliquias
1206 2518 1246 2558 an

240 2616 366 2658 suorum
390 2596 484 2655 humo
505 2601 633 2674 tegeret,
655 2613 762 2652 omnes
784 2601 819 2652 ut
840 2593 1036 2673 conjunctos,
1056 2599 1092 2654 ut
1113 2613 1248 2654 consan-

239 2695 379 2773 guineos,
396 2700 486 2753 aucta
501 2693 532 2750 in
548 2691 668 2750 hostem
686 2691 742 2763 ira,
762 2691 871 2750 maesti
887 2689 978 2749 simul
994 2697 1025 2750 et
1041 2689 1154 2750 infensi
1169 2710 1247 2752 con-

239 2792 384 2851 debant*.

270 2889 311 2939 N·
322 2888 365 2938 95
377 2900 383 2934 :
395 2885 544 2956 chulta,
552 2888 614 2934 tour
625 2899 696 2947 grec,
706 2884 832 2957 frequent
843 2884 906 2932 chez
915 2884 1008 2933 Tacite
1019 2897 1026 2934 ε
1038 2883 1141 2932 incerta
1152 2883 1246 2944 maris,

236 2962 452 3072 atlante.
461 2944 985 3079 0111311ζὲ1111111501111111·
998 2946 1247 3069 1111110111

239 3073 397 3136 pathetique
410 3072 526 3118 contenu
539 3072 572 3117 de
585 3074 644 3117 tout
655 3069 680 3117 le
693 3071 768 3117 recrt.
782 3070 993 3130 -Incedunt,
1006 3083 1073 3118 avec
1084 3067 1246 3127 l’accusatil,

239 3139 280 3184 est
297 3134 433 3197 poetique.
451 3157 481 3168 -
499 3131 644 3188 ambitu.
662 3132 687 3179 le
704 3131 848 3194 perimetre
866 3133 902 3178 du
919 3130 1031 3190 vallum,
1051 3131 1120 3178 ainsi
1136 3145 1189 3192 que
1206 3132 1248 3178 les

238 3197 404 3244 dimensione
421 3195 454 3242 de
473 3193 499 3241 la
514 3193 590 3255 place
609 3192 723 3240 d'armes
737 3192 901 3255 (principiis)
937 3193 1108 3240 ermettaient
1119 3192 1153 3239 de
1168 3193 1249 3264 Juger

239 3260 274 3306 du
302 3258 413 3305 nombre
434 3257 482 3304 des
505 3256 616 3303 soldats.
638 3281 669 3290 -
689 3254 891 3304 consedisse.
931 3269 960 3302 es
982 3254 1109 3302 Romains
1132 3267 1249 3303 vaincus

239 3321 395 3380 essayerent
406 3319 439 3365 de
459 3333 487 3365 se
506 3319 635 3364 reformer
646 3317 763 3364 derniere
776 3331 811 3362 un
824 3317 923 3364 second
936 3330 1013 3387 camp
1026 3314 1136 3377 (humili
1151 3314 1246 3378 fossa).

238 3407 268 3416 -
281 3381 422 3430 Scrobes
435 3395 441 3426 ι
456 3395 534 3426 renre
547 3380 580 3426 de
593 3381 663 3426 mort
673 3378 743 3426 usite
760 3378 823 3425 chez
840 3378 880 3424 les
898 3377 1039 3425 Germarns
1052 3376 1164 3440 (Tacite,
1180 3377 1249 3425 Ger-

239 3457 319 3498 man,
334 3442 381 3503 12).
392 3468 423 3477 -
435 3415 545 3491 cladis
557 3460 588 3482 =
596 3442 658 3502 post
673 3439 776 3487 cladem
788 3439 851 3486 chez
863 3439 902 3486 les
915 3439 1071 3500 classiques.
1082 3464 1113 3474 -
1123 3437 1247 3489 Conde—

238 3503 329 3554 bant.
340 3505 380 3551 On
394 3505 532 3550 reconnait
541 3503 575 3548 ici
587 3521 598 3544 a
611 3502 636 3549 16
648 3501 709 3563 plus
722 3515 801 3562 grave
814 3502 861 3548 des
874 3500 1019 3548 historiens
1034 3519 1044 3542 »
1058 3500 1204 3608 (Bossueqp,
1218 3507 1248 3548 et

239 3565 285 3612 «16
295 3566 355 3628 plus
366 3565 448 3626 grand
464 3564 567 3625 peintre
580 3565 613 3610 de
625 3561 774 3623 1‘antiquitt
789 3581 800 3604 »
815 3561 944 3625 (Recine).
959 3562 1050 3609 Tacite
1063 3561 1164 3608 excelle
1197 3577 1248 3609 ans

238 3628 277 3674 les
286 3628 472 3688 descriptions,
481 3629 507 3673 et
515 3625 533 3671 il
541 3640 573 3672 en
582 3625 633 3671 tire
641 3639 676 3670 un
702 3625 768 3671 rand
777 3624 840 3670 ellet
847 3624 1024 3685 dramatique,
1033 3637 1113 3684 parce
1121 3637 1173 3684 que
1181 3623 1248 3670 chez

238 3690 275 3737 lui
294 3689 318 3736 le
338 3688 519 3750 psychologue
537 3691 578 3733 est
594 3639 701 3732 doublb
710 3684 772 3732 d'un
790 3686 878 3746 poete.
898 3684 919 3732 Il
936 3685 989 3732 seit
1001 3685 1101 3732 choisir
1116 3684 1141 3731 le
1160 3684 1247 3734 uttan

239 3755 348 3799 concret
359 3752 404 3812 qui
418 3751 510 3810 trappe
523 3747 731 3808 l'imaginati0n3
749 3747 768 3793 il
779 3748 831 3794 sait
846 3748 905 3794 voir
916 3746 941 3794 le
954 3747 1053 3794 dehors
1065 3749 1093 3794 et
1104 3745 1128 3793 le
1141 3746 1248 3794 dedans

239 3815 286 3860 des
300 3814 394 3860 choses
408 3815 435 3859 et
450 3812 497 3857 des
509 3810 639 3868 hommes,
655 3812 683 3856 et
699 3808 738 3856 les
758 3809 920 3870 interpreter
932 3807 985 3856 l'un
1002 3823 1052 3870 pur
1062 3807 1164 3856 l'autre.

669 3897 810 3947 ...96-
