<?xml version="1.0" encoding="UTF-8"?>
<!DOCTYPE html PUBLIC "-//W3C//DTD XHTML 1.0 Transitional//EN"
    "http://www.w3.org/TR/xhtml1/DTD/xhtml1-transitional.dtd">
<html xmlns="http://www.w3.org/1999/xhtml" xml:lang="en" lang="en">
 <head>
  <title>
</title>
<meta http-equiv="Content-Type" content="text/html;charset=utf-8" />
  <meta name='ocr-system' content='tesseract 3.04.00' />
  <meta name='ocr-capabilities' content='ocr_page ocr_carea ocr_par ocr_line ocrx_word'/>
</head>
<body>
  <div class='ocr_page' id='page_1' title='image "./depublicaprivat01arnagoog_0546.png"; bbox 0 0 2664 4234; ppageno 0'>
   <div class='ocr_carea' id='block_1_1' title="bbox 148 88 1070 286">
    <p class='ocr_par' dir='ltr' id='par_1_1' title="bbox 148 88 1070 286">
     <span class='ocr_line' id='line_1_1' title="bbox 148 88 1070 194; baseline 0 -14"><span class='ocrx_word' id='word_1_1' title='bbox 148 124 236 182; x_wconf 80' lang='lat'>494.</span> <span class='ocrx_word' id='word_1_2' title='bbox 255 126 312 182; x_wconf 85' lang='lat' dir='ltr'><strong><em>Un</em></strong></span> <span class='ocrx_word' id='word_1_3' title='bbox 331 122 498 181; x_wconf 77' lang='lat' dir='ltr'><strong><em>ehretien</em></strong></span> <span class='ocrx_word' id='word_1_4' title='bbox 516 125 583 181; x_wconf 86' lang='lat' dir='ltr'><strong><em>des</em></strong></span> <span class='ocrx_word' id='word_1_5' title='bbox 601 124 781 194; x_wconf 88' lang='lat' dir='ltr'><strong><em>premiers</em></strong></span> <span class='ocrx_word' id='word_1_6' title='bbox 800 123 934 181; x_wconf 77' lang='lat' dir='ltr'><strong><em>siecles</em></strong></span> <span class='ocrx_word' id='word_1_7' title='bbox 949 88 1070 181; x_wconf 78' lang='lat' dir='ltr'><strong><em>rerute</em></strong></span> 
     </span>
     <span class='ocr_line' id='line_1_2' title="bbox 288 212 933 286; baseline -0.002 -19"><span class='ocrx_word' id='word_1_8' title='bbox 288 213 463 286; x_wconf 81' lang='lat' dir='ltr'>quelques</span> <span class='ocrx_word' id='word_1_9' title='bbox 482 212 687 282; x_wconf 82' lang='lat' dir='ltr'><strong><em>objections</em></strong></span> <span class='ocrx_word' id='word_1_10' title='bbox 706 214 772 270; x_wconf 88' lang='lat' dir='ltr'><strong><em>des</em></strong></span> <span class='ocrx_word' id='word_1_11' title='bbox 791 213 933 282; x_wconf 79' lang='lat' dir='ltr'><strong><em>palens.</em></strong></span> 
     </span>
    </p>
   </div>
   <div class='ocr_carea' id='block_1_2' title="bbox 140 305 1081 462">
    <p class='ocr_par' dir='ltr' id='par_1_2' title="bbox 140 305 1081 462">
     <span class='ocr_line' id='line_1_3' title="bbox 140 305 1081 381; baseline 0 -15"><span class='ocrx_word' id='word_1_12' title='bbox 140 314 326 380; x_wconf 83' lang='lat' dir='ltr'><strong><em>(Christianus</em></strong></span> <span class='ocrx_word' id='word_1_13' title='bbox 338 315 449 381; x_wconf 83' lang='lat' dir='ltr'><strong><em>quidam</em></strong></span> <span class='ocrx_word' id='word_1_14' title='bbox 459 316 612 381; x_wconf 88' lang='lat' dir='ltr'><strong><em>primorum</em></strong></span> <span class='ocrx_word' id='word_1_15' title='bbox 626 318 775 381; x_wconf 88' lang='lat' dir='ltr'><strong><em>temporum</em></strong></span> <span class='ocrx_word' id='word_1_16' title='bbox 788 333 817 366; x_wconf 90' lang='lat' dir='ltr'><strong><em>ea</em></strong></span> <span class='ocrx_word' id='word_1_17' title='bbox 829 316 954 379; x_wconf 72' lang='lat' dir='ltr'><strong><em>refellere</em></strong></span> <span class='ocrx_word' id='word_1_18' title='bbox 967 305 1081 366; x_wconf 83' lang='lat' dir='ltr'><strong><em>conatur</em></strong></span> 
     </span>
     <span class='ocr_line' id='line_1_4' title="bbox 334 395 889 462; baseline 0 -18"><span class='ocrx_word' id='word_1_19' title='bbox 334 410 403 461; x_wconf 87' lang='lat' dir='ltr'><strong><em>quae</em></strong></span> <span class='ocrx_word' id='word_1_20' title='bbox 416 395 592 462; x_wconf 71' lang='lat' dir='ltr'><strong><em>ayenlilibus</em></strong></span> <span class='ocrx_word' id='word_1_21' title='bbox 604 399 697 446; x_wconf 88' lang='lat' dir='ltr'><strong><em>contra</em></strong></span> <span class='ocrx_word' id='word_1_22' title='bbox 710 397 889 460; x_wconf 73' lang='lat' dir='ltr'><strong><em>dicebantur.)</em></strong></span> 
     </span>
    </p>
   </div>
   <div class='ocr_carea' id='block_1_3' title="bbox 108 501 1192 2526">
    <p class='ocr_par' dir='ltr' id='par_1_3' title="bbox 152 501 1167 584">
     <span class='ocr_line' id='line_1_5' title="bbox 152 501 1167 584; baseline 0.003 -23"><span class='ocrx_word' id='word_1_23' title='bbox 152 502 272 562; x_wconf 87' lang='lat' dir='ltr'><strong><em>Putatis</em></strong></span> <span class='ocrx_word' id='word_1_24' title='bbox 286 524 342 561; x_wconf 93' lang='lat' dir='ltr'><strong><em>nos</em></strong></span> <span class='ocrx_word' id='word_1_25' title='bbox 359 503 532 563; x_wconf 87' lang='lat' dir='ltr'><strong><em>occultare*</em></strong></span> <span class='ocrx_word' id='word_1_26' title='bbox 553 505 638 584; x_wconf 90' lang='lat' dir='ltr'><strong><em>quod</em></strong></span> <span class='ocrx_word' id='word_1_27' title='bbox 654 505 793 577; x_wconf 88' lang='lat' dir='ltr'><strong><em>colimus,</em></strong></span> <span class='ocrx_word' id='word_1_28' title='bbox 810 503 835 562; x_wconf 91' lang='lat' dir='ltr'><strong><em>si</em></strong></span> <span class='ocrx_word' id='word_1_29' title='bbox 853 503 981 564; x_wconf 90' lang='lat' dir='ltr'><strong><em>delubra</em></strong></span> <span class='ocrx_word' id='word_1_30' title='bbox 999 510 1030 563; x_wconf 90' lang='lat' dir='ltr'><strong><em>et</em></strong></span> <span class='ocrx_word' id='word_1_31' title='bbox 1044 523 1111 562; x_wconf 86' lang='lat' dir='ltr'><strong><em>aras</em></strong></span> <span class='ocrx_word' id='word_1_32' title='bbox 1128 501 1167 564; x_wconf 77' lang='lat'><strong><em>2⁰</em></strong></span> 
     </span>
    </p>

    <p class='ocr_par' dir='ltr' id='par_1_4' title="bbox 108 599 1110 679">
     <span class='ocr_line' id='line_1_6' title="bbox 108 599 1110 679; baseline 0.002 -22"><span class='ocrx_word' id='word_1_33' title='bbox 108 621 176 658; x_wconf 88' lang='lat' dir='ltr'><strong><em>non</em></strong></span> <span class='ocrx_word' id='word_1_34' title='bbox 197 599 345 660; x_wconf 88' lang='lat' dir='ltr'><strong><em>habemus</em></strong></span> <span class='ocrx_word' id='word_1_35' title='bbox 356 602 370 660; x_wconf 82' lang='lat' dir='ltr'><strong><em>‘l</em></strong></span> <span class='ocrx_word' id='word_1_36' title='bbox 381 601 470 668; x_wconf 89' lang='lat' dir='ltr'><strong><em>Quod</em></strong></span> <span class='ocrx_word' id='word_1_37' title='bbox 483 602 562 660; x_wconf 90' lang='lat' dir='ltr'><strong><em>enim</em></strong></span> <span class='ocrx_word' id='word_1_38' title='bbox 579 601 775 660; x_wconf 86' lang='lat' dir='ltr'>simulacrum</span> <span class='ocrx_word' id='word_1_39' title='bbox 789 602 855 661; x_wconf 90' lang='lat' dir='ltr'><strong><em>Deo</em></strong></span> <span class='ocrx_word' id='word_1_40' title='bbox 870 601 983 679; x_wconf 84' lang='lat' dir='ltr'><strong><em>fingam</em></strong></span> <span class='ocrx_word' id='word_1_41' title='bbox 992 601 1014 673; x_wconf 89' lang='lat'><strong><em>*,</em></strong></span> <span class='ocrx_word' id='word_1_42' title='bbox 1027 621 1110 672; x_wconf 84' lang='lat' dir='ltr'><strong><em>cum,</em></strong></span> 
     </span>
    </p>

    <p class='ocr_par' dir='ltr' id='par_1_5' title="bbox 108 697 1191 1147">
     <span class='ocr_line' id='line_1_7' title="bbox 109 697 1113 778; baseline 0.003 -25"><span class='ocrx_word' id='word_1_43' title='bbox 109 697 135 753; x_wconf 90' lang='lat' dir='ltr'><strong><em>si</em></strong></span> <span class='ocrx_word' id='word_1_44' title='bbox 154 705 237 755; x_wconf 88' lang='lat' dir='ltr'><strong><em>recle</em></strong></span> <span class='ocrx_word' id='word_1_45' title='bbox 254 697 420 771; x_wconf 63' lang='lat' dir='ltr'><strong><em>existimes</em></strong></span> <span class='ocrx_word' id='word_1_46' title='bbox 435 699 475 757; x_wconf 89' lang='lat' dir='ltr'><strong><em>sit</em></strong></span> <span class='ocrx_word' id='word_1_47' title='bbox 494 699 551 758; x_wconf 92' lang='lat' dir='ltr'><strong><em>Dei</em></strong></span> <span class='ocrx_word' id='word_1_48' title='bbox 569 699 661 758; x_wconf 90' lang='lat' dir='ltr'><strong><em>homo</em></strong></span> <span class='ocrx_word' id='word_1_49' title='bbox 681 699 766 778; x_wconf 89' lang='lat' dir='ltr'><strong><em>ipse*</em></strong></span> <span class='ocrx_word' id='word_1_50' title='bbox 785 699 1008 758; x_wconf 81' lang='lat' dir='ltr'><strong><em>simulacrum?</em></strong></span> <span class='ocrx_word' id='word_1_51' title='bbox 1022 698 1113 756; x_wconf 90' lang='lat' dir='ltr'><strong><em>Tem-</em></strong></span> 
     </span>
     <span class='ocr_line' id='line_1_8' title="bbox 108 787 1191 876; baseline 0.003 -26"><span class='ocrx_word' id='word_1_52' title='bbox 108 793 198 873; x_wconf 90' lang='lat' dir='ltr'><strong><em>plum</em></strong></span> <span class='ocrx_word' id='word_1_53' title='bbox 221 795 303 874; x_wconf 91' lang='lat' dir='ltr'><strong><em>quod</em></strong></span> <span class='ocrx_word' id='word_1_54' title='bbox 325 795 353 853; x_wconf 93' lang='lat' dir='ltr'><strong><em>ei</em></strong></span> <span class='ocrx_word' id='word_1_55' title='bbox 373 803 539 868; x_wconf 81' lang='lat' dir='ltr'><strong><em>exstruam,</em></strong></span> <span class='ocrx_word' id='word_1_56' title='bbox 560 817 630 856; x_wconf 92' lang='lat' dir='ltr'><strong><em>cum</em></strong></span> <span class='ocrx_word' id='word_1_57' title='bbox 650 804 733 856; x_wconf 87' lang='lat' dir='ltr'><strong><em>totus</em></strong></span> <span class='ocrx_word' id='word_1_58' title='bbox 757 796 807 855; x_wconf 91' lang='lat' dir='ltr'><strong><em>hic</em></strong></span> <span class='ocrx_word' id='word_1_59' title='bbox 827 796 910 854; x_wconf 90' lang='lat' dir='ltr'><strong><em>orbis</em></strong></span> <span class='ocrx_word' id='word_1_60' title='bbox 934 796 1000 876; x_wconf 85' lang='lat' dir='ltr'><strong><em>ejus</em></strong></span> <span class='ocrx_word' id='word_1_61' title='bbox 1020 815 1113 876; x_wconf 88' lang='lat' dir='ltr'><strong><em>opere</em></strong></span> <span class='ocrx_word' id='word_1_62' title='bbox 1189 787 1191 790; x_wconf 38' lang='lat'>¹</span> 
     </span>
     <span class='ocr_line' id='line_1_9' title="bbox 110 891 1113 974; baseline 0.002 -26"><span class='ocrx_word' id='word_1_63' title='bbox 110 891 280 950; x_wconf 85' lang='lat' dir='ltr'><strong><em>fabricatus</em></strong></span> <span class='ocrx_word' id='word_1_64' title='bbox 301 913 370 951; x_wconf 92' lang='lat' dir='ltr'><strong><em>eum</em></strong></span> <span class='ocrx_word' id='word_1_65' title='bbox 390 913 498 973; x_wconf 81' lang='lat' dir='ltr'><strong><em>capere</em></strong></span> <span class='ocrx_word' id='word_1_66' title='bbox 518 915 579 953; x_wconf 92' lang='lat' dir='ltr'><strong><em>non</em></strong></span> <span class='ocrx_word' id='word_1_67' title='bbox 599 894 719 974; x_wconf 84' lang='lat' dir='ltr'><strong><em>possit?</em></strong></span> <span class='ocrx_word' id='word_1_68' title='bbox 739 895 788 967; x_wconf 89' lang='lat' dir='ltr'><strong><em>Et,</em></strong></span> <span class='ocrx_word' id='word_1_69' title='bbox 809 914 878 952; x_wconf 90' lang='lat' dir='ltr'><strong><em>eum</em></strong></span> <span class='ocrx_word' id='word_1_70' title='bbox 902 893 995 952; x_wconf 95' lang='lat' dir='ltr'><strong><em>homo</em></strong></span> <span class='ocrx_word' id='word_1_71' title='bbox 1021 893 1113 951; x_wconf 86' lang='lat' dir='ltr'><strong><em>iatius</em></strong></span> 
     </span>
     <span class='ocr_line' id='line_1_10' title="bbox 111 989 1113 1070; baseline 0.001 -25"><span class='ocrx_word' id='word_1_72' title='bbox 111 1008 264 1062; x_wconf 85' lang='lat' dir='ltr'><strong><em>maneam,</em></strong></span> <span class='ocrx_word' id='word_1_73' title='bbox 300 989 380 1049; x_wconf 79' lang='lat' dir='ltr'><strong><em>intra</em></strong></span> <span class='ocrx_word' id='word_1_74' title='bbox 408 1011 500 1049; x_wconf 90' lang='lat' dir='ltr'><strong><em>unam</em></strong></span> <span class='ocrx_word' id='word_1_75' title='bbox 532 989 693 1050; x_wconf 87' lang='lat' dir='ltr'><strong><em>aediculam</em></strong></span> <span class='ocrx_word' id='word_1_76' title='bbox 723 991 784 1049; x_wconf 92' lang='lat' dir='ltr'><strong><em>vim</em></strong></span> <span class='ocrx_word' id='word_1_77' title='bbox 816 997 909 1050; x_wconf 86' lang='lat' dir='ltr'><strong><em>tantae</em></strong></span> <span class='ocrx_word' id='word_1_78' title='bbox 944 989 1113 1070; x_wconf 88' lang='lat' dir='ltr'><strong><em>majestatis</em></strong></span> 
     </span>
     <span class='ocr_line' id='line_1_11' title="bbox 109 1084 1114 1147; baseline 0.004 -6"><span class='ocrx_word' id='word_1_79' title='bbox 109 1084 267 1144; x_wconf 87' lang='lat' dir='ltr'><strong><em>includam</em></strong></span> <span class='ocrx_word' id='word_1_80' title='bbox 276 1087 312 1146; x_wconf 70' lang='lat' dir='ltr'><strong><em>*i</em></strong></span> <span class='ocrx_word' id='word_1_81' title='bbox 327 1086 436 1146; x_wconf 88' lang='lat' dir='ltr'><strong><em>Nonne</em></strong></span> <span class='ocrx_word' id='word_1_82' title='bbox 448 1087 557 1146; x_wconf 88' lang='lat' dir='ltr'><strong><em>melius</em></strong></span> <span class='ocrx_word' id='word_1_83' title='bbox 570 1088 601 1146; x_wconf 88' lang='lat' dir='ltr'><strong><em>in</em></strong></span> <span class='ocrx_word' id='word_1_84' title='bbox 616 1095 720 1147; x_wconf 90' lang='lat' dir='ltr'><strong><em>nostra</em></strong></span> <span class='ocrx_word' id='word_1_85' title='bbox 733 1087 920 1147; x_wconf 88' lang='lat' dir='ltr'><strong><em>dedicandus</em></strong></span> <span class='ocrx_word' id='word_1_86' title='bbox 933 1094 979 1146; x_wconf 88' lang='lat' dir='ltr'><strong><em>est</em></strong></span> <span class='ocrx_word' id='word_1_87' title='bbox 989 1088 1114 1146; x_wconf 82' lang='lat' dir='ltr'><strong><em>mente?</em></strong></span> 
     </span>
    </p>

    <p class='ocr_par' dir='ltr' id='par_1_6' title="bbox 112 1182 1114 1362">
     <span class='ocr_line' id='line_1_12' title="bbox 112 1182 1114 1266; baseline 0.004 -27"><span class='ocrx_word' id='word_1_88' title='bbox 112 1184 144 1239; x_wconf 91' lang='lat' dir='ltr'><strong><em>in</em></strong></span> <span class='ocrx_word' id='word_1_89' title='bbox 161 1190 267 1241; x_wconf 90' lang='lat' dir='ltr'><strong><em>nostro</em></strong></span> <span class='ocrx_word' id='word_1_90' title='bbox 288 1182 383 1242; x_wconf 91' lang='lat' dir='ltr'><strong><em>immo</em></strong></span> <span class='ocrx_word' id='word_1_91' title='bbox 400 1185 626 1244; x_wconf 90' lang='lat' dir='ltr'><strong><em>consecrandus</em></strong></span> <span class='ocrx_word' id='word_1_92' title='bbox 638 1192 689 1244; x_wconf 85' lang='lat' dir='ltr'><strong><em>esl&#39;</em></strong></span> <span class='ocrx_word' id='word_1_93' title='bbox 701 1187 849 1266; x_wconf 75' lang='lat' dir='ltr'><strong><em>pectore?</em></strong></span> <span class='ocrx_word' id='word_1_94' title='bbox 864 1185 989 1244; x_wconf 85' lang='lat' dir='ltr'><strong><em>Hostias</em></strong></span> <span class='ocrx_word' id='word_1_95' title='bbox 1004 1192 1035 1243; x_wconf 90' lang='lat' dir='ltr'><strong><em>et</em></strong></span> <span class='ocrx_word' id='word_1_96' title='bbox 1051 1185 1114 1243; x_wconf 92' lang='lat' dir='ltr'><strong><em>vic-</em></strong></span> 
     </span>
     <span class='ocr_line' id='line_1_13' title="bbox 112 1280 1112 1362; baseline 0.002 -25"><span class='ocrx_word' id='word_1_97' title='bbox 112 1280 203 1338; x_wconf 83' lang='lat' dir='ltr'><strong><em>timas</em></strong></span> <span class='ocrx_word' id='word_1_98' title='bbox 221 1280 287 1338; x_wconf 92' lang='lat' dir='ltr'><strong><em>Deo</em></strong></span> <span class='ocrx_word' id='word_1_99' title='bbox 303 1283 438 1357; x_wconf 83' lang='lat' dir='ltr'><strong><em>offeram,</em></strong></span> <span class='ocrx_word' id='word_1_100' title='bbox 454 1282 573 1361; x_wconf 88' lang='lat' dir='ltr'><strong><em>quasin</em></strong></span> <span class='ocrx_word' id='word_1_101' title='bbox 591 1303 678 1341; x_wconf 90' lang='lat' dir='ltr'><strong><em>usum</em></strong></span> <span class='ocrx_word' id='word_1_102' title='bbox 697 1282 755 1340; x_wconf 90' lang='lat' dir='ltr'><strong><em>mei</em></strong></span> <span class='ocrx_word' id='word_1_103' title='bbox 771 1281 910 1362; x_wconf 83' lang='lat' dir='ltr'><strong><em>protulit,</em></strong></span> <span class='ocrx_word' id='word_1_104' title='bbox 929 1289 963 1341; x_wconf 89' lang='lat' dir='ltr'><strong><em>ul</em></strong></span> <span class='ocrx_word' id='word_1_105' title='bbox 977 1282 1112 1362; x_wconf 84' lang='lat' dir='ltr'><strong><em>rejiciam</em></strong></span> 
     </span>
    </p>

    <p class='ocr_par' dir='ltr' id='par_1_7' title="bbox 110 1370 1192 2526">
     <span class='ocr_line' id='line_1_14' title="bbox 110 1370 1114 1457; baseline 0.004 -23"><span class='ocrx_word' id='word_1_106' title='bbox 110 1378 140 1435; x_wconf 85' lang='lat' dir='ltr'><strong><em>ei</em></strong></span> <span class='ocrx_word' id='word_1_107' title='bbox 161 1398 250 1435; x_wconf 91' lang='lat' dir='ltr'><strong><em>suum</em></strong></span> <span class='ocrx_word' id='word_1_108' title='bbox 268 1381 401 1438; x_wconf 82' lang='lat' dir='ltr'><strong><em>munus?</em></strong></span> <span class='ocrx_word' id='word_1_109' title='bbox 419 1379 577 1457; x_wconf 87' lang='lat' dir='ltr'><strong><em>Ingratum</em></strong></span> <span class='ocrx_word' id='word_1_110' title='bbox 597 1387 665 1439; x_wconf 87' lang='lat' dir='ltr'><strong><em>est:</em></strong></span> <span class='ocrx_word' id='word_1_111' title='bbox 690 1370 770 1438; x_wconf 58' lang='lat' dir='ltr'><strong><em>cum&#39;</em></strong></span> <span class='ocrx_word' id='word_1_112' title='bbox 786 1381 826 1438; x_wconf 90' lang='lat' dir='ltr'><strong><em>sit</em></strong></span> <span class='ocrx_word' id='word_1_113' title='bbox 849 1379 973 1438; x_wconf 83' lang='lat' dir='ltr'><strong><em>litabilis</em></strong></span> <span class='ocrx_word' id='word_1_114' title='bbox 995 1378 1114 1438; x_wconf 79' lang='lat' dir='ltr'><strong><em>hostia*</em></strong></span> 
     </span>
     <span class='ocr_line' id='line_1_15' title="bbox 113 1474 1116 1556; baseline 0 -24"><span class='ocrx_word' id='word_1_115' title='bbox 113 1474 213 1533; x_wconf 92' lang='lat' dir='ltr'><strong><em>bonus</em></strong></span> <span class='ocrx_word' id='word_1_116' title='bbox 228 1476 357 1546; x_wconf 82' lang='lat' dir='ltr'><strong><em>animus,</em></strong></span> <span class='ocrx_word' id='word_1_117' title='bbox 373 1483 404 1534; x_wconf 92' lang='lat' dir='ltr'><strong><em>et</em></strong></span> <span class='ocrx_word' id='word_1_118' title='bbox 418 1497 495 1556; x_wconf 92' lang='lat' dir='ltr'><strong><em>pura</em></strong></span> <span class='ocrx_word' id='word_1_119' title='bbox 510 1497 606 1549; x_wconf 89' lang='lat' dir='ltr'><strong><em>mens,</em></strong></span> <span class='ocrx_word' id='word_1_120' title='bbox 621 1483 653 1535; x_wconf 91' lang='lat' dir='ltr'><strong><em>el</em></strong></span> <span class='ocrx_word' id='word_1_121' title='bbox 666 1476 784 1535; x_wconf 89' lang='lat' dir='ltr'><strong><em>sincera</em></strong></span> <span class='ocrx_word' id='word_1_122' title='bbox 801 1476 999 1535; x_wconf 87' lang='lat' dir='ltr'><strong><em>conscientia.</em></strong></span> <span class='ocrx_word' id='word_1_123' title='bbox 1017 1476 1116 1554; x_wconf 82' lang='lat' dir='ltr'><strong><em>Igitur</em></strong></span> 
     </span>
     <span class='ocr_line' id='line_1_16' title="bbox 110 1571 1115 1653; baseline 0.002 -24"><span class='ocrx_word' id='word_1_124' title='bbox 110 1572 167 1650; x_wconf 90' lang='lat' dir='ltr'><strong><em>qui</em></strong></span> <span class='ocrx_word' id='word_1_125' title='bbox 184 1571 392 1631; x_wconf 71' lang='lat' dir='ltr'><strong><em>innocentiam</em></strong></span> <span class='ocrx_word' id='word_1_126' title='bbox 413 1573 498 1642; x_wconf 81' lang='lat' dir='ltr'><strong><em>colit,</em></strong></span> <span class='ocrx_word' id='word_1_127' title='bbox 522 1574 588 1632; x_wconf 90' lang='lat' dir='ltr'><strong><em>Deo</em></strong></span> <span class='ocrx_word' id='word_1_128' title='bbox 606 1574 775 1653; x_wconf 88' lang='lat' dir='ltr'><strong><em>supplicat;</em></strong></span> <span class='ocrx_word' id='word_1_129' title='bbox 795 1575 847 1652; x_wconf 89' lang='lat' dir='ltr'><strong><em>qui</em></strong></span> <span class='ocrx_word' id='word_1_130' title='bbox 860 1573 1024 1652; x_wconf 84' lang='lat' dir='ltr'><strong><em>justitiam,</em></strong></span> <span class='ocrx_word' id='word_1_131' title='bbox 1048 1573 1115 1631; x_wconf 88' lang='lat' dir='ltr'><strong><em>Deo</em></strong></span> 
     </span>
     <span class='ocr_line' id='line_1_17' title="bbox 114 1668 1116 1750; baseline 0.002 -25"><span class='ocrx_word' id='word_1_132' title='bbox 114 1669 203 1740; x_wconf 76' lang='lat' dir='ltr'><strong><em>libat,</em></strong></span> <span class='ocrx_word' id='word_1_133' title='bbox 226 1670 279 1748; x_wconf 91' lang='lat' dir='ltr'><strong><em>qui</em></strong></span> <span class='ocrx_word' id='word_1_134' title='bbox 301 1670 460 1729; x_wconf 82' lang='lat' dir='ltr'><strong><em>fraudibus</em></strong></span> <span class='ocrx_word' id='word_1_135' title='bbox 481 1670 626 1742; x_wconf 86' lang='lat' dir='ltr'><strong><em>abstinet,</em></strong></span> <span class='ocrx_word' id='word_1_136' title='bbox 647 1670 794 1750; x_wconf 87' lang='lat' dir='ltr'><strong><em>propitiat</em></strong></span> <span class='ocrx_word' id='word_1_137' title='bbox 811 1670 926 1744; x_wconf 87' lang='lat' dir='ltr'><strong><em>Deum;</em></strong></span> <span class='ocrx_word' id='word_1_138' title='bbox 947 1670 1000 1749; x_wconf 90' lang='lat' dir='ltr'><strong><em>qui</em></strong></span> <span class='ocrx_word' id='word_1_139' title='bbox 1018 1668 1116 1728; x_wconf 90' lang='lat' dir='ltr'><strong><em>homi-</em></strong></span> 
     </span>
     <span class='ocr_line' id='line_1_18' title="bbox 113 1767 1192 1849; baseline 0.001 -25"><span class='ocrx_word' id='word_1_140' title='bbox 113 1787 183 1824; x_wconf 88' lang='lat' dir='ltr'><strong><em>nem</em></strong></span> <span class='ocrx_word' id='word_1_141' title='bbox 194 1767 331 1846; x_wconf 91' lang='lat' dir='ltr'><strong><em>periculo</em></strong></span> <span class='ocrx_word' id='word_1_142' title='bbox 345 1767 488 1848; x_wconf 86' lang='lat' dir='ltr'><strong><em>subripit,</em></strong></span> <span class='ocrx_word' id='word_1_143' title='bbox 504 1767 637 1849; x_wconf 88' lang='lat' dir='ltr'><strong><em>opimam</em></strong></span> <span class='ocrx_word' id='word_1_144' title='bbox 658 1768 814 1845; x_wconf 88' lang='lat' dir='ltr'><strong><em>victimam</em></strong></span> <span class='ocrx_word' id='word_1_145' title='bbox 836 1767 938 1826; x_wconf 88' lang='lat' dir='ltr'><strong><em>caedit.</em></strong></span> <span class='ocrx_word' id='word_1_146' title='bbox 956 1767 1031 1826; x_wconf 86' lang='lat' dir='ltr'><strong><em>Haeo</em></strong></span> <span class='ocrx_word' id='word_1_147' title='bbox 1046 1787 1116 1825; x_wconf 88' lang='lat' dir='ltr'><strong><em>nos·</em></strong></span> <span class='ocrx_word' id='word_1_148' title='bbox 1190 1804 1192 1808; x_wconf 92' lang='lat'>·</span> 
     </span>
     <span class='ocr_line' id='line_1_19' title="bbox 114 1863 1117 1945; baseline -0.001 -24"><span class='ocrx_word' id='word_1_149' title='bbox 114 1872 161 1922; x_wconf 88' lang='lat' dir='ltr'><strong><em>tra</em></strong></span> <span class='ocrx_word' id='word_1_150' title='bbox 176 1865 334 1935; x_wconf 84' lang='lat' dir='ltr'><strong><em>sacrificia,</em></strong></span> <span class='ocrx_word' id='word_1_151' title='bbox 354 1865 419 1942; x_wconf 84' lang='lat' dir='ltr'><strong><em>haec</em></strong></span> <span class='ocrx_word' id='word_1_152' title='bbox 443 1865 500 1924; x_wconf 91' lang='lat' dir='ltr'><strong><em>Dei</em></strong></span> <span class='ocrx_word' id='word_1_153' title='bbox 515 1886 601 1924; x_wconf 86' lang='lat' dir='ltr'><strong><em>sacra</em></strong></span> <span class='ocrx_word' id='word_1_154' title='bbox 618 1873 706 1940; x_wconf 90' lang='lat' dir='ltr'><strong><em>sunt;</em></strong></span> <span class='ocrx_word' id='word_1_155' title='bbox 722 1866 765 1923; x_wconf 81' lang='lat' dir='ltr'><strong><em>si&#39;c</em></strong></span> <span class='ocrx_word' id='word_1_156' title='bbox 781 1865 862 1945; x_wconf 89' lang='lat' dir='ltr'><strong><em>apud</em></strong></span> <span class='ocrx_word' id='word_1_157' title='bbox 873 1885 930 1923; x_wconf 90' lang='lat' dir='ltr'><strong><em>nos</em></strong></span> <span class='ocrx_word' id='word_1_158' title='bbox 944 1863 1117 1941; x_wconf 86' lang='lat' dir='ltr'><strong><em>religiosior</em></strong></span> 
     </span>
     <span class='ocr_line' id='line_1_20' title="bbox 113 1961 1117 2043; baseline 0 -24"><span class='ocrx_word' id='word_1_159' title='bbox 113 1969 161 2019; x_wconf 89' lang='lat' dir='ltr'><strong><em>est</em></strong></span> <span class='ocrx_word' id='word_1_160' title='bbox 173 1961 224 2020; x_wconf 91' lang='lat' dir='ltr'><strong><em>ille</em></strong></span> <span class='ocrx_word' id='word_1_161' title='bbox 238 1962 288 2041; x_wconf 87' lang='lat' dir='ltr'><strong><em>qui</em></strong></span> <span class='ocrx_word' id='word_1_162' title='bbox 298 1962 421 2040; x_wconf 86' lang='lat' dir='ltr'><strong><em>justior.</em></strong></span> <span class='ocrx_word' id='word_1_163' title='bbox 434 1965 476 2020; x_wconf 82' lang='lat' dir='ltr'><strong><em>At</em></strong></span> <span class='ocrx_word' id='word_1_164' title='bbox 485 1963 565 2020; x_wconf 93' lang='lat' dir='ltr'><strong><em>enim</em></strong></span> <span class='ocrx_word' id='word_1_165' title='bbox 578 1983 669 2043; x_wconf 91' lang='lat' dir='ltr'><strong><em>quem</em></strong></span> <span class='ocrx_word' id='word_1_166' title='bbox 680 1962 808 2021; x_wconf 92' lang='lat' dir='ltr'><strong><em>colimus</em></strong></span> <span class='ocrx_word' id='word_1_167' title='bbox 821 1963 932 2033; x_wconf 89' lang='lat' dir='ltr'><strong><em>Deum,</em></strong></span> <span class='ocrx_word' id='word_1_168' title='bbox 945 1982 1001 2020; x_wconf 89' lang='lat' dir='ltr'><strong><em>nec</em></strong></span> <span class='ocrx_word' id='word_1_169' title='bbox 1014 1967 1117 2020; x_wconf 83' lang='lat' dir='ltr'><strong><em>oslen-</em></strong></span> 
     </span>
     <span class='ocr_line' id='line_1_21' title="bbox 112 2058 1115 2139; baseline 0 -23"><span class='ocrx_word' id='word_1_170' title='bbox 112 2058 215 2117; x_wconf 90' lang='lat' dir='ltr'><strong><em>dimus</em></strong></span> <span class='ocrx_word' id='word_1_171' title='bbox 240 2080 295 2116; x_wconf 88' lang='lat' dir='ltr'><strong><em>nec</em></strong></span> <span class='ocrx_word' id='word_1_172' title='bbox 321 2059 472 2119; x_wconf 87' lang='lat' dir='ltr'><strong><em>videmus.</em></strong></span> <span class='ocrx_word' id='word_1_173' title='bbox 497 2060 541 2117; x_wconf 87' lang='lat' dir='ltr'><strong><em>Ex</em></strong></span> <span class='ocrx_word' id='word_1_174' title='bbox 561 2060 620 2119; x_wconf 93' lang='lat' dir='ltr'><strong><em>hoc</em></strong></span> <span class='ocrx_word' id='word_1_175' title='bbox 642 2061 741 2118; x_wconf 92' lang='lat' dir='ltr'><strong><em>Deum</em></strong></span> <span class='ocrx_word' id='word_1_176' title='bbox 766 2059 920 2117; x_wconf 90' lang='lat' dir='ltr'><strong><em>credimus</em></strong></span> <span class='ocrx_word' id='word_1_177' title='bbox 939 2059 1021 2139; x_wconf 92' lang='lat' dir='ltr'><strong><em>quod</em></strong></span> <span class='ocrx_word' id='word_1_178' title='bbox 1046 2077 1115 2116; x_wconf 89' lang='lat' dir='ltr'><strong><em>eum</em></strong></span> 
     </span>
     <span class='ocr_line' id='line_1_22' title="bbox 112 2154 1115 2236; baseline -0.001 -23"><span class='ocrx_word' id='word_1_179' title='bbox 112 2156 249 2215; x_wconf 85' lang='lat' dir='ltr'><strong><em>sentire*</em></strong></span> <span class='ocrx_word' id='word_1_180' title='bbox 259 2177 434 2236; x_wconf 77' lang='lat' dir='ltr'><strong><em>possumne,</em></strong></span> <span class='ocrx_word' id='word_1_181' title='bbox 449 2157 555 2214; x_wconf 91' lang='lat' dir='ltr'><strong><em>videre</em></strong></span> <span class='ocrx_word' id='word_1_182' title='bbox 568 2176 630 2214; x_wconf 91' lang='lat' dir='ltr'><strong><em>non</em></strong></span> <span class='ocrx_word' id='word_1_183' title='bbox 642 2177 817 2235; x_wconf 83' lang='lat' dir='ltr'><strong><em>possumus,</em></strong></span> <span class='ocrx_word' id='word_1_184' title='bbox 837 2157 937 2214; x_wconf 87' lang='lat' dir='ltr'><strong><em>Deum</em></strong></span> <span class='ocrx_word' id='word_1_185' title='bbox 952 2155 1056 2213; x_wconf 90' lang='lat' dir='ltr'><strong><em>videre</em></strong></span> <span class='ocrx_word' id='word_1_186' title='bbox 1069 2154 1115 2212; x_wconf 82' lang='lat' dir='ltr'><strong><em>vis</em></strong></span> 
     </span>
     <span class='ocr_line' id='line_1_23' title="bbox 113 2251 1116 2333; baseline -0.001 -23"><span class='ocrx_word' id='word_1_187' title='bbox 113 2252 223 2327; x_wconf 89' lang='lat' dir='ltr'><strong><em>oculis,</em></strong></span> <span class='ocrx_word' id='word_1_188' title='bbox 236 2273 305 2312; x_wconf 91' lang='lat' dir='ltr'><strong><em>cum</em></strong></span> <span class='ocrx_word' id='word_1_189' title='bbox 321 2253 417 2333; x_wconf 90' lang='lat' dir='ltr'><strong><em>ipsam</em></strong></span> <span class='ocrx_word' id='word_1_190' title='bbox 431 2253 584 2311; x_wconf 88' lang='lat' dir='ltr'><strong><em>animam*</em></strong></span> <span class='ocrx_word' id='word_1_191' title='bbox 603 2259 688 2311; x_wconf 87' lang='lat' dir='ltr'><strong><em>tuam</em></strong></span> <span class='ocrx_word' id='word_1_192' title='bbox 706 2273 765 2332; x_wconf 91' lang='lat' dir='ltr'><strong><em>qua</em></strong></span> <span class='ocrx_word' id='word_1_193' title='bbox 780 2251 945 2310; x_wconf 88' lang='lat' dir='ltr'><strong><em>vivificaris</em></strong></span> <span class='ocrx_word' id='word_1_194' title='bbox 960 2259 991 2310; x_wconf 88' lang='lat' dir='ltr'><strong><em>el</em></strong></span> <span class='ocrx_word' id='word_1_195' title='bbox 1006 2251 1116 2331; x_wconf 89' lang='lat' dir='ltr'><strong><em>loque·</em></strong></span> 
     </span>
     <span class='ocr_line' id='line_1_24' title="bbox 115 2348 1117 2429; baseline 0.002 -23"><span class='ocrx_word' id='word_1_196' title='bbox 115 2350 168 2425; x_wconf 91' lang='lat' dir='ltr'><strong><em>ris,</em></strong></span> <span class='ocrx_word' id='word_1_197' title='bbox 190 2370 247 2409; x_wconf 90' lang='lat' dir='ltr'><strong><em>nec</em></strong></span> <span class='ocrx_word' id='word_1_198' title='bbox 269 2351 424 2429; x_wconf 87' lang='lat' dir='ltr'><strong><em>adspicere</em></strong></span> <span class='ocrx_word' id='word_1_199' title='bbox 446 2371 549 2428; x_wconf 77' lang='lat' dir='ltr'><strong><em>queaS,</em></strong></span> <span class='ocrx_word' id='word_1_200' title='bbox 578 2370 634 2408; x_wconf 88' lang='lat' dir='ltr'><strong><em>nec</em></strong></span> <span class='ocrx_word' id='word_1_201' title='bbox 665 2351 793 2407; x_wconf 77' lang='lat' dir='ltr'><strong><em>tencre?</em></strong></span> <span class='ocrx_word' id='word_1_202' title='bbox 813 2350 897 2407; x_wconf 90' lang='lat' dir='ltr'><strong><em>Deus</em></strong></span> <span class='ocrx_word' id='word_1_203' title='bbox 919 2348 1032 2428; x_wconf 89' lang='lat' dir='ltr'><strong><em>ubique</em></strong></span> <span class='ocrx_word' id='word_1_204' title='bbox 1054 2367 1117 2408; x_wconf 87' lang='lat' dir='ltr'><strong><em>non</em></strong></span> 
     </span>
     <span class='ocr_line' id='line_1_25' title="bbox 115 2446 797 2526; baseline 0 -20"><span class='ocrx_word' id='word_1_205' title='bbox 115 2454 235 2506; x_wconf 85' lang='lat' dir='ltr'><strong><em>tantum</em></strong></span> <span class='ocrx_word' id='word_1_206' title='bbox 252 2447 341 2506; x_wconf 91' lang='lat' dir='ltr'><strong><em>nobis</em></strong></span> <span class='ocrx_word' id='word_1_207' title='bbox 354 2448 523 2526; x_wconf 86' lang='lat' dir='ltr'><strong><em>proximus,</em></strong></span> <span class='ocrx_word' id='word_1_208' title='bbox 537 2448 590 2505; x_wconf 87' lang='lat' dir='ltr'><strong><em>sed</em></strong></span> <span class='ocrx_word' id='word_1_209' title='bbox 606 2446 725 2504; x_wconf 86' lang='lat' dir='ltr'><strong><em>inlusus</em></strong></span> <span class='ocrx_word' id='word_1_210' title='bbox 741 2453 797 2507; x_wconf 85' lang='lat' dir='ltr'><strong><em>est.</em></strong></span> 
     </span>
    </p>
   </div>
   <div class='ocr_carea' id='block_1_4' title="bbox 113 2550 1203 3852">
    <p class='ocr_par' dir='ltr' id='par_1_8' title="bbox 113 2550 1117 2737">
     <span class='ocr_line' id='line_1_26' title="bbox 145 2550 1117 2604; baseline -0.003 -2"><span class='ocrx_word' id='word_1_211' title='bbox 145 2553 278 2604; x_wconf 76' lang='lat' dir='ltr'>N⁰4942</span> <span class='ocrx_word' id='word_1_212' title='bbox 289 2553 475 2604; x_wconf 79' lang='lat' dir='ltr'><strong><em>occultare.</em></strong></span> <span class='ocrx_word' id='word_1_213' title='bbox 489 2553 538 2600; x_wconf 87' lang='lat' dir='ltr'><strong><em>Les</em></strong></span> <span class='ocrx_word' id='word_1_214' title='bbox 547 2552 680 2599; x_wconf 69' lang='lat' dir='ltr'><strong><em>chritiens</em></strong></span> <span class='ocrx_word' id='word_1_215' title='bbox 693 2567 721 2598; x_wconf 87' lang='lat' dir='ltr'><strong><em>se</em></strong></span> <span class='ocrx_word' id='word_1_216' title='bbox 733 2551 911 2599; x_wconf 74' lang='lat' dir='ltr'><strong><em>reunissaienl</em></strong></span> <span class='ocrx_word' id='word_1_217' title='bbox 922 2550 992 2598; x_wconf 84' lang='lat' dir='ltr'><strong><em>alors</em></strong></span> <span class='ocrx_word' id='word_1_218' title='bbox 1004 2552 1070 2599; x_wconf 85' lang='lat' dir='ltr'><strong><em>dans</em></strong></span> <span class='ocrx_word' id='word_1_219' title='bbox 1078 2550 1117 2600; x_wconf 84' lang='lat' dir='ltr'><strong><em>les</em></strong></span> 
     </span>
     <span class='ocr_line' id='line_1_27' title="bbox 113 2613 1117 2675; baseline 0 -13"><span class='ocrx_word' id='word_1_220' title='bbox 113 2616 299 2664; x_wconf 86' lang='lat' dir='ltr'><strong><em>Calacombes.</em></strong></span> <span class='ocrx_word' id='word_1_221' title='bbox 309 2614 344 2662; x_wconf 90' lang='lat' dir='ltr'><strong><em>Ce</em></strong></span> <span class='ocrx_word' id='word_1_222' title='bbox 356 2615 424 2662; x_wconf 87' lang='lat' dir='ltr'><strong><em>n&#39;est</em></strong></span> <span class='ocrx_word' id='word_1_223' title='bbox 436 2613 495 2675; x_wconf 79' lang='lat' dir='ltr'><strong><em>qu&#39;a</em></strong></span> <span class='ocrx_word' id='word_1_224' title='bbox 508 2616 591 2675; x_wconf 88' lang='lat' dir='ltr'><strong><em>partir</em></strong></span> <span class='ocrx_word' id='word_1_225' title='bbox 601 2615 634 2661; x_wconf 91' lang='lat' dir='ltr'><strong><em>de</em></strong></span> <span class='ocrx_word' id='word_1_226' title='bbox 642 2613 755 2661; x_wconf 87' lang='lat' dir='ltr'><strong><em>l&#39;e&#39;ditde</em></strong></span> <span class='ocrx_word' id='word_1_227' title='bbox 769 2615 849 2660; x_wconf 89' lang='lat' dir='ltr'><strong><em>Milan</em></strong></span> <span class='ocrx_word' id='word_1_228' title='bbox 859 2613 922 2675; x_wconf 74' lang='lat'>(313)</span> <span class='ocrx_word' id='word_1_229' title='bbox 935 2613 1012 2674; x_wconf 78' lang='lat' dir='ltr'><strong><em>qu&#39;ils</em></strong></span> <span class='ocrx_word' id='word_1_230' title='bbox 1020 2614 1117 2674; x_wconf 88' lang='lat' dir='ltr'><strong><em>purenl</em></strong></span> 
     </span>
     <span class='ocr_line' id='line_1_28' title="bbox 114 2675 1116 2737; baseline -0.002 -12"><span class='ocrx_word' id='word_1_231' title='bbox 114 2677 376 2725; x_wconf 72' lang='lat' dir='ltr'><strong><em>celebrerleurculle</em></strong></span> <span class='ocrx_word' id='word_1_232' title='bbox 384 2692 417 2724; x_wconf 89' lang='lat' dir='ltr'><strong><em>au</em></strong></span> <span class='ocrx_word' id='word_1_233' title='bbox 430 2678 581 2737; x_wconf 70' lang='lat' dir='ltr'><strong><em>grandjour</em></strong></span> <span class='ocrx_word' id='word_1_234' title='bbox 589 2679 616 2724; x_wconf 91' lang='lat' dir='ltr'><strong><em>et</em></strong></span> <span class='ocrx_word' id='word_1_235' title='bbox 625 2677 697 2723; x_wconf 78' lang='lat' dir='ltr'><strong><em>balir</em></strong></span> <span class='ocrx_word' id='word_1_236' title='bbox 709 2677 755 2723; x_wconf 90' lang='lat' dir='ltr'><strong><em>des</em></strong></span> <span class='ocrx_word' id='word_1_237' title='bbox 765 2675 919 2736; x_wconf 89' lang='lat' dir='ltr'><strong><em>basiliques.</em></strong></span> <span class='ocrx_word' id='word_1_238' title='bbox 928 2701 958 2710; x_wconf 94' lang='lat'>—</span> <span class='ocrx_word' id='word_1_239' title='bbox 969 2675 1116 2736; x_wconf 83' lang='lat' dir='ltr'><strong><em>Fingam.</em></strong></span> 
     </span>
    </p>

    <p class='ocr_par' dir='ltr' id='par_1_9' title="bbox 115 2737 1118 2925">
     <span class='ocr_line' id='line_1_29' title="bbox 116 2737 1116 2799; baseline -0.002 -13"><span class='ocrx_word' id='word_1_240' title='bbox 116 2741 154 2787; x_wconf 83' lang='lat' dir='ltr'><strong><em>Ci.</em></strong></span> <span class='ocrx_word' id='word_1_241' title='bbox 164 2739 188 2786; x_wconf 84' lang='lat' dir='ltr'><strong><em>lc</em></strong></span> <span class='ocrx_word' id='word_1_242' title='bbox 197 2743 253 2786; x_wconf 88' lang='lat' dir='ltr'><strong><em>mol</em></strong></span> <span class='ocrx_word' id='word_1_243' title='bbox 261 2739 416 2786; x_wconf 87' lang='lat' dir='ltr'><strong><em>bienconnu</em></strong></span> <span class='ocrx_word' id='word_1_244' title='bbox 431 2753 436 2786; x_wconf 94' lang='lat'>:</span> <span class='ocrx_word' id='word_1_245' title='bbox 448 2757 458 2780; x_wconf 74' lang='grc' dir='ltr'><strong><em>ι(</em></strong></span> <span class='ocrx_word' id='word_1_246' title='bbox 473 2738 610 2799; x_wconf 65' lang='grc' dir='ltr'><strong><em>ὁΙενςίεεεῑ</em></strong></span> <span class='ocrx_word' id='word_1_247' title='bbox 619 2738 687 2785; x_wconf 89' lang='lat' dir='ltr'><strong><em>Dieu</em></strong></span> <span class='ocrx_word' id='word_1_248' title='bbox 698 2739 702 2784; x_wconf 73' lang='grc' dir='ltr'>ί</span> <span class='ocrx_word' id='word_1_249' title='bbox 718 2737 1078 2798; x_wconf 77' lang='lat' dir='ltr'><strong><em>»-1pse.C‘est1em0ide</em></strong></span> <span class='ocrx_word' id='word_1_250' title='bbox 1091 2737 1116 2784; x_wconf 81' lang='lat' dir='ltr'><strong><em>la</em></strong></span> 
     </span>
     <span class='ocr_line' id='line_1_30' title="bbox 116 2797 1117 2864; baseline -0.003 -16"><span class='ocrx_word' id='word_1_251' title='bbox 116 2802 219 2848; x_wconf 74' lang='lat' dir='ltr'><strong><em>Genese</em></strong></span> <span class='ocrx_word' id='word_1_252' title='bbox 242 2800 350 2864; x_wconf 76' lang='lat' dir='ltr'><strong><em>(Versat</em></strong></span> <span class='ocrx_word' id='word_1_253' title='bbox 363 2805 391 2845; x_wconf 83' lang='lat'><strong><em>26</em></strong></span> <span class='ocrx_word' id='word_1_254' title='bbox 408 2814 413 2848; x_wconf 96' lang='lat'><strong>:</strong></span> <span class='ocrx_word' id='word_1_255' title='bbox 428 2819 439 2843; x_wconf 90' lang='lat'>«</span> <span class='ocrx_word' id='word_1_256' title='bbox 460 2801 528 2846; x_wconf 91' lang='lat' dir='ltr'><strong><em>Dieu</em></strong></span> <span class='ocrx_word' id='word_1_257' title='bbox 542 2801 582 2846; x_wconf 86' lang='lat' dir='ltr'><strong><em>dil</em></strong></span> <span class='ocrx_word' id='word_1_258' title='bbox 602 2800 706 2848; x_wconf 86' lang='lat' dir='ltr'><strong><em>ensuite</em></strong></span> <span class='ocrx_word' id='word_1_259' title='bbox 720 2815 725 2848; x_wconf 91' lang='lat'>:</span> <span class='ocrx_word' id='word_1_260' title='bbox 739 2800 850 2847; x_wconf 86' lang='lat' dir='ltr'><strong><em>Faisons</em></strong></span> <span class='ocrx_word' id='word_1_261' title='bbox 868 2797 1020 2845; x_wconf 77' lang='lat' dir='ltr'><strong><em>l&#39;hommea</em></strong></span> <span class='ocrx_word' id='word_1_262' title='bbox 1040 2800 1117 2845; x_wconf 86' lang='lat' dir='ltr'><strong><em>notre</em></strong></span> 
     </span>
     <span class='ocr_line' id='line_1_31' title="bbox 115 2859 1118 2925; baseline -0.004 -16"><span class='ocrx_word' id='word_1_263' title='bbox 115 2865 200 2925; x_wconf 80' lang='lat' dir='ltr'><strong><em>image</em></strong></span> <span class='ocrx_word' id='word_1_264' title='bbox 212 2864 264 2911; x_wconf 74' lang='lat' dir='ltr'><strong><em>ela</em></strong></span> <span class='ocrx_word' id='word_1_265' title='bbox 277 2866 352 2911; x_wconf 88' lang='lat' dir='ltr'><strong><em>notre</em></strong></span> <span class='ocrx_word' id='word_1_266' title='bbox 364 2863 559 2909; x_wconf 86' lang='lat' dir='ltr'><strong><em>ressemblance</em></strong></span> <span class='ocrx_word' id='word_1_267' title='bbox 567 2861 599 2924; x_wconf 70' lang='grc' dir='ltr'><strong><em>υ).</em></strong></span> <span class='ocrx_word' id='word_1_268' title='bbox 608 2889 637 2896; x_wconf 97' lang='grc'>-</span> <span class='ocrx_word' id='word_1_269' title='bbox 645 2862 823 2911; x_wconf 83' lang='lat' dir='ltr'><strong><em>Includam.</em></strong></span> <span class='ocrx_word' id='word_1_270' title='bbox 835 2862 874 2908; x_wconf 83' lang='lat' dir='ltr'><strong><em>Cf.</em></strong></span> <span class='ocrx_word' id='word_1_271' title='bbox 883 2859 1029 2908; x_wconf 84' lang='lat' dir='ltr'><strong><em>Tertullien</em></strong></span> <span class='ocrx_word' id='word_1_272' title='bbox 1038 2859 1118 2920; x_wconf 79' lang='lat' dir='ltr'><strong><em>(Apo-</em></strong></span> 
     </span>
    </p>

    <p class='ocr_par' dir='ltr' id='par_1_10' title="bbox 114 2921 1120 3112">
     <span class='ocr_line' id='line_1_32' title="bbox 116 2921 1118 2988; baseline -0.005 -17"><span class='ocrx_word' id='word_1_273' title='bbox 116 2926 179 2988; x_wconf 75' lang='lat' dir='ltr'><strong><em>l09.,</em></strong></span> <span class='ocrx_word' id='word_1_274' title='bbox 194 2925 233 2986; x_wconf 73' lang='grc' dir='ltr'><strong><em>Η)</em></strong></span> <span class='ocrx_word' id='word_1_275' title='bbox 249 2939 255 2974; x_wconf 93' lang='lat'><strong>:</strong></span> <span class='ocrx_word' id='word_1_276' title='bbox 276 2945 286 2967; x_wconf 75' lang='grc' dir='ltr'><strong><em>ιι</em></strong></span> <span class='ocrx_word' id='word_1_277' title='bbox 302 2923 376 2982; x_wconf 75' lang='lat' dir='ltr'><strong><em>Quod</em></strong></span> <span class='ocrx_word' id='word_1_278' title='bbox 390 2938 451 2971; x_wconf 88' lang='lat' dir='ltr'><strong><em>uero</em></strong></span> <span class='ocrx_word' id='word_1_279' title='bbox 469 2922 627 2970; x_wconf 83' lang='lat' dir='ltr'><strong><em>immensum</em></strong></span> <span class='ocrx_word' id='word_1_280' title='bbox 641 2924 688 2980; x_wconf 88' lang='lat' dir='ltr'><strong><em>est,</em></strong></span> <span class='ocrx_word' id='word_1_281' title='bbox 701 2921 753 2971; x_wconf 89' lang='lat' dir='ltr'><strong><em>soli</em></strong></span> <span class='ocrx_word' id='word_1_282' title='bbox 767 2922 821 2970; x_wconf 83' lang='lat' dir='ltr'><strong><em>sibi</em></strong></span> <span class='ocrx_word' id='word_1_283' title='bbox 835 2924 928 2970; x_wconf 88' lang='lat' dir='ltr'><strong><em>nolum</em></strong></span> <span class='ocrx_word' id='word_1_284' title='bbox 941 2923 979 2969; x_wconf 85' lang='lat' dir='ltr'><strong><em>est</em></strong></span> <span class='ocrx_word' id='word_1_285' title='bbox 992 2937 1001 2970; x_wconf 88' lang='lat'><strong><em>.·</em></strong></span> <span class='ocrx_word' id='word_1_286' title='bbox 1012 2922 1060 2971; x_wconf 84' lang='lat' dir='ltr'><strong><em>hoe</em></strong></span> <span class='ocrx_word' id='word_1_287' title='bbox 1079 2923 1118 2967; x_wconf 85' lang='lat' dir='ltr'><strong><em>cst</em></strong></span> 
     </span>
     <span class='ocr_line' id='line_1_33' title="bbox 114 2981 1120 3050; baseline -0.002 -18"><span class='ocrx_word' id='word_1_288' title='bbox 114 2987 188 3050; x_wconf 80' lang='lat' dir='ltr'><strong><em>quod</em></strong></span> <span class='ocrx_word' id='word_1_289' title='bbox 201 2986 285 3034; x_wconf 87' lang='lat' dir='ltr'><strong><em>Deum</em></strong></span> <span class='ocrx_word' id='word_1_290' title='bbox 302 2985 439 3034; x_wconf 88' lang='lat' dir='ltr'><strong><em>aestimari</em></strong></span> <span class='ocrx_word' id='word_1_291' title='bbox 456 2985 529 3045; x_wconf 73' lang='lat' dir='ltr'><strong><em>facit,</em></strong></span> <span class='ocrx_word' id='word_1_292' title='bbox 546 2985 610 3031; x_wconf 91' lang='lat' dir='ltr'><strong><em>dum</em></strong></span> <span class='ocrx_word' id='word_1_293' title='bbox 624 2983 763 3032; x_wconf 90' lang='lat' dir='ltr'><strong><em>aestimari</em></strong></span> <span class='ocrx_word' id='word_1_294' title='bbox 780 2999 832 3031; x_wconf 87' lang='lat' dir='ltr'><strong><em>non</em></strong></span> <span class='ocrx_word' id='word_1_295' title='bbox 849 2983 921 3047; x_wconf 86' lang='lat' dir='ltr'><strong><em>capit</em></strong></span> <span class='ocrx_word' id='word_1_296' title='bbox 932 2999 943 3039; x_wconf 86' lang='lat'><strong><em>,·</em></strong></span> <span class='ocrx_word' id='word_1_297' title='bbox 955 2983 992 3032; x_wconf 90' lang='lat' dir='ltr'><strong><em>ila</em></strong></span> <span class='ocrx_word' id='word_1_298' title='bbox 1004 2997 1065 3032; x_wconf 91' lang='lat' dir='ltr'><strong><em>eum</em></strong></span> <span class='ocrx_word' id='word_1_299' title='bbox 1079 2981 1120 3032; x_wconf 77' lang='lat' dir='ltr'><strong><em>vis</em></strong></span> 
     </span>
     <span class='ocr_line' id='line_1_34' title="bbox 115 3045 1117 3112; baseline -0.009 -16"><span class='ocrx_word' id='word_1_300' title='bbox 115 3048 311 3112; x_wconf 65' lang='lat' dir='ltr'><strong><em>magnitudinis</em></strong></span> <span class='ocrx_word' id='word_1_301' title='bbox 322 3050 347 3095; x_wconf 94' lang='lat' dir='ltr'><strong><em>el</em></strong></span> <span class='ocrx_word' id='word_1_302' title='bbox 361 3050 453 3094; x_wconf 86' lang='lat' dir='ltr'><strong><em>notum</em></strong></span> <span class='ocrx_word' id='word_1_303' title='bbox 467 3046 621 3093; x_wconf 83' lang='lat' dir='ltr'><strong><em>hominibus</em></strong></span> <span class='ocrx_word' id='word_1_304' title='bbox 631 3046 725 3108; x_wconf 82' lang='lat' dir='ltr'><strong><em>objicit</em></strong></span> <span class='ocrx_word' id='word_1_305' title='bbox 737 3048 762 3093; x_wconf 88' lang='lat' dir='ltr'><strong><em>et</em></strong></span> <span class='ocrx_word' id='word_1_306' title='bbox 776 3045 898 3108; x_wconf 73' lang='lat' dir='ltr'><strong><em>ipnolum</em></strong></span> <span class='ocrx_word' id='word_1_307' title='bbox 912 3064 933 3092; x_wconf 76' lang='lat' dir='ltr'><strong><em>a.</em></strong></span> <span class='ocrx_word' id='word_1_308' title='bbox 947 3073 977 3082; x_wconf 92' lang='lat'><em>-</em></span> <span class='ocrx_word' id='word_1_309' title='bbox 988 3045 1117 3096; x_wconf 77' lang='lat' dir='ltr'><strong><em>Hostia,</em></strong></span> 
     </span>
    </p>

    <p class='ocr_par' dir='ltr' id='par_1_11' title="bbox 114 3107 1118 3296">
     <span class='ocr_line' id='line_1_35' title="bbox 114 3107 1117 3172; baseline -0.003 -14"><span class='ocrx_word' id='word_1_310' title='bbox 114 3111 156 3158; x_wconf 87' lang='lat' dir='ltr'><strong><em>On</em></strong></span> <span class='ocrx_word' id='word_1_311' title='bbox 169 3111 226 3158; x_wconf 87' lang='lat' dir='ltr'><strong><em>voit</em></strong></span> <span class='ocrx_word' id='word_1_312' title='bbox 239 3112 271 3157; x_wconf 92' lang='lat' dir='ltr'><strong><em>ici</em></strong></span> <span class='ocrx_word' id='word_1_313' title='bbox 286 3110 383 3172; x_wconf 77' lang='lat' dir='ltr'><strong><em>aplein</em></strong></span> <span class='ocrx_word' id='word_1_314' title='bbox 397 3109 481 3156; x_wconf 80' lang='lat' dir='ltr'><strong><em>l&#39;ide&#39;nl</em></strong></span> <span class='ocrx_word' id='word_1_315' title='bbox 494 3110 527 3155; x_wconf 88' lang='lat' dir='ltr'><strong><em>de</em></strong></span> <span class='ocrx_word' id='word_1_316' title='bbox 540 3108 688 3169; x_wconf 80' lang='lat' dir='ltr'><strong><em>perfectiori</em></strong></span> <span class='ocrx_word' id='word_1_317' title='bbox 706 3109 805 3156; x_wconf 85' lang='lat' dir='ltr'><strong><em>morale</em></strong></span> <span class='ocrx_word' id='word_1_318' title='bbox 821 3124 871 3169; x_wconf 90' lang='lat' dir='ltr'><strong><em>que</em></strong></span> <span class='ocrx_word' id='word_1_319' title='bbox 884 3108 908 3154; x_wconf 90' lang='lat' dir='ltr'><strong><em>lc</em></strong></span> <span class='ocrx_word' id='word_1_320' title='bbox 919 3107 1117 3156; x_wconf 79' lang='lat' dir='ltr'><strong><em>christianismo</em></strong></span> 
     </span>
     <span class='ocr_line' id='line_1_36' title="bbox 115 3169 1118 3296; baseline -0.003 -14"><span class='ocrx_word' id='word_1_321' title='bbox 115 3169 1118 3296; x_wconf 50' lang='lat' dir='ltr'><strong><em>lllltllltllttl·{titillataattalail’lltlsttmtllla</em></strong></span> 
     </span>
    </p>

    <p class='ocr_par' dir='ltr' id='par_1_12' title="bbox 117 3245 1118 3366">
     <span class='ocr_line' id='line_1_37' title="bbox 117 3245 1118 3366; baseline -0.006 -22"><span class='ocrx_word' id='word_1_322' title='bbox 117 3297 180 3344; x_wconf 89' lang='lat' dir='ltr'><strong><em>dare</em></strong></span> <span class='ocrx_word' id='word_1_323' title='bbox 194 3295 267 3342; x_wconf 88' lang='lat' dir='ltr'><strong><em>lance</em></strong></span> <span class='ocrx_word' id='word_1_324' title='bbox 283 3296 344 3343; x_wconf 87' lang='lat' dir='ltr'><strong><em>Non</em></strong></span> <span class='ocrx_word' id='word_1_325' title='bbox 357 3264 448 3366; x_wconf 56' lang='lat' dir='ltr'><strong><em>prissit&#39;</em></strong></span> <span class='ocrx_word' id='word_1_326' title='bbox 457 3292 548 3357; x_wconf 71' lang='lat' dir='ltr'><strong><em>mapni</em></strong></span> <span class='ocrx_word' id='word_1_327' title='bbox 558 3293 694 3340; x_wconf 85' lang='lat' dir='ltr'><strong><em>Messallae</em></strong></span> <span class='ocrx_word' id='word_1_328' title='bbox 708 3292 779 3355; x_wconf 85' lang='lat' dir='ltr'><strong><em>lippa</em></strong></span> <span class='ocrx_word' id='word_1_329' title='bbox 784 3247 905 3356; x_wconf 53' lang='lat' dir='ltr'><strong><em>pi’opaq&#39;o</em></strong></span> <span class='ocrx_word' id='word_1_330' title='bbox 918 3307 924 3341; x_wconf 88' lang='lat'>:</span> <span class='ocrx_word' id='word_1_331' title='bbox 935 3245 1118 3355; x_wconf 73' lang='lat' dir='ltr'><strong><em>Coritpositum</em></strong></span> 
     </span>
    </p>

    <p class='ocr_par' dir='ltr' id='par_1_13' title="bbox 114 3353 1203 3727">
     <span class='ocr_line' id='line_1_38' title="bbox 114 3353 1118 3421; baseline -0.002 -17"><span class='ocrx_word' id='word_1_332' title='bbox 114 3359 160 3421; x_wconf 82' lang='lat' dir='ltr'><strong><em>jus</em></strong></span> <span class='ocrx_word' id='word_1_333' title='bbox 172 3355 213 3418; x_wconf 73' lang='lat' dir='ltr'><strong><em>sas</em></strong></span> <span class='ocrx_word' id='word_1_334' title='bbox 237 3370 267 3404; x_wconf 89' lang='lat' dir='ltr'><strong><em>ue</em></strong></span> <span class='ocrx_word' id='word_1_335' title='bbox 278 3356 370 3416; x_wconf 84' lang='lat' dir='ltr'><strong><em>animi,</em></strong></span> <span class='ocrx_word' id='word_1_336' title='bbox 382 3356 541 3418; x_wconf 85' lang='lat' dir='ltr'><strong><em>sanctosque</em></strong></span> <span class='ocrx_word' id='word_1_337' title='bbox 557 3369 676 3402; x_wconf 77' lang='lat' dir='ltr'><strong><em>recessus</em></strong></span> <span class='ocrx_word' id='word_1_338' title='bbox 688 3354 790 3412; x_wconf 79' lang='lat' dir='ltr'><strong><em>Mentis,</em></strong></span> <span class='ocrx_word' id='word_1_339' title='bbox 802 3357 827 3401; x_wconf 86' lang='lat' dir='ltr'><strong><em>et</em></strong></span> <span class='ocrx_word' id='word_1_340' title='bbox 838 3353 970 3402; x_wconf 89' lang='lat' dir='ltr'><strong><em>incoctum</em></strong></span> <span class='ocrx_word' id='word_1_341' title='bbox 987 3368 1118 3416; x_wconf 76' lang='lat' dir='ltr'><strong><em>penereso</em></strong></span> 
     </span>
     <span class='ocr_line' id='line_1_39' title="bbox 114 3372 1201 3482; baseline -0.002 -16"><span class='ocrx_word' id='word_1_342' title='bbox 114 3372 351 3482; x_wconf 57' lang='lat' dir='ltr'><strong><em>pertusionesto?</em></strong></span> <span class='ocrx_word' id='word_1_343' title='bbox 365 3438 385 3463; x_wconf 81' lang='lat' dir='ltr'><strong><em>n.</em></strong></span> <span class='ocrx_word' id='word_1_344' title='bbox 399 3446 428 3453; x_wconf 97' lang='lat'>—</span> <span class='ocrx_word' id='word_1_345' title='bbox 442 3417 570 3466; x_wconf 84' lang='lat' dir='ltr'><strong><em>Sentire</em></strong></span> <span class='ocrx_word' id='word_1_346' title='bbox 581 3417 629 3478; x_wconf 82' lang='lat' dir='ltr'>(Cf.</span> <span class='ocrx_word' id='word_1_347' title='bbox 645 3417 746 3475; x_wconf 87' lang='lat' dir='ltr'><strong><em>Pascal,</em></strong></span> <span class='ocrx_word' id='word_1_348' title='bbox 759 3415 880 3476; x_wconf 75' lang='lat' dir='ltr'><strong><em>Perseos,</em></strong></span> <span class='ocrx_word' id='word_1_349' title='bbox 891 3417 908 3474; x_wconf 89' lang='lat' dir='ltr'><strong><em>l,</em></strong></span> <span class='ocrx_word' id='word_1_350' title='bbox 925 3417 948 3478; x_wconf 85' lang='lat'><strong><em>1)</em></strong></span> <span class='ocrx_word' id='word_1_351' title='bbox 962 3431 968 3464; x_wconf 91' lang='lat'>:</span> <span class='ocrx_word' id='word_1_352' title='bbox 983 3437 994 3459; x_wconf 79' lang='lat' dir='ltr'><strong><em>n</em></strong></span> <span class='ocrx_word' id='word_1_353' title='bbox 1008 3417 1044 3464; x_wconf 91' lang='lat' dir='ltr'><strong><em>Le</em></strong></span> <span class='ocrx_word' id='word_1_354' title='bbox 1058 3416 1117 3478; x_wconf 86' lang='lat' dir='ltr'><strong><em>plus</em></strong></span> <span class='ocrx_word' id='word_1_355' title='bbox 1199 3465 1201 3482; x_wconf 53' lang='lat'><strong><em>,</em></strong></span> 
     </span>
     <span class='ocr_line' id='line_1_40' title="bbox 116 3477 1203 3542; baseline -0.001 -16"><span class='ocrx_word' id='word_1_356' title='bbox 116 3481 199 3542; x_wconf 84' lang='lat' dir='ltr'><strong><em>grand</em></strong></span> <span class='ocrx_word' id='word_1_357' title='bbox 217 3481 352 3528; x_wconf 72' lang='lat' dir='ltr'><strong><em>caractere</em></strong></span> <span class='ocrx_word' id='word_1_358' title='bbox 371 3480 487 3528; x_wconf 86' lang='lat' dir='ltr'><strong><em>sensible</em></strong></span> <span class='ocrx_word' id='word_1_359' title='bbox 503 3481 535 3526; x_wconf 89' lang='lat' dir='ltr'><strong><em>de</em></strong></span> <span class='ocrx_word' id='word_1_360' title='bbox 551 3479 575 3525; x_wconf 89' lang='lat' dir='ltr'><strong><em>la</em></strong></span> <span class='ocrx_word' id='word_1_361' title='bbox 592 3479 821 3540; x_wconf 86' lang='lat' dir='ltr'><strong><em>toute-puissance</em></strong></span> <span class='ocrx_word' id='word_1_362' title='bbox 837 3479 869 3524; x_wconf 90' lang='lat' dir='ltr'><strong><em>de</em></strong></span> <span class='ocrx_word' id='word_1_363' title='bbox 887 3479 965 3539; x_wconf 84' lang='lat' dir='ltr'><strong><em>Dieu,</em></strong></span> <span class='ocrx_word' id='word_1_364' title='bbox 984 3477 1048 3526; x_wconf 88' lang='lat' dir='ltr'><strong><em>c&#39;est</em></strong></span> <span class='ocrx_word' id='word_1_365' title='bbox 1066 3493 1118 3538; x_wconf 86' lang='lat' dir='ltr'><strong><em>que</em></strong></span> <span class='ocrx_word' id='word_1_366' title='bbox 1198 3487 1203 3525; x_wconf 71' lang='grc' dir='ltr'>ἱ</span> 
     </span>
     <span class='ocr_line' id='line_1_41' title="bbox 117 3539 1118 3604; baseline -0.002 -15"><span class='ocrx_word' id='word_1_367' title='bbox 117 3547 193 3589; x_wconf 86' lang='lat' dir='ltr'><strong><em>notre</em></strong></span> <span class='ocrx_word' id='word_1_368' title='bbox 207 3542 379 3604; x_wconf 83' lang='lat' dir='ltr'><strong><em>imagination</em></strong></span> <span class='ocrx_word' id='word_1_369' title='bbox 393 3557 421 3589; x_wconf 87' lang='lat' dir='ltr'><strong><em>se</em></strong></span> <span class='ocrx_word' id='word_1_370' title='bbox 436 3542 518 3602; x_wconf 89' lang='lat' dir='ltr'><strong><em>perde</em></strong></span> <span class='ocrx_word' id='word_1_371' title='bbox 534 3542 600 3588; x_wconf 85' lang='lat' dir='ltr'><strong><em>dans</em></strong></span> <span class='ocrx_word' id='word_1_372' title='bbox 616 3543 686 3587; x_wconf 87' lang='lat' dir='ltr'><strong><em>celte</em></strong></span> <span class='ocrx_word' id='word_1_373' title='bbox 702 3540 798 3601; x_wconf 74' lang='lat' dir='ltr'><strong><em>penses</em></strong></span> <span class='ocrx_word' id='word_1_374' title='bbox 813 3559 833 3586; x_wconf 83' lang='lat'><strong><em>».</em></strong></span> <span class='ocrx_word' id='word_1_375' title='bbox 845 3539 885 3587; x_wconf 84' lang='lat' dir='ltr'><strong><em>Cf.</em></strong></span> <span class='ocrx_word' id='word_1_376' title='bbox 900 3541 1031 3587; x_wconf 91' lang='lat' dir='ltr'><strong><em>Minucius</em></strong></span> <span class='ocrx_word' id='word_1_377' title='bbox 1045 3539 1118 3587; x_wconf 77' lang='lat' dir='ltr'><strong><em>Felix</em></strong></span> 
     </span>
     <span class='ocr_line' id='line_1_42' title="bbox 118 3601 1118 3663; baseline -0.003 -11"><span class='ocrx_word' id='word_1_378' title='bbox 118 3603 261 3661; x_wconf 77' lang='lat' dir='ltr'><strong><em>(Octavius,</em></strong></span> <span class='ocrx_word' id='word_1_379' title='bbox 280 3606 327 3662; x_wconf 89' lang='lat'>18).</span> <span class='ocrx_word' id='word_1_380' title='bbox 349 3631 376 3639; x_wconf 89' lang='lat'>—</span> <span class='ocrx_word' id='word_1_381' title='bbox 394 3603 556 3652; x_wconf 83' lang='lat' dir='ltr'><strong><em>Animam.</em></strong></span> <span class='ocrx_word' id='word_1_382' title='bbox 574 3604 722 3663; x_wconf 68' lang='lat' dir='ltr'><strong><em>Argument</em></strong></span> <span class='ocrx_word' id='word_1_383' title='bbox 738 3601 878 3663; x_wconf 73' lang='lat' dir='ltr'><strong><em>emprunli</em></strong></span> <span class='ocrx_word' id='word_1_384' title='bbox 895 3603 910 3648; x_wconf 77' lang='lat' dir='ltr'><strong><em>el</em></strong></span> <span class='ocrx_word' id='word_1_385' title='bbox 926 3602 1036 3649; x_wconf 71' lang='lat' dir='ltr'><strong><em>Ciceron</em></strong></span> <span class='ocrx_word' id='word_1_386' title='bbox 1055 3601 1118 3662; x_wconf 80' lang='lat' dir='ltr'><strong><em>(Pro</em></strong></span> 
     </span>
     <span class='ocr_line' id='line_1_43' title="bbox 118 3663 1117 3727; baseline -0.003 -14"><span class='ocrx_word' id='word_1_387' title='bbox 118 3666 222 3724; x_wconf 89' lang='lat' dir='ltr'><strong><em>Milone,</em></strong></span> <span class='ocrx_word' id='word_1_388' title='bbox 235 3667 330 3724; x_wconf 85' lang='lat' dir='ltr'><strong><em>XXXI,</em></strong></span> <span class='ocrx_word' id='word_1_389' title='bbox 347 3668 384 3727; x_wconf 77' lang='lat'><strong><em>84)</em></strong></span> <span class='ocrx_word' id='word_1_390' title='bbox 400 3680 405 3714; x_wconf 92' lang='lat'><strong>:</strong></span> <span class='ocrx_word' id='word_1_391' title='bbox 419 3685 430 3708; x_wconf 63' lang='grc' dir='ltr'><strong><em>(ι</em></strong></span> <span class='ocrx_word' id='word_1_392' title='bbox 451 3665 510 3713; x_wconf 75' lang='lat' dir='ltr'><strong><em>n&#39;r&#39;st</em></strong></span> <span class='ocrx_word' id='word_1_393' title='bbox 529 3665 599 3725; x_wconf 75' lang='lat' dir='ltr'><strong><em>sorte</em></strong></span> <span class='ocrx_word' id='word_1_394' title='bbox 619 3663 718 3710; x_wconf 77' lang='lat' dir='ltr'><strong><em>idcirco</em></strong></span> <span class='ocrx_word' id='word_1_395' title='bbox 738 3663 834 3726; x_wconf 88' lang='lat' dir='ltr'><strong><em>(Deum</em></strong></span> <span class='ocrx_word' id='word_1_396' title='bbox 851 3663 918 3724; x_wconf 88' lang='lat' dir='ltr'><strong><em>esse)</em></strong></span> <span class='ocrx_word' id='word_1_397' title='bbox 940 3678 991 3711; x_wconf 91' lang='lat' dir='ltr'><strong><em>non</em></strong></span> <span class='ocrx_word' id='word_1_398' title='bbox 1009 3665 1117 3726; x_wconf 89' lang='lat' dir='ltr'><strong><em>putant,</em></strong></span> 
     </span>
    </p>

    <p class='ocr_par' dir='ltr' id='par_1_14' title="bbox 117 3725 1118 3792">
     <span class='ocr_line' id='line_1_44' title="bbox 117 3725 1118 3792; baseline -0.003 -17"><span class='ocrx_word' id='word_1_399' title='bbox 117 3727 181 3792; x_wconf 76' lang='lat' dir='ltr'><strong><em>quia</em></strong></span> <span class='ocrx_word' id='word_1_400' title='bbox 195 3743 248 3775; x_wconf 90' lang='lat' dir='ltr'><strong><em>nor.</em></strong></span> <span class='ocrx_word' id='word_1_401' title='bbox 261 3730 379 3790; x_wconf 85' lang='lat' dir='ltr'><strong><em>apparet,</em></strong></span> <span class='ocrx_word' id='word_1_402' title='bbox 395 3742 440 3774; x_wconf 86' lang='lat' dir='ltr'><strong><em>nec</em></strong></span> <span class='ocrx_word' id='word_1_403' title='bbox 454 3726 583 3786; x_wconf 88' lang='lat' dir='ltr'><strong><em>cernitur,</em></strong></span> <span class='ocrx_word' id='word_1_404' title='bbox 594 3725 710 3788; x_wconf 86' lang='lat' dir='ltr'><strong><em>proinde</em></strong></span> <span class='ocrx_word' id='word_1_405' title='bbox 723 3725 800 3788; x_wconf 82' lang='lat' dir='ltr'><strong><em>quasi</em></strong></span> <span class='ocrx_word' id='word_1_406' title='bbox 816 3727 934 3772; x_wconf 87' lang='lat' dir='ltr'><strong><em>nostram</em></strong></span> <span class='ocrx_word' id='word_1_407' title='bbox 948 3725 1032 3788; x_wconf 85' lang='lat' dir='ltr'><strong><em>ipsam</em></strong></span> <span class='ocrx_word' id='word_1_408' title='bbox 1045 3740 1118 3773; x_wconf 85' lang='lat' dir='ltr'><strong><em>rnen·</em></strong></span> 
     </span>
    </p>

    <p class='ocr_par' dir='ltr' id='par_1_15' title="bbox 117 3786 994 3852">
     <span class='ocr_line' id='line_1_45' title="bbox 117 3786 994 3852; baseline 0.001 -16"><span class='ocrx_word' id='word_1_409' title='bbox 117 3793 170 3837; x_wconf 89' lang='lat' dir='ltr'><strong><em>tem</em></strong></span> <span class='ocrx_word' id='word_1_410' title='bbox 182 3789 281 3851; x_wconf 87' lang='lat' dir='ltr'><strong><em>videre,</em></strong></span> <span class='ocrx_word' id='word_1_411' title='bbox 294 3792 341 3838; x_wconf 93' lang='lat' dir='ltr'><strong><em>aut</em></strong></span> <span class='ocrx_word' id='word_1_412' title='bbox 352 3790 433 3852; x_wconf 87' lang='lat' dir='ltr'><strong><em>plane</em></strong></span> <span class='ocrx_word' id='word_1_413' title='bbox 446 3789 535 3852; x_wconf 85' lang='lat' dir='ltr'><strong><em>qualis</em></strong></span> <span class='ocrx_word' id='word_1_414' title='bbox 548 3791 595 3836; x_wconf 91' lang='lat' dir='ltr'><strong><em>aut</em></strong></span> <span class='ocrx_word' id='word_1_415' title='bbox 610 3787 656 3834; x_wconf 84' lang='lat' dir='ltr'><strong><em>ubi</em></strong></span> <span class='ocrx_word' id='word_1_416' title='bbox 668 3788 703 3835; x_wconf 88' lang='lat' dir='ltr'><strong><em>sit</em></strong></span> <span class='ocrx_word' id='word_1_417' title='bbox 715 3787 815 3836; x_wconf 85' lang='lat' dir='ltr'><strong><em>sentire</em></strong></span> <span class='ocrx_word' id='word_1_418' title='bbox 823 3786 958 3850; x_wconf 81' lang='lat' dir='ltr'><strong><em>possimus</em></strong></span> <span class='ocrx_word' id='word_1_419' title='bbox 972 3807 994 3837; x_wconf 80' lang='lat' dir='ltr'><strong><em>u.</em></strong></span> 
     </span>
    </p>
   </div>
   <div class='ocr_carea' id='block_1_5' title="bbox 538 3895 694 3947">
    <p class='ocr_par' dir='ltr' id='par_1_16' title="bbox 538 3895 694 3947">
     <span class='ocr_line' id='line_1_46' title="bbox 538 3895 694 3947; baseline -0.006 0"><span class='ocrx_word' id='word_1_420' title='bbox 538 3895 640 3947; x_wconf 75' lang='lat'>-497</span> <span class='ocrx_word' id='word_1_421' title='bbox 661 3924 694 3935; x_wconf 91' lang='lat'><em>-</em></span> 
     </span>
    </p>
   </div>
   <div class='ocr_carea' id='block_1_6' title="bbox 0 0 1343 4234">
    <p class='ocr_par' dir='ltr' id='par_1_17' title="bbox 0 0 1343 4234">
     <span class='ocr_line' id='line_1_47' title="bbox 0 0 1343 4234; baseline 0 0"><span class='ocrx_word' id='word_1_422' title='bbox 0 0 1343 4234; x_wconf 95' lang='lat' dir='ltr'><strong><em> </em></strong></span> 
     </span>
    </p>
   </div>
  </div>
 </body>
</html>
