2698 4234
143 149 145 154 ⁵
172 177 254 235 322.
275 173 427 234 Armees
440 177 477 234 et
492 177 616 234 flottes
634 179 678 232 de
694 177 865 246 l’Emptre
881 177 1067 235 romalne

416 264 580 334 l’epoque
606 267 819 335 d’Auguste.

205 358 319 422 (Quibus
331 359 496 407 exercitibus
509 359 703 422 classibusque,
720 361 843 423 Anqusto
852 358 986 424 principe,
999 359 1036 409 sit

520 438 724 502 imperitatum.)

161 597 279 656 Italiam
301 599 452 678 utroque*
471 598 548 657 mari
568 597 636 656 duae
655 592 778 670 classes,
801 598 952 657 Misenum
973 598 1075 678 apud*
1092 606 1124 658 et
1138 600 1178 662 3⁰
1218 655 1222 659 .

118 693 310 768 Ravennam,
324 695 559 774 proximumque
570 694 679 754 Galliae
696 696 768 754 litus
784 702 922 754 rostratae
938 717 1030 754 naves
1044 715 1124 775 prae-

119 790 270 861 sidebant,
295 813 370 871 quas
390 792 517 850 Actiaca
536 792 666 851 victoria
684 800 789 871 captas
808 793 967 871 Augustus
986 793 1017 850 in
1034 792 1124 871 oppi-

119 887 193 945 dum
209 889 442 968 Forojuliense*
455 889 580 947 miserat
595 889 698 948 valido
714 909 783 947 cum
799 889 924 966 remige.
942 888 1001 948 Sed
1019 889 1125 968 praeci-

119 1005 215 1063 puum
238 985 331 1043 robur
350 985 494 1045 Rhenum
509 985 609 1065 juxta,
629 1006 792 1044 commune
808 986 840 1043 in
860 985 1030 1045 Germanos
1049 984 1123 1046 Gal-

118 1080 226 1160 losque
247 1082 429 1154 subsidium,
452 1089 522 1141 octo
543 1082 679 1159 legiones
700 1089 797 1141 erant.
819 1082 978 1162 Hispaniae
994 1083 1123 1142 recens*

118 1178 298 1256 perdomitae
310 1179 428 1237 tribus*
444 1178 646 1238 habebantur.
661 1179 786 1238 Mauros
798 1179 813 1238 l
819 1180 878 1239 uba
895 1201 948 1238 rex
964 1185 1125 1259 acceperat

120 1274 234 1333 donum
249 1275 354 1355 populi
370 1275 514 1335 Romani.
536 1276 646 1335 Cetera
664 1277 776 1334 Afrieae
791 1297 847 1355 per
863 1277 959 1335 duas*
975 1277 1121 1354 legioneS,

120 1372 247 1451 parique
263 1392 392 1431 numero
408 1373 562 1452 AEgyptus
582 1391 588 1432 :
606 1373 728 1445 dehine,
746 1373 835 1432 initio
851 1374 908 1432 ab*
924 1375 1010 1453 Syria
1028 1395 1125 1454 usque

119 1467 158 1526 ad
188 1468 302 1526 flumen
331 1469 520 1548 Euphraten,
553 1477 703 1550 quantum
730 1470 847 1547 ingenti
871 1476 1022 1528 terrarum
1055 1471 1125 1528 sinu

120 1564 262 1636 ambitur,
294 1573 427 1644 quatuor
452 1565 624 1644 legionibus
653 1567 818 1639 coercita*,
849 1567 960 1625 accolis
989 1567 1125 1625 Hibero*

119 1661 301 1742 Albanoque
321 1670 352 1721 et
365 1662 431 1721 aliis
449 1663 585 1741 regibus,
601 1664 654 1744 qui
673 1664 888 1742 magnitudine
902 1671 1006 1722 nostra
1023 1671 1125 1743 prote-

120 1766 235 1836 guntur
253 1759 415 1818 adversum
435 1767 561 1819 externa
579 1761 718 1840 imperia.
742 1761 854 1839 Ripam
875 1761 1008 1820 Danubii
1032 1762 1126 1839 legio-

121 1876 194 1913 num
208 1855 277 1913 duae
295 1856 326 1913 in
343 1856 512 1926 Pannonia,
530 1857 598 1915 duee
612 1858 643 1915 in
662 1857 771 1916 Moesia
789 1857 972 1929 attinebant,
998 1857 1125 1916 totidem

120 1951 202 2030 apud
229 1952 413 2011 Delmatiam
443 1953 561 2028 locatis,
593 1974 672 2034 quae,
702 1955 804 2034 positu
827 1955 972 2032 regioniS,
997 1977 1013 2013 a
1040 1963 1126 2032 tergo
1197 1947 1201 1951 ¹

121 2048 192 2121 illis,
219 2070 263 2120 ac,
289 2049 313 2107 si
344 2050 540 2128 repentinum
570 2050 728 2109 auxilium¹
746 2050 833 2110 ltalia
862 2061 1014 2131 posceret,
1044 2052 1126 2110 haud

122 2145 227 2224 procul
252 2147 443 2205 accirentur*
464 2165 470 2207 :
488 2167 674 2226 quamquam
688 2145 835 2208 insideret
853 2149 967 2208 Urbem
982 2149 1127 2229 proprius

123 2241 218 2312 mileS,
238 2244 318 2301 tres*
335 2243 470 2313 urbanae,
490 2245 621 2302 novem*
637 2245 788 2323 praetoriae
809 2245 964 2315 cohortes,
985 2246 1127 2305 Etruria*

123 2337 216 2397 ferme
232 2339 419 2419 Umbriaque
429 2339 566 2408 delectae,
579 2348 632 2398 aut
644 2349 745 2398 vetere
760 2342 848 2400 Latio
865 2350 896 2400 et
907 2342 1036 2401 coloniis
1049 2343 1128 2401 anti-

122 2435 227 2514 quitus
251 2437 397 2496 romanis
426 2440 467 2495 At
494 2437 575 2515 apud
603 2438 732 2495 idonea*
762 2438 991 2516 provinciarum
1016 2440 1126 2498 sociae‘

123 2533 263 2591 triremes
280 2534 396 2613 alaeque
411 2540 442 2591 et
457 2533 569 2592 auxilia
585 2535 757 2592 cohortium
775 2553 781 2594 :
798 2555 895 2615 neque
910 2535 1007 2594 multo
1023 2539 1127 2594 secus*

124 2631 153 2686 in
169 2629 207 2687 iis
223 2630 346 2688 virium.

152 2796 193 2845 N⁰
209 2796 274 2846 322
289 2812 294 2844 :
309 2798 463 2859 Utroque,
478 2799 502 2845 10
518 2813 574 2845 mer
586 2797 786 2870 Tyrrhtnienns
799 2801 826 2869 et
844 2798 869 2846 la
887 2813 942 2844 mer
956 2799 1126 2874 Adriatique.

124 2884 152 2893 —
164 2857 269 2919 Apud,
283 2861 451 2921 anastrophe.
466 2888 496 2894 —
509 2860 740 2920 Foroiullense,
756 2859 857 2921 FrdJuS,
872 2861 938 2906 dont
956 2861 1030 2907 ι10100
1048 2860 1129 2908 Cesar

122 2921 197 2966 avait
211 2921 364 2968 commencd
380 2922 402 2968 10
435 2925 486 2968 ort.
500 2949 529 2956 -
545 2922 681 2978 Recens,
696 2922 813 2968 adverbe
828 2938 833 2969 ε
848 2923 880 2968 de
894 2921 943 2968 l'an
958 2927 986 2967 26
1000 2923 1013 2968 0
1032 2923 1082 2969 l'nn
1099 2927 1130 2968 19

123 2995 157 3027 on
171 2983 242 3028 avait
259 2982 347 3029 reduit
364 2983 401 3030 les
416 2937 561 3030 llantabres
576 2984 654 3030 elles
672 2985 823 3030 Asturiens.
843 3010 872 3018 -
890 2983 1018 3042 Tribus,
1038 2985 1127 3030 s.-ent.

124 3041 285 3152 legionibus.
302 3071 332 3078 -
349 3045 449 3094 Duas.
466 3044 485 3091 ll
499 3045 543 3106 n'y
556 3060 588 3090 en
604 3045 676 3090 avait
689 3044 969 3114 qn'uneud'ordinuire.
987 3072 1014 3079 —
1029 3044 1130 3118 ¹Initio

124 3115 145 3152 a
171 3143 176 3156 ,
189 3106 360 3166 anastrophe,
375 3121 477 3152 comme
495 3108 555 3167 plus
572 3107 637 3152 haut
650 3106 771 3152 Rhenum
780 3107 869 3168 Juutu.
886 3132 912 3141 -
926 3106 1084 3165 Coerclta,
1099 3122 1129 3154 ce

125 3167 182 3212 mot
198 3181 224 3212 se
244 3169 370 3228 rapporte
390 3168 508 3214 beetera
531 3171 557 3214 et
576 3169 590 3214 0
608 3169 749 3230 quantum.
771 3195 799 3202 —
819 3167 949 3228 Hibero,
971 3169 995 3214 la
1016 3167 1129 3229 Gdorgie

123 3228 251 3274 actuetle:
266 3229 331 3274 dans
345 3230 368 3275 10
382 3229 471 3290 rdgion
483 3231 517 3276 du
530 3230 655 3288 Caucase,
669 3244 771 3276 comme
783 3229 924 3277 l'Athanie.
938 3257 967 3264 -
980 3229 1130 3280 Acciren-
1214 3236 1217 3244 '

124 3289 198 3337 tur:
213 3290 269 3336 0010
282 3290 389 3338 formait
402 3306 433 3336 en
451 3294 566 3338 toul150
580 3291 650 3337 mille
668 3292 796 3350 hommes,
811 3306 842 3338 00
855 3295 968 3353 prenunt
984 3306 1053 3352 pour
1065 3292 1132 3340 base

123 3349 148 3396 le
160 3351 251 3397 ehitl're
264 3353 297 3398 de
310 3351 348 3398 six
362 3353 432 3399 mille
445 3353 565 3399 hommes
578 3368 625 3412 pur
639 3353 733 3413 lo'gion.
745 3379 776 3388 —
787 3353 877 3404 Tres,
892 3365 1006 3402 novem
1019 3353 1132 3402 cohor-

125 3413 184 3461 tes.
200 3412 332 3460 L'eaectif
347 3415 392 3460 des
410 3415 534 3460 cohortes
551 3415 676 3460 urbaines
689 3415 756 3461 01010
773 3415 805 3460 (10
824 3418 894 3461 1000
914 3415 1130 3471 honnnes3celui

123 3474 171 3519 des
184 3475 308 3521 cohortes
325 3475 508 3536 prdtoriennes
525 3477 557 3521 de
575 3480 653 3530 9,000.
675 3502 702 3511 -
720 3475 865 3526 Etruria.
883 3477 974 3523 Tacite
991 3477 1129 3537 supprime
1214 3482 1218 3492 ’

125 3538 239 3582 souvent
252 3535 352 3583 inavee
366 3538 402 3583 los
413 3552 487 3583 noms
496 3537 528 3582 de
538 3538 598 3584 lieu.
611 3565 639 3570 —
648 3538 778 3594 Idonea,
788 3543 875 3585 s.-ent.
890 3538 953 3584 lora.
965 3563 993 3571 -
1007 3537 1127 3587 Sociae:

125 3609 169 3642 ces
187 3597 307 3644 triremes
324 3599 424 3646 0001000
442 3600 559 3645 t'ournies
577 3600 678 3660 parles
695 3601 771 3645 vities
790 3601 935 3646 maritimes
953 3599 999 3645 des
1015 3599 1089 3647 011100
1102 3603 1128 3646 00

125 3661 294 3706 00000οο0000
308 3660 403 3706 010000
421 3661 491 3707 t'rnis.
505 3687 535 3694 —
547 3660 649 3710 Seeus
666 3680 696 3702 Ξ
709 3661 805 3708 minus.
823 3662 913 3708 Tacite
932 3663 995 3707 veut
1008 3662 1064 3707 dire
1077 3677 1128 3722 que

125 3717 245 3768 l'etl'eotis
252 3721 284 3767 de
298 3721 322 3768 la
334 3723 463 3768 cavalerie
475 3726 501 3769 00
514 3723 546 3768 de
562 3723 720 3769 l'intanterie
738 3723 888 3770 auxitiaires
901 3723 998 3784 egulait
1013 3737 1128 3784 presque

124 3781 193 3828 celui
203 3783 249 3828 des
261 3783 370 3845 legions,

549 3935 651 3986 -325
676 3967 705 3974 -
