2714 4236
342 123 427 179 447.
443 126 491 180 Le
507 126 639 180 monde
655 137 679 180 a
695 122 753 180 ete'
774 123 845 180 fait
864 137 957 193 pour
975 105 1153 180 l’homme.

406 221 569 286 (Hominum
578 236 660 272 ‘causa
674 223 801 272 uidentur
814 223 903 272 omnia
916 225 1005 271 creata
1017 222 1093 286 esse.)

178 352 225 416 4⁶.
285 355 353 414 Jam
367 357 460 415 vero*
475 356 657 415 circumitus
674 356 747 415 solis
762 363 793 414 et
808 356 896 415 lunae
909 357 1160 436 reliquorumque
1177 354 1264 414 side·
1303 391 1305 395 ·

245 473 324 522 rum,
341 464 527 533 quamquam
541 453 632 512 etiam
656 454 698 512 ad
719 453 824 512 mundi
845 453 1070 512 cohaerentiam
1083 453 1260 532 pertinent,

246 556 348 607 tamen
366 557 396 608 et
409 549 619 629 spectaculum
641 550 818 608 hominibus
834 549 996 628 praebent3
1013 549 1094 608 nulla
1109 556 1157 608 est
1171 549 1259 608 enim

245 646 466 708 insatiabilior*
483 647 611 726 species,
629 646 711 704 nulla
727 645 904 726 pulchrior*
919 654 950 704 et
970 646 1008 704 ad
1026 646 1176 704 rationem
1192 645 1260 704 sol·

244 740 427 822 lertiamquc
437 743 652 822 praestantior.
662 743 774 801 Eorum
783 743 863 801 enim
872 763 979 800 cursus
988 742 1139 813 dimetati,
1151 749 1260 800 matu-

245 838 352 898 ritates
367 847 540 919 temporum
552 846 582 898 et
593 841 757 898 varietates
770 839 1017 918 mutationesque
1031 839 1258 917 cognovimus:

243 937 365 1014 quaesi
390 935 566 995 hominibus
589 935 661 994 solis
684 943 857 1008 notuerat,
881 935 1042 994 hominum
1060 956 1151 994 causa
1171 935 1258 994 facta

243 1051 309 1090 esse
317 1033 518 1112 judicandum
530 1033 604 1092 est*.
620 1032 712 1090 Terra
723 1052 797 1091 vero
808 1033 870 1090 leta
879 1032 1020 1110 frugibus
1030 1040 1060 1091 et
1072 1032 1156 1092 vario
1167 1032 1257 1110 legu-

243 1128 361 1187 minum
377 1150 502 1206 genere,
521 1149 601 1208 quae
621 1149 690 1188 cum
705 1129 838 1188 maxima
848 1129 989 1207 largitate
1004 1129 1160 1203 lundit‚'ea
1172 1130 1258 1188 lera-

243 1245 351 1284 rumne
368 1247 407 1284 an
423 1227 583 1285 hominum
610 1247 699 1284 causa
721 1226 846 1304 gignere
863 1226 1003 1286 videtur?
1024 1226 1103 1294 Quid
1123 1226 1160 1286 de
1179 1225 1258 1284 viti-

243 1321 300 1380 bus
335 1321 518 1402 olivetisque
550 1322 675 1382 dicam?
702 1343 830 1400 quarum
858 1321 1004 1380 uberrimi
1034 1322 1257 1403 laetissimique

187 1479 189 1496 ,
242 1422 361 1480 fructus
387 1419 619 1480 nihilomnino
644 1418 681 1476 ad
707 1419 820 1478 bestias
839 1420 1006 1498 pertinent.
1035 1419 1141 1499 Neque
1169 1421 1256 1479 enim

242 1516 363 1578 serendi
377 1537 475 1596 neque
491 1515 610 1574 colendi
624 1537 681 1574 nec
691 1516 877 1594 tempestive
889 1515 1064 1574 demetendi
1080 1517 1257 1596 percipien-

236 1615 335 1693 dique
350 1613 469 1672 fructus
489 1633 587 1692 neque
608 1611 761 1670 condendi
779 1632 814 1671 ac
831 1612 1001 1691 reponendi
1016 1612 1077 1671 ulla
1097 1612 1254 1692 pecudum

242 1710 389 1770 scientia*
411 1716 469 1779 est,
496 1729 661 1788 earumque
683 1709 821 1767 omnium
841 1727 944 1768 rerum
965 1707 1126 1768 hominum
1153 1716 1200 1768 est
1222 1719 1256 1768 et

243 1829 316 1866 usus
331 1814 362 1866 et
376 1827 460 1866 cura.

181 2038 183 2041 ¹
242 1984 293 2030 l'on
321 1967 416 2030 trouve
442 1982 507 2029 dans
525 1981 634 2044 Manes.)
657 2008 687 2017 -
709 1981 886 2040 collucent,
911 1996 1068 2044 remarquer
1092 1983 1118 2030 la
1137 1985 1252 2031 couleur

242 2044 368 2115 poetique
381 2043 413 2089 de
424 2045 483 2090 tout
499 2043 523 2090 le
544 2057 676 2091 monceau.
699 2070 730 2078 —
747 2043 931 2102 Possemus‚
948 2043 1138 2094 dubitaret:
1152 2045 1254 2093 modus

243 2105 359 2163 urentis,
371 2119 510 2166 parceque
523 2103 691 2166 l‘hypothese
705 2107 746 2152 est
761 2103 936 2152 irrealisahle.
950 2131 980 2140 -
997 2105 1041 2154 At
1060 2117 1150 2165 vero,
1172 2111 1252 2154 autre

242 2167 355 2214 termule
382 2167 415 2212 de
444 2167 594 2214 transition.
620 2193 649 2201 -
677 2165 817 2227 Species,
839 2167 952 2216 distinct
983 2167 1015 2215 dc
1039 2167 1219 2229 pulchritudo
1241 2185 1258 2223 r,

242 2227 307 2276 c’est
317 2227 430 2289 l'aspect
443 2228 516 2275 varie
528 2232 554 2275 ct
565 2229 723 2290 changeant.

273 2329 314 2378 Νο
326 2329 393 2378 447
408 2343 413 2376 ε
426 2329 503 2379 Jam
515 2341 602 2378 vero.
620 2329 730 2376 Cice'ron
741 2343 756 2376 a
769 2328 918 2391 developpe
931 2330 956 2377 la
969 2331 1054 2376 meme
1066 2328 1125 2377 idea
1146 2329 1214 2377 dans
1226 2331 1253 2378 le

245 2390 280 2438 De
292 2390 383 2453 legib„
399 2391 418 2448 Ι,
431 2394 444 2438 8
459 2405 464 2438 :
479 2410 490 2433 a
506 2391 600 2453 ltaque
614 2391 646 2437 ad
660 2389 799 2438 hominum
817 2391 1018 2438 commoditates
1029 2393 1055 2438 et
1068 2405 1132 2438 usus
1146 2393 1252 2439 tantam

161 2521 163 2527 Α
244 2467 335 2500 rerum
349 2451 497 2522 ubertatem
509 2455 603 2498 natura
617 2451 715 2521 largita
727 2453 775 2520 est,
797 2454 825 2498 ut
843 2465 957 2515 eaquae
976 2452 1007 2515 qt
1028 2456 1133 2500 nuntur
1149 2452 1249 2500 donata

242 2513 366 2584 consulto
379 2513 465 2572 nehus,
476 2528 529 2582 non
540 2513 654 2584 sorturto
667 2516 727 2560 nata
740 2513 897 2586 videantum
912 2528 958 2561 neo
969 2528 997 2561 so
1013 2528 1095 2584 ulmea
1105 2528 1175 2576 quae
1187 2512 1252 2573 sru—

242 2575 323 2636 qrbus
341 2577 422 2638 atque
434 2575 508 2622 bacis
526 2577 614 2622 terrae
628 2579 684 2636 fetu
699 2575 919 2636 prolunduntun
933 2575 979 2622 sed
997 2577 1077 2623 etiam
1112 2575 1208 2624 ecudes
1229 2595 1252 2623 r.

244 2637 407 2708 Rcmarquer
436 2650 487 2698 que
504 2636 627 2714 ‚Ciceron
648 2651 680 2682 nc
705 2637 797 2706 tomhe
824 2651 872 2698 pas
897 2637 964 2683 dans
982 2637 1028 2708 les¹
1046 2652 1080 2698 pu
1099 2637 1186 2716 rilitds
1203 2638 1253 2684 des

242 2699 370 2746 finalrstes
390 2701 449 2745 tant
471 2699 559 2746 ra1llcs
579 2713 627 2759 par
650 2699 804 2758 Montargne
828 2700 856 2745 et
873 2711 922 2759 par
941 2698 1068 2745 Voltarre.
1089 2698 1135 2747 Srl
1154 2713 1252 2746 recon-

242 2763 363 2829 natttune
379 2764 450 2807 sorte
470 2760 502 2806 (tc
520 2759 629 2829 parente'
647 2763 720 2807 entre
736 2760 774 2808 les
789 2759 868 2806 meur
887 2762 914 2807 et
932 2760 970 2806 les
989 2757 1110 2808 hommes
1130 2760 1251 2823 (aquatio

244 2820 321 2869 nobis
340 2837 400 2868 cum
420 2821 598 2879 caelestinus),
620 2822 641 2868 si
661 2820 786 2868 l'univers
803 2821 840 2866 lui
858 2823 945 2882 paralt
970 2821 1025 2868 etre
1042 2821 1102 2868 leur
1122 2835 1250 2869 commun

243 2883 375 2930 habitacle
390 2883 438 2940 (est
454 2882 524 2929 enim
540 2879 657 2930 mundus
672 2881 751 2944 quasi
768 2881 917 2929 eommunis
935 2881 1047 2928 deorum
1064 2886 1145 2946 atque
1161 2882 1250 2930 homi-

243 2960 307 2991 num
324 2945 437 3007 domus),
457 2943 522 2992 c'est
534 2959 584 3005 que
601 2959 704 2990 comme
723 2958 773 2990 eux
790 2958 858 2990 nous
872 2959 988 2991 somrnes
1000 2944 1083 2991 doues
1101 2945 1133 2992 dc
1148 2945 1250 3005 raison,

242 3019 345 3052 comme
363 3020 413 3052 eux
427 3019 495 3054 nous
513 3007 615 3052 aimons
632 3007 657 3052 la
674 3009 761 3064 vertu,
775 3019 877 3052 comme
896 3019 947 3052 eux
963 3019 1031 3052 nous
1045 3005 1184 3053 obdissons
1197 3007 1251 3053 a'la

242 3067 277 3114 loi
291 3068 425 3143 eterne-lle
434 3067 706 3138 -Insatiahiliom
719 3083 752 3113 au
765 3081 824 3136 sens
837 3067 911 3114 actis.
921 3066 1142 3140 s-Pulchrlor.
1157 3067 1250 3129 Oppo-

243 3143 285 3175 ser
301 3129 325 3176 le
342 3145 378 3176 err
392 3130 540 3190 dangorssc
557 3129 590 3176 de
608 3128 700 3176 Pascal
714 3143 720 3176 ι
735 3147 745 3170 «
760 3128 784 3175 le
800 3128 898 3174 silence
914 3128 1015 3175 eternel
1032 3129 1065 3175 de
1082 3143 1126 3176 ces
1138 3143 1250 3190 espaces

242 3188 1194 3306 taratara-‘rsamarmaarfatresaar
1212 3192 1248 3298 a

241 3329 256 3360 a
270 3314 400 3375 persuade
413 3329 464 3375 que
476 3328 506 3361 ce
516 3265 622 3360 martille
634 3312 778 3359 admirable
790 3313 821 3382 de
833 3313 858 3359 la
869 3313 959 3359 voulte
971 3267 1081 3371 cclesgte,
1098 3289 1123 3360 la
1136 3314 1247 3360 lunritre

241 3375 367 3422 eternelle
380 3377 412 3422 de
428 3389 472 3422 ces
489 3375 639 3422 ssambeaux
656 3374 778 3440 roulants
800 3388 821 3420 sr
841 3373 981 3444 filerement
999 3389 1046 3421 sur
1066 3389 1094 3422 sa
1111 3378 1190 3432 teste,
1210 3376 1249 3422 les

241 3441 425 3507 mouvcments
436 3435 639 3506 espoventablcs
652 3437 684 3482 de
697 3438 766 3482 cette
784 3449 840 3481 mer
856 3435 1250 3546 mfinsiit'asilenguisffliss‘eff

241 3497 1076 3621 ἰῗοὲονῗ[(Έξεῐῗὲ,ἱῗὲι1ξῗὲΐέὶ1ἒῑῖερ3ὲᾝῖνῗιῖῐιιιὶιῐίῃὲοὲοηάε),ξ-
1089 3559 1248 3610 Solantia.

240 3619 281 3666 De
302 3620 670 3668 nombreusesobservations
685 3622 761 3667 saites
780 3621 813 3665 de
834 3634 882 3666 nos
896 3621 971 3682 jours
989 3635 1035 3667 sur
1051 3620 1090 3668 les
1107 3635 1208 3669 moeurs
1221 3625 1250 3670 et

240 3679 652 3789 q’qqitiqltqglpffidgtegicgpgqraux
680 3681 891 3728 dementiraient
919 3696 965 3728 sur
993 3682 1054 3743 plus
1078 3680 1141 3730 d’un
1170 3684 1250 3745 point

666 3879 822 3932 -450-
