2658 4244
528 181 587 238 55.
606 182 888 252 LesGracques.

606 268 653 330 (De
663 269 809 332 Gracchis.)

144 390 184 455 2⁸
253 390 311 450 Ubi
334 391 466 470 primum
491 411 527 450 ex
551 390 712 450 nobilitate
737 393 850 473 reperti
865 400 938 451 sunt
956 394 1009 474 qui
1026 416 1129 463 veram
1147 395 1213 474 glo·

210 489 306 548 riam*
320 489 441 568 injustae
463 489 611 568 potentiae
632 495 864 568 anteponerent,
892 491 1008 549 moveri
1033 492 1153 564 civitae,
1180 498 1210 553 et

209 584 360 644 dissensio
379 584 490 654 civilis,
507 585 593 665 quasi
614 586 777 664 permixtio
795 594 892 660 terrae,
913 587 986 645 oriri
1005 588 1111 668 coepit,
1133 589 1211 647 Nam

210 689 372 762 postquam
400 681 447 741 Ti.
474 688 506 739 et
527 680 563 740 C.
585 681 755 752 Gracchus,
771 703 901 762 quorum
924 683 1074 762 majores}
1094 683 1210 744 Punico

210 787 302 859 atque
316 778 383 837 aliis
402 777 490 836 bellis
504 779 635 837 multum
651 779 829 859 reipublicae
846 779 1037 854 addiderant,
1055 781 1213 840 vindicare

209 873 330 954 plebem
357 877 389 933 in
417 875 589 934 libertatem
621 883 652 935 et
679 879 869 956 paucorum*
897 876 1009 936 scelera
1040 877 1213 957 patefacere

210 992 341 1052 coepere,
352 972 495 1030 nobilitas
506 973 617 1031 noxia*
630 979 723 1053 atque
734 993 770 1031 eo
781 974 930 1051 perculsa,
944 973 1035 1033 modo
1046 995 1101 1054 per
1112 976 1213 1034 socios

210 1089 246 1127 ac
266 1089 378 1127 nomen
396 1068 557 1140 latinum',
573 1070 728 1128 interdum
749 1091 804 1149 per
823 1071 941 1150 equites
964 1092 1118 1139 romanos,
1134 1092 1213 1151 quos

210 1168 299 1244 spes*
312 1165 466 1224 societatis
481 1186 497 1222 a
514 1165 602 1244 plebe
616 1166 798 1239 dimoverat,
817 1167 1026 1227 Gracchorum
1040 1168 1213 1226 actionibus

210 1262 332 1321 obviam
346 1263 433 1322 ierat.
449 1262 487 1321 Et
502 1261 600 1341 primo
615 1263 783 1326 Tiberium.
802 1264 872 1322 dein
891 1284 1005 1343 paucos
1027 1273 1098 1343 post
1116 1285 1214 1322 annos

210 1359 339 1418 eadem*
353 1359 574 1436 ingredientem
592 1359 716 1430 Gaium,
735 1360 892 1418 tribunum
912 1360 1053 1431 alterum,
1071 1360 1214 1419 triumvi-

210 1477 277 1515 rum
293 1456 423 1515 alterum
442 1455 593 1514 coloniis*
613 1455 816 1528 deducundiS,
833 1477 902 1516 cum
923 1457 965 1517 M.
982 1457 1092 1515 Fulvio
1104 1458 1127 1514 F
1129 1455 1214 1516 lacco

210 1554 291 1612 ferro
303 1559 476 1612 necaverat.
494 1552 532 1610 Et
547 1573 620 1611 sane
640 1553 798 1622 Gracchis,
816 1553 960 1632 cupidine
976 1554 1113 1612 victoriae
1132 1553 1213 1611 haud

211 1651 284 1708 satis
308 1650 427 1708 animus
453 1649 630 1708 moderatus
654 1650 724 1708 1311.
742 1649 802 1707 Sed
823 1650 925 1708 bono*
947 1651 1030 1709 vinci
1053 1651 1148 1708 satius
1168 1658 1213 1708 051

211 1767 301 1826 quam
313 1746 391 1804 malo
408 1748 511 1805 more*
523 1746 667 1827 injuriam
684 1747 817 1805 vincere.
833 1747 931 1823 Igitur
943 1768 978 1805 ea
991 1747 1214 1805 victorianobi·

211 1845 280 1903 litas
299 1865 335 1902 ex
357 1843 495 1902 lubidine
517 1863 570 1901 sua
593 1864 647 1901 usa
671 1844 784 1901 multos
807 1843 951 1902 mortales
974 1844 1054 1902 10330
1071 1850 1123 1902 331
1142 1844 1215 1920 fuga

211 1942 368 2012 exstinxit,
381 1941 510 2020 plusque
521 1941 550 1997 in
564 1939 715 2019 reliquum
729 1940 787 1997 sibi
803 1941 945 1998 timoris*
960 1960 1051 2018 quam
1067 1941 1213 2018 potentiae

211 2038 340 2097 addidit.
351 2037 424 2103 Quae
444 2057 492 2094 res
508 2037 689 2116 plerumque
707 2057 831 2114 magnas
841 2037 982 2096 civitates
992 2036 1213 2116 pessumdedit,

211 2133 284 2194 dum
298 2135 385 2193 alteri
401 2134 511 2192 alteros
526 2133 648 2191 vincere
664 2134 774 2212 quovis
790 2134 892 2206 mode,
913 2142 944 2191 et
957 2135 1057 2192 victos
1076 2133 1216 2192 acerbius

212 2232 317 2290 ulcisci
334 2231 452 2290 volunt.

242 2380 283 2430 ΙΨ
298 2380 361 2430 55:
377 2380 499 2428 Veram
510 2376 658 2439 gloriam.
673 2377 749 2425 Voici
766 2376 894 2438 l'opinion
913 2378 945 2424 de
961 2378 1056 2440 Duruy
1072 2377 1150 2440 (Hist.
1170 2379 1216 2426 des

212 2443 297 2504 Rom,
316 2441 349 2499 ll,
368 2442 430 2502 392),
446 2454 491 2487 sur
508 2440 545 2485 les
559 2438 716 2499 Gracques:
738 2458 749 2481 (ι
770 2438 837 2494 Quel
850 2440 956 2486 remede
975 2446 1068 2487 contre
1089 2455 1119 2488 00
1134 2440 1215 2502 triple

213 2505 265 2552 mal
280 2519 285 2552 z
299 2505 324 2551 la
340 2503 435 2549 misere
451 2504 478 2547 01
494 2499 519 2546 13
532 2501 706 2561 degradation
724 2501 759 2546 du
770 2501 875 2562 peuplc,
892 2499 1049 2548 l’extension
1067 2502 1100 2548 de
1115 2499 1215 2548 105013-

213 2581 287 2627 vage,
306 2565 331 2612 la
348 2565 423 2610 ruine
438 2563 484 2608 dcs
498 2563 677 2622 campagnes?
693 2587 724 2596 —-
739 2561 780 2608 Un
795 2563 851 2609 seul
871 2577 876 2608 :
894 2562 995 2610 diviser
1011 2577 1055 2610 ces
1073 2563 1216 2612 immensas

213 2628 350 2675 demaines
362 2639 413 2686 que
428 2624 465 2670 les
477 2624 574 2684 grands
585 2624 691 2670 avaient
704 2624 817 2685 usurpc's
829 2639 874 2669 sur
886 2611 974 2679 l'hltat,
987 2626 1081 2670 rendre
1094 2625 1108 2670 a
1121 2625 1217 2686 13330-

233 2689 307 2747 31110,
321 2685 460 2749 regenerer
474 2699 522 2746 par
535 2686 560 2731 la
575 2688 652 2732 vertu
665 2685 700 2731 du
715 2685 811 2732 travail
824 2685 932 2732 1310310
948 2687 1092 2747 indigente,
1109 2687 1219 2733 chasser

213 2705 251 2798 les
268 2751 386 2797 esclaves
407 2748 453 2794 des
475 2760 633 2808 campagnes
655 2761 687 2792 en
706 2762 724 2808 y
742 2747 899 2794 e'tablissant
918 2748 965 2794 des
982 2747 1103 2794 ouvriers
1125 2748 1215 2804 libres,

213 2813 391 2860 reconstituer
410 2824 458 2871 par
476 2823 528 2855 une
551 2809 586 2855 101
608 2809 709 2868 agraire
731 2808 755 2854 13
777 2809 861 2869 petite
883 2809 1019 2870 propriata
1039 2811 1066 2855 01
1087 2809 1112 2856 13
1132 2810 1217 2857 013550

213 2888 345 2936 moyenne
359 2891 380 2918 ».
390 2898 422 2905 -
434 2869 581 2932 Medores
598 2869 722 2930 :Scipion
736 2869 888 2929 1Ἀ1310313;
902 2871 1010 2918 Ti.Sem
1031 2870 1216 2918 3031356330-

214 2938 287 2994 chus,
299 2935 323 2982 10
334 2935 397 2996 pere
408 2933 455 2979 des
466 2931 611 2992 GracqueS,
624 2932 678 2992 (qui
690 2932 865 2978 avaitvaincu
888 2933 926 2979 les
943 2885 1120 2980 Celtibericus
1135 2936 1162 2980 et
1179 2933 1218 2980 les

213 2999 327 3058 Sardes).
346 3022 376 3031 -
392 2995 577 3043 Paucorum
597 3008 602 3041 :
620 2992 812 3040 l'aristocratie.
831 3020 856 3028 -
875 2994 1004 3043 Noxia:
1023 2993 1075 3040 ala
1089 2994 1140 3040 1015
1156 3009 1216 3041 cou-

213 3060 301 3122 pablc,
324 3061 351 3104 et
372 3059 455 3117 ayant
480 3055 637 3102 conscience
660 3055 692 3101 de
714 3055 839 3102 5313310.
860 3082 890 3089 -
909 3054 1032 3105 Nomen
1052 3054 1215 3105 Latinum.

214 3119 384 3169 L'execution
395 3118 428 3163 de
441 3116 465 3163 la
480 3117 515 3163 101
528 3117 629 3177 agraire
643 3117 689 3162 des
705 3116 840 3176 Gracques
854 3117 963 3163 blessait
978 3121 1004 3164 et
1018 3117 1056 3163 les
1069 3117 1218 3164 chevaliers

214 3183 380 3243 (de'tenteurs
393 3177 470 3225 d'une
484 3179 583 3239 grande
619 3179 685 3224 artie
704 3179 750 3224 des
767 3182 850 3225 terres
865 3179 1030 3239 confisquees
1048 3193 1093 3224 sur
1109 3178 1150 3240 les
1167 3178 1218 3225 113-

214 3246 281 3292 11035
292 3248 318 3291 01
332 3257 377 3288 533
392 3241 429 3287 105
443 3240 552 3300 Latins),
566 3193 643 3286 etlcs
658 3239 775 3296 11311035,
789 3243 816 3286 01
828 3240 867 3288 105
880 3240 970 3287 Latins
983 3241 1144 3287 eux-memes
1157 3255 1214 3287 aux·

233 3306 290 3352 uels
305 3304 354 3351 elle
370 3302 448 3349 103311
465 3302 560 3362 perdre
576 3315 605 3347 ce
623 3301 667 3360 qui
681 3301 738 3346 leur
755 3302 848 3348 3051311
863 3302 896 3348 (10
913 3316 957 3348 005
971 3305 1061 3348 terres.
1079 3328 1109 3336 -
1125 3301 1216 3362 Spes.

214 3323 284 3414 dest
315 3381 364 3412 our
376 3377 481 3425 rompre
492 3366 562 3409 cette
576 3363 687 3408 alliance
696 3362 728 3408 de
738 3361 763 3407 la
776 3362 898 3409 noblesse
909 3364 977 3410 etde
988 3363 1084 3409 l’ordre
1095 3362 1218 3424 e'questre

215 3444 266 3489 que
286 3381 314 3474 (l
341 3425 477 3473 Gracchus
496 3425 559 3484 (122)
583 3426 661 3484 porta
681 3438 709 3470 sa
733 3423 775 3469 103
793 3423 952 3484 judiciaria,
974 3425 1018 3484 qui
1040 3424 1149 3471 conhait
1167 3438 1219 3472 aux

215 3489 362 3537 chevaliers
379 3488 417 3534 les
435 3487 567 3532 fonctions
584 3485 746 3545 judiciaires.
762 3511 793 3518 —
810 3486 941 3543 Eadem,
961 3485 1217 3546 (3330130313ον-

215 3550 363 3602 Coloniis.
383 3549 410 3596 C.
427 3547 563 3595 Gracchus
581 3547 653 3593 avait
670 3546 718 3592 1311
737 3546 845 3593 decider
861 3545 957 3607 qu'unc
974 3547 1078 3594 colonie
1098 3547 1219 3594 romaine

214 3613 295 3660 serait
311 3611 408 3657 htablie
433 3623 477 3656 sur
494 3609 706 3669 l'emplacement
722 3608 754 3653 de
771 3607 910 3669 Carthage.
933 3633 959 3640 —
977 3609 1075 3667 Bono,
1095 3622 1128 3655 33
1148 3608 1219 3655 (13111

215 3673 352 3721 masculin.
368 3699 396 3706 -
410 3671 499 3720 Malo
514 3683 602 3719 more
618 3685 622 3716 :
637 3669 759 3715 Tibe'rius
774 3669 804 3717 fit
817 3670 930 3730 deposer
941 3670 1121 3731 illegalement
1134 3670 1218 3732 parle

216 3734 312 3797 pcuple
326 3748 373 3780 503
389 3733 517 3793 collegue,
534 3732 558 3777 lc
572 3731 662 3778 tn'bun
674 3730 809 3777 Octavius.
821 3757 852 3765 —-
863 3730 1001 3780 Tlmoris
1012 3745 1018 3779 ε
1029 3731 1215 3780 l'aristocratie

214 3798 281 3843 c'tait
290 3795 404 3856 ell'rayee
413 3793 508 3854 parles
517 3791 730 3839 revendications
744 3792 779 3838 du
792 3793 861 3852 parti
875 3793 1022 3854 populaire.

644 3918 809 3984 -as-'
