2696 4244
186 177 268 234 185.
288 137 513 232 Immoralitd
529 176 596 232 des
606 173 823 242 spectacles
839 173 863 230 a
877 172 1041 241 l'e'po‘que
1109 123 1115 136 .

506 263 717 332 u’Auguste.

170 360 267 426 (Quam
281 359 424 425 depravata
435 358 540 422 suerint
550 358 709 422 spectacula,
722 359 847 422 Augusto
860 355 1050 437 imperitante.)

209 493 288 562 Quid
294 497 316 567 *‚
329 494 354 553 si
367 493 554 573 scripsissem
576 492 717 564 mimos*‚'
730 491 862 552 obscena
874 471 1025 570 *jocantes
1138 485 1181 548 3³

249 591 308 660 Qui
323 611 444 672 semper
458 590 522 649 ficti
537 589 653 649 crimen
671 589 782 648 amoris
799 589 933 648 habent?

209 689 246 750 ln
258 689 370 769 quibus
381 688 499 747 assidue
514 687 615 746 cultus
628 686 769 768 procedit
781 687 911 756 adulter,

247 786 411 866 Verbaque
425 785 495 843 dat*
517 785 611 843 stulto
626 784 735 844 callida
751 791 847 864 nupta
860 784 937 843 viro.

185 873 189 876 ¹
208 882 331 946 Nubilis
344 883 400 942 hos
412 881 501 960 virgo
515 890 716 961 matronaque
734 881 842 962 virque
860 900 997 960 puerque

248 980 385 1059 Spectat,
398 986 430 1038 et
443 999 459 1037 e
472 998 582 1056 magna
597 984 687 1058 parte
699 978 830 1036 Senatus
843 977 940 1036 adest.

209 1077 273 1136 Nec
286 1077 359 1135 satis
374 1074 498 1136 incestis
512 1075 653 1134 temerari
667 1072 794 1134 vocibus
809 1094 913 1150 aures3

249 1175 447 1234 Adsuescunt
461 1171 542 1231 oculi
556 1171 653 1231 multa
668 1160 811 1252 pudenda
830 1172 905 1251 pati.

209 1271 351 1352 Cumque
366 1269 475 1330 fefellit
487 1290 593 1329 amans
608 1269 708 1348 aliqua
724 1270 861 1328 novitate
876 1269 1030 1340 maritum,
1120 1333 1122 1339 ,
1204 1343 1206 1346 Ι

251 1367 442 1442 Plauditur*,
459 1374 491 1426 et
503 1386 616 1444 magno
633 1366 734 1447 palma
748 1367 853 1426 lavore
870 1365 971 1427 datur.
1001 1370 1002 1376 ’

210 1464 466 1545 Quoque*minus
475 1463 615 1544 prodest,
630 1483 729 1523 scaena
745 1464 918 1523 estlucrosa
932 1470 1041 1541 poetae,

248 1563 409 1641 Tantaque
424 1581 485 1620 non
500 1581 598 1640 parvo
613 1560 741 1620 crimina
756 1563 890 1640 praetor*
907 1561 991 1620 emit.

210 1660 331 1739 Inspice
344 1658 485 1718 ludorum
501 1659 809 1736 sumptus‚Auguste‚
828 1645 972 1718 tuorum:

250 1757 360 1837 Empta
372 1755 428 1814 tibi
441 1775 554 1838 ¹magno
569 1754 640 1814 talia
657 1754 753 1814 multa
768 1754 860 1832 leges.

211 1855 286 1914 Haec
300 1861 334 1912 tu
345 1852 489 1933 spectasti
502 1852 731 1932 spectandaque
746 1872 826 1932 saepe
840 1851 949 1910 dedisti
965 1869 972 1913 ε

250 1950 398 2030 Majestas
411 1949 487 2008 adeo
500 1949 595 2008 comis
608 1949 721 2029 ubique
735 1958 786 2008 tua
802 1957 862 2021 esl;

210 2047 453 2126 Luminibusque
467 2033 540 2118 tuisi
555 2054 639 2105 totus
652 2047 762 2126 quibus
771 2047 887 2104 utimur
901 2045 1012 2117 orbis*,

249 2143 386 2204 Scaenica
401 2143 506 2202 vidisti
520 2142 640 2202 lentus*
655 2142 816 2203 adulteria.
862 2171 863 2175 ¹

210 2241 349 2300 Scribere
365 2241 389 2299 si
404 2240 450 2299 fas
463 2247 509 2299 est
525 2240 680 2299 imitantes
695 2241 798 2319 turpia
813 2241 932 2311 mimos,

250 2338 408 2397 Materiae*
423 2337 523 2395 minor
537 2344 584 2396 est
597 2336 700 2396 debita
715 2358 807 2416 poena
823 2359 909 2397 meae.

210 2436 258 2493 An
272 2455 369 2512 genus
378 2436 435 2494 hoc
450 2434 555 2514 scripti
572 2433 689 2495 faciunt
699 2455 753 2493 sua
765 2435 884 2515 pulpita
899 2441 1011 2508 tutum,

251 2532 401 2612 Quodque
418 2531 494 2590 libet
508 2530 608 2589 mimis
621 2551 720 2589 scaena
738 2531 829 2590 licere
844 2531 949 2590 dedit?
1019 2586 1023 2595 ,

138 2656 182 2704 N⁰
200 2654 283 2706 185:
298 2654 391 2716 Quid,
406 2654 601 2702 sous-entendu
622 2652 768 2704 fecisses.
787 2653 873 2702 Ovide
890 2654 958 2702 exile
971 2671 999 2704 se
1017 2658 1115 2706 defend

104 2718 208 2779 aupres
221 2718 378 2778 d'Auguste,
393 2719 420 2764 et
432 2717 517 2764 essaie
530 2717 562 2763 dc
573 2716 609 2763 lui
623 2717 751 2776 montrer,
765 2716 832 2764 dans
844 2731 880 2764 un
892 2717 955 2780 long
967 2722 994 2766 et
1005 2719 1116 2769 brillant

104 2779 260 2842 plaidoyer‚
271 2794 322 2840 que
332 2782 393 2826 tous
403 2778 441 2825 les
453 2792 546 2839 genres
558 2778 591 2824 dc
604 2777 693 2839 poe‘sie
705 2781 824 2838 peuvent
836 2782 928 2840 porter
940 2781 1052 2829 alteinte
1063 2783 1078 2829 d
1090 2782 1115 2830 la

104 2840 220 2912 morale.
235 2841 274 2918 Ep
290 2844 352 2888 tous
365 2855 418 2899 cas,
433 2841 470 2887 les
485 2854 611 2910 passages
623 2840 660 2886 les
675 2838 735 2914 plus
750 2840 831 2886 libres
843 2841 876 2912 de
890 2856 932 2888 ses
942 2842 1048 2903 poesies
1061 2844 1116 2892 ele'-

104 2917 222 3011 tituli
238 2901 1116 3032 ”alitai3i5‘3?¹ltdaa³ll{‚dabatis-adlisit

101 3030 199 3089 palen.
245 3026 285 3072 oir
302 3039 335 3072 au
353 3025 458 3086 lexique
475 3025 693 3071 Paulumque·
721 3025 833 3075 Verba
850 3027 917 3075 dat.
934 3026 1007 3074 Nous
1024 3029 1115 3076 disons

104 3089 141 3134 de
151 3088 238 3134 meme
249 3101 254 3134 :
264 3100 296 3134 en
306 3089 408 3134 conter.
422 3113 449 3120 -
460 3084 644 3135 Plauditur,
657 3085 727 3134 C'est
735 3087 758 3133 le
767 3103 828 3148 gros
838 3088 907 3148 grief
911 3089 944 3135 de
954 3090 969 3137 J
973 3090 1008 3137 .-J
1013 3125 1018 3136 .
1029 3089 1115 3140 Rous-

104 3164 172 3196 seau
193 3151 222 3196 ei
240 3149 273 3195 de
294 3149 407 3196 Bossuet
428 3151 520 3195 contre
541 3148 565 3194 le
587 3147 691 3194 theatro
708 3149 740 3194 de
762 3149 882 3209 Moliere,
903 3153 930 3198 et
948 3153 1116 3201 notamment

32 3269 33 3272 Ἴ
105 3213 206 3258 contre
226 3210 250 3257 le
270 3210 325 3256 rdle
342 3209 516 3271 d'Ange'lique
535 3210 602 3256 dans
622 3209 726 3270 George
742 3209 857 3268 Dandin‚
878 3231 888 3254 u
909 3213 944 3259 orl
960 3213 979 3261 il
996 3229 1014 3275 y
1031 3229 1054 3274 a,
1076 3216 1116 3262 dit

104 3273 234 3331 Bossuet,
249 3272 296 3318 des
303 3271 499 3379 prostitutione
510 3272 602 3318 toutes
614 3285 691 3318 crues
705 3291 726 3318 a.
741 3299 771 3306 -
787 3272 920 3334 Quoque
930 3293 960 3316 =
971 3275 996 3322 el
1010 3275 1037 3323 id
1051 3291 1114 3339 quo,

103 3362 139 3371 -
152 3335 291 3383 Praetor.
323 3347 372 3380 ous
381 3331 508 3392 l'cmpire,
521 3333 560 3379 les
573 3333 694 3392 prdtcurs
705 3335 830 3380 eurentle
843 3335 900 3381 soin
912 3336 959 3382 des
965 3337 1029 3398 jeux
1041 3337 1115 3400 (cura

32 3417 33 3422 ¹
106 3395 260 3456 ludorum),
283 3395 412 3442 autrefois
434 3394 519 3441 conde
539 3408 590 3440 aux
610 3394 700 3442 e'diles.
724 3393 794 3442 C'est
815 3396 884 3443 donc
906 3397 921 3444 d
940 3413 991 3445 eux
1026 3402 1116 3448 ucles

128 3457 206 3505 oetes
218 3457 355 3518 tragiques
368 3459 395 3502 et
407 3457 544 3516 comiques
557 3455 700 3503 vendaient
715 3457 786 3503 leurs
799 3457 896 3518 pisces.
909 3486 940 3493 -
953 3459 1058 3511 Orbis.
1075 3462 1114 3511 Cf,

104 3474 149 3567 lies
161 3533 223 3566 vers
242 3519 275 3564 dc
295 3518 421 3564 Claudien
440 3516 474 3580 (Ψ
489 3517 589 3564 Consul
602 3517 705 3576 d'Hon.‚
726 3519 780 3579 300)
800 3533 805 3566 :
827 3539 837 3562 ιι
853 3519 1029 3582 Componitur
1041 3523 1116 3572 orbis

105 3579 192 3645 Reqis
204 3581 239 3628 ad
257 3580 438 3641 coemptum...
460 3578 556 3626 Mobile
577 3580 699 3626 mutatur
717 3594 823 3642 semper
841 3595 902 3628 cum
918 3582 1043 3647 principe
1055 3587 1116 3634 oul-

104 3657 163 3753 pus
177 3663 198 3691 a,
212 3668 243 3677 —
261 3642 387 3690 Lentus
405 3659 436 3683 =
455 3655 532 3703 aequo
551 3640 648 3690 animo.
670 3668 699 3676 —
715 3637 878 3691 Materiae.
899 3644 949 3691 Les
968 3659 1062 3695 causes
1083 3650 1117 3696 de

115 3704 181 3752 'exil
205 3703 317 3750 d'Ovide
338 3705 399 3749 sont
418 3702 545 3749 obscures
565 3717 633 3764 pour
650 3717 725 3750 nous.
744 3703 829 3751 Ovide
849 3719 881 3751 en
902 3705 1011 3768 indique
1023 3710 1115 3758 deux:

104 3780 220 3815 carmen
241 3764 321 3825 (l'Art
341 3763 459 3826 d'aimer)
479 3767 505 3810 et
524 3778 602 3811 error
619 3764 722 3826 (Trici,
742 3765 775 3822 Il,
790 3766 853 3828 206).
865 3767 898 3812 Et
914 3769 1022 3816 ailleurs
1042 3786 1048 3819 :
1067 3785 1118 3818 cur

104 3827 219 3891 aliquid
231 3825 306 3876 vidi?
319 3826 464 3889 (peut-etre
474 3825 513 3873 les
524 3825 666 3874 desordres
679 3827 711 3874 de
728 3827 808 3888 Julie,
821 3827 873 3875 fille
887 3829 1054 3892 d'Auguste).

536 3934 694 3987 ——187-
