<?xml version="1.0" encoding="UTF-8"?>
<!DOCTYPE html PUBLIC "-//W3C//DTD XHTML 1.0 Transitional//EN"
    "http://www.w3.org/TR/xhtml1/DTD/xhtml1-transitional.dtd">
<html xmlns="http://www.w3.org/1999/xhtml" xml:lang="en" lang="en">
 <head>
  <title>
</title>
<meta http-equiv="Content-Type" content="text/html;charset=utf-8" />
  <meta name='ocr-system' content='tesseract 3.04.00' />
  <meta name='ocr-capabilities' content='ocr_page ocr_carea ocr_par ocr_line ocrx_word'/>
</head>
<body>
  <div class='ocr_page' id='page_1' title='image "./depublicaprivat01arnagoog_0441.png"; bbox 0 0 2698 4234; ppageno 0'>
   <div class='ocr_carea' id='block_1_1' title="bbox 369 153 1068 212">
    <p class='ocr_par' dir='ltr' id='par_1_1' title="bbox 369 153 1068 212">
     <span class='ocr_line' id='line_1_1' title="bbox 369 153 1068 212; baseline -0.01 0"><span class='ocrx_word' id='word_1_1' title='bbox 369 155 453 212; x_wconf 87' lang='grc'><strong>389.</strong></span> <span class='ocrx_word' id='word_1_2' title='bbox 468 154 713 210; x_wconf 81' lang='lat' dir='ltr'>Exhortation</span> <span class='ocrx_word' id='word_1_3' title='bbox 728 154 803 208; x_wconf 74' lang='lat' dir='ltr'>ale</span> <span class='ocrx_word' id='word_1_4' title='bbox 816 155 876 210; x_wconf 88' lang='lat' dir='ltr'>vie</span> <span class='ocrx_word' id='word_1_5' title='bbox 890 153 1068 210; x_wconf 83' lang='lat' dir='ltr'>solitaire.</span> 
     </span>
    </p>
   </div>
   <div class='ocr_carea' id='block_1_2' title="bbox 384 248 1063 312">
    <p class='ocr_par' dir='ltr' id='par_1_2' title="bbox 384 248 1063 312">
     <span class='ocr_line' id='line_1_2' title="bbox 384 248 1063 312; baseline 0 -16"><span class='ocrx_word' id='word_1_6' title='bbox 384 249 517 310; x_wconf 84' lang='lat' dir='ltr'>(Hurtatio</span> <span class='ocrx_word' id='word_1_7' title='bbox 530 250 564 296; x_wconf 82' lang='lat' dir='ltr'>ad</span> <span class='ocrx_word' id='word_1_8' title='bbox 575 248 737 298; x_wconf 82' lang='lat' dir='ltr'>eremiticam</span> <span class='ocrx_word' id='word_1_9' title='bbox 754 249 835 298; x_wconf 84' lang='lat' dir='ltr'>vitam</span> <span class='ocrx_word' id='word_1_10' title='bbox 847 249 1063 312; x_wconf 71' lang='lat' dir='ltr'><strong><em>suscipiendam.)</em></strong></span> 
     </span>
    </p>
   </div>
   <div class='ocr_carea' id='block_1_3' title="bbox 141 360 1234 2088">
    <p class='ocr_par' dir='ltr' id='par_1_3' title="bbox 170 360 1230 541">
     <span class='ocr_line' id='line_1_3' title="bbox 170 360 1229 444; baseline 0 -22"><span class='ocrx_word' id='word_1_11' title='bbox 170 360 210 422; x_wconf 67' lang='grc' dir='ltr'>3ι</span> <span class='ocrx_word' id='word_1_12' title='bbox 265 364 345 430; x_wconf 87' lang='lat' dir='ltr'>Quid</span> <span class='ocrx_word' id='word_1_13' title='bbox 357 365 448 423; x_wconf 82' lang='lat' dir='ltr'>facis*</span> <span class='ocrx_word' id='word_1_14' title='bbox 461 366 492 423; x_wconf 91' lang='lat' dir='ltr'>in</span> <span class='ocrx_word' id='word_1_15' title='bbox 505 373 631 444; x_wconf 84' lang='lat' dir='ltr'>paterna</span> <span class='ocrx_word' id='word_1_16' title='bbox 645 365 746 436; x_wconf 83' lang='lat' dir='ltr'>dome,</span> <span class='ocrx_word' id='word_1_17' title='bbox 760 365 890 425; x_wconf 81' lang='lat' dir='ltr'>delicate</span> <span class='ocrx_word' id='word_1_18' title='bbox 904 366 1013 424; x_wconf 78' lang='lat' dir='ltr'>miles?</span> <span class='ocrx_word' id='word_1_19' title='bbox 1026 364 1078 423; x_wconf 91' lang='lat' dir='ltr'>uhi</span> <span class='ocrx_word' id='word_1_20' title='bbox 1089 363 1229 422; x_wconf 80' lang='lat' dir='ltr'>vallum?</span> 
     </span>
     <span class='ocr_line' id='line_1_4' title="bbox 226 459 1230 541; baseline -0.001 -23"><span class='ocrx_word' id='word_1_21' title='bbox 226 461 278 518; x_wconf 91' lang='lat' dir='ltr'>ubi</span> <span class='ocrx_word' id='word_1_22' title='bbox 302 460 403 520; x_wconf 82' lang='lat' dir='ltr'>fossa?</span> <span class='ocrx_word' id='word_1_23' title='bbox 427 462 478 520; x_wconf 91' lang='lat' dir='ltr'>ubi</span> <span class='ocrx_word' id='word_1_24' title='bbox 502 462 600 520; x_wconf 92' lang='lat' dir='ltr'>hiems</span> <span class='ocrx_word' id='word_1_25' title='bbox 629 470 695 520; x_wconf 89' lang='lat' dir='ltr'>acta</span> <span class='ocrx_word' id='word_1_26' title='bbox 728 462 784 520; x_wconf 92' lang='lat' dir='ltr'>sub</span> <span class='ocrx_word' id='word_1_27' title='bbox 807 462 959 541; x_wconf 86' lang='lat' dir='ltr'>pellibus‘l</span> <span class='ocrx_word' id='word_1_28' title='bbox 984 461 1062 521; x_wconf 86' lang='lat' dir='ltr'>Ecce</span> <span class='ocrx_word' id='word_1_29' title='bbox 1084 461 1122 518; x_wconf 90' lang='lat' dir='ltr'>de</span> <span class='ocrx_word' id='word_1_30' title='bbox 1151 459 1230 518; x_wconf 86' lang='lat' dir='ltr'>caelo</span> 
     </span>
    </p>

    <p class='ocr_par' dir='ltr' id='par_1_4' title="bbox 141 557 1234 2088">
     <span class='ocr_line' id='line_1_5' title="bbox 141 557 1231 639; baseline -0.001 -25"><span class='ocrx_word' id='word_1_31' title='bbox 141 628 145 639; x_wconf 36' lang='grc' dir='ltr'>Ι</span> <span class='ocrx_word' id='word_1_32' title='bbox 227 557 317 616; x_wconf 83' lang='lat' dir='ltr'>tuba*</span> <span class='ocrx_word' id='word_1_33' title='bbox 332 559 428 630; x_wconf 80' lang='lat' dir='ltr'>canit3</span> <span class='ocrx_word' id='word_1_34' title='bbox 446 579 594 617; x_wconf 88' lang='lat' dir='ltr'>ecceeum</span> <span class='ocrx_word' id='word_1_35' title='bbox 611 558 755 629; x_wconf 74' lang='lat' dir='ltr'>nubibus,</span> <span class='ocrx_word' id='word_1_36' title='bbox 771 559 981 618; x_wconf 79' lang='lat' dir='ltr'>debellaturus</span> <span class='ocrx_word' id='word_1_37' title='bbox 994 558 1112 628; x_wconf 83' lang='lat' dir='ltr'>orbem,</span> <span class='ocrx_word' id='word_1_38' title='bbox 1128 559 1231 636; x_wconf 92' lang='lat' dir='ltr'>lmpe-</span> 
     </span>
     <span class='ocr_line' id='line_1_6' title="bbox 226 654 1230 734; baseline 0 -23"><span class='ocrx_word' id='word_1_39' title='bbox 226 662 310 712; x_wconf 80' lang='lat' dir='ltr'><strong>rator</strong></span> <span class='ocrx_word' id='word_1_40' title='bbox 335 663 470 713; x_wconf 90' lang='lat' dir='ltr'>armatus</span> <span class='ocrx_word' id='word_1_41' title='bbox 501 654 671 732; x_wconf 83' lang='lat' dir='ltr'>egreditur;</span> <span class='ocrx_word' id='word_1_42' title='bbox 699 676 769 714; x_wconf 90' lang='lat' dir='ltr'>ecce</span> <span class='ocrx_word' id='word_1_43' title='bbox 798 656 843 714; x_wconf 91' lang='lat' dir='ltr'>bis</span> <span class='ocrx_word' id='word_1_44' title='bbox 870 663 979 715; x_wconf 90' lang='lat' dir='ltr'>acutus</span> <span class='ocrx_word' id='word_1_45' title='bbox 1009 655 1160 734; x_wconf 78' lang='lat' dir='ltr'>gladius*‚</span> <span class='ocrx_word' id='word_1_46' title='bbox 1192 674 1230 712; x_wconf 85' lang='lat' dir='ltr'>ex</span> 
     </span>
     <span class='ocr_line' id='line_1_7' title="bbox 228 749 1232 832; baseline -0.002 -23"><span class='ocrx_word' id='word_1_47' title='bbox 228 751 320 828; x_wconf 84' lang='lat' dir='ltr'>Regis</span> <span class='ocrx_word' id='word_1_48' title='bbox 335 772 387 810; x_wconf 91' lang='lat' dir='ltr'>ore</span> <span class='ocrx_word' id='word_1_49' title='bbox 401 752 579 830; x_wconf 63' lang='lat' dir='ltr'>procedens</span> <span class='ocrx_word' id='word_1_50' title='bbox 599 752 689 810; x_wconf 87' lang='lat' dir='ltr'>obvia</span> <span class='ocrx_word' id='word_1_51' title='bbox 705 773 835 832; x_wconf 87' lang='lat' dir='ltr'>quaeque</span> <span class='ocrx_word' id='word_1_52' title='bbox 853 754 962 813; x_wconf 88' lang='lat' dir='ltr'>metit:</span> <span class='ocrx_word' id='word_1_53' title='bbox 980 760 1011 811; x_wconf 90' lang='lat' dir='ltr'>et</span> <span class='ocrx_word' id='word_1_54' title='bbox 1030 759 1064 810; x_wconf 93' lang='lat' dir='ltr'>tu</span> <span class='ocrx_word' id='word_1_55' title='bbox 1088 751 1166 810; x_wconf 85' lang='lat' dir='ltr'>mihi</span> <span class='ocrx_word' id='word_1_56' title='bbox 1192 749 1232 808; x_wconf 91' lang='lat' dir='ltr'>de</span> 
     </span>
     <span class='ocr_line' id='line_1_8' title="bbox 226 847 1232 927; baseline 0 -23"><span class='ocrx_word' id='word_1_57' title='bbox 226 848 370 906; x_wconf 84' lang='lat' dir='ltr'>cubiculo</span> <span class='ocrx_word' id='word_1_58' title='bbox 382 847 420 906; x_wconf 89' lang='lat' dir='ltr'>ad</span> <span class='ocrx_word' id='word_1_59' title='bbox 436 848 542 918; x_wconf 80' lang='lat' dir='ltr'>aciem,</span> <span class='ocrx_word' id='word_1_60' title='bbox 561 857 593 906; x_wconf 92' lang='lat' dir='ltr'>tu</span> <span class='ocrx_word' id='word_1_61' title='bbox 611 849 649 906; x_wconf 91' lang='lat' dir='ltr'>de</span> <span class='ocrx_word' id='word_1_62' title='bbox 666 849 772 908; x_wconf 90' lang='lat' dir='ltr'>umbra</span> <span class='ocrx_word' id='word_1_63' title='bbox 786 849 938 927; x_wconf 82' lang='lat' dir='ltr'>egrederis</span> <span class='ocrx_word' id='word_1_64' title='bbox 955 849 991 908; x_wconf 92' lang='lat' dir='ltr'>ad</span> <span class='ocrx_word' id='word_1_65' title='bbox 1012 849 1130 908; x_wconf 82' lang='lat' dir='ltr'>solem?</span> <span class='ocrx_word' id='word_1_66' title='bbox 1151 848 1232 906; x_wconf 90' lang='lat' dir='ltr'>Cor-</span> 
     </span>
     <span class='ocr_line' id='line_1_9' title="bbox 227 945 1231 1025; baseline 0.001 -24"><span class='ocrx_word' id='word_1_67' title='bbox 227 964 284 1022; x_wconf 89' lang='lat' dir='ltr'>pus</span> <span class='ocrx_word' id='word_1_68' title='bbox 294 953 449 1003; x_wconf 91' lang='lat' dir='ltr'>assuetum</span> <span class='ocrx_word' id='word_1_69' title='bbox 462 945 575 1003; x_wconf 89' lang='lat' dir='ltr'>tunicis</span> <span class='ocrx_word' id='word_1_70' title='bbox 586 945 688 1004; x_wconf 83' lang='lat' dir='ltr'>loricae</span> <span class='ocrx_word' id='word_1_71' title='bbox 699 967 777 1004; x_wconf 92' lang='lat' dir='ltr'>onus</span> <span class='ocrx_word' id='word_1_72' title='bbox 788 967 849 1005; x_wconf 94' lang='lat' dir='ltr'>non</span> <span class='ocrx_word' id='word_1_73' title='bbox 867 947 937 1008; x_wconf 86' lang='lat' dir='ltr'>iert.</span> <span class='ocrx_word' id='word_1_74' title='bbox 960 947 1062 1025; x_wconf 90' lang='lat' dir='ltr'>Caput</span> <span class='ocrx_word' id='word_1_75' title='bbox 1084 952 1231 1025; x_wconf 89' lang='lat' dir='ltr'>opertum</span> 
     </span>
     <span class='ocr_line' id='line_1_10' title="bbox 226 1040 1234 1121; baseline 0.003 -24"><span class='ocrx_word' id='word_1_76' title='bbox 226 1040 321 1099; x_wconf 91' lang='lat' dir='ltr'>linteo</span> <span class='ocrx_word' id='word_1_77' title='bbox 338 1041 455 1117; x_wconf 84' lang='lat' dir='ltr'>galeam</span> <span class='ocrx_word' id='word_1_78' title='bbox 477 1050 608 1101; x_wconf 89' lang='lat' dir='ltr'>recusat.</span> <span class='ocrx_word' id='word_1_79' title='bbox 626 1042 752 1100; x_wconf 90' lang='lat' dir='ltr'>Mollem</span> <span class='ocrx_word' id='word_1_80' title='bbox 763 1044 828 1101; x_wconf 89' lang='lat' dir='ltr'>otio</span> <span class='ocrx_word' id='word_1_81' title='bbox 844 1064 968 1102; x_wconf 91' lang='lat' dir='ltr'>manum</span> <span class='ocrx_word' id='word_1_82' title='bbox 984 1043 1080 1101; x_wconf 90' lang='lat' dir='ltr'>durus</span> <span class='ocrx_word' id='word_1_83' title='bbox 1098 1063 1234 1121; x_wconf 81' lang='lat' dir='ltr'>exaspe-</span> 
     </span>
     <span class='ocr_line' id='line_1_11' title="bbox 227 1137 1234 1216; baseline 0 -22"><span class='ocrx_word' id='word_1_84' title='bbox 227 1145 274 1195; x_wconf 88' lang='lat' dir='ltr'>rat</span> <span class='ocrx_word' id='word_1_85' title='bbox 297 1137 435 1216; x_wconf 86' lang='lat' dir='ltr'>capulus.</span> <span class='ocrx_word' id='word_1_86' title='bbox 461 1138 542 1196; x_wconf 89' lang='lat' dir='ltr'>Audi</span> <span class='ocrx_word' id='word_1_87' title='bbox 567 1138 700 1197; x_wconf 89' lang='lat' dir='ltr'>edictum</span> <span class='ocrx_word' id='word_1_88' title='bbox 732 1139 824 1216; x_wconf 86' lang='lat' dir='ltr'>Regis</span> <span class='ocrx_word' id='word_1_89' title='bbox 852 1141 898 1198; x_wconf 91' lang='lat' dir='ltr'>tui</span> <span class='ocrx_word' id='word_1_90' title='bbox 924 1159 930 1199; x_wconf 93' lang='lat'>:</span> <span class='ocrx_word' id='word_1_91' title='bbox 957 1164 970 1193; x_wconf 92' lang='lat'>«</span> <span class='ocrx_word' id='word_1_92' title='bbox 1002 1139 1060 1206; x_wconf 92' lang='lat' dir='ltr'>Qui</span> <span class='ocrx_word' id='word_1_93' title='bbox 1093 1159 1154 1195; x_wconf 92' lang='lat' dir='ltr'>non</span> <span class='ocrx_word' id='word_1_94' title='bbox 1185 1144 1234 1195; x_wconf 90' lang='lat' dir='ltr'>est</span> 
     </span>
     <span class='ocr_line' id='line_1_12' title="bbox 227 1235 1233 1316; baseline -0.001 -24"><span class='ocrx_word' id='word_1_95' title='bbox 227 1255 357 1304; x_wconf 79' lang='lat' dir='ltr'>mecum,</span> <span class='ocrx_word' id='word_1_96' title='bbox 372 1242 478 1292; x_wconf 88' lang='lat' dir='ltr'>contra</span> <span class='ocrx_word' id='word_1_97' title='bbox 498 1255 545 1292; x_wconf 90' lang='lat' dir='ltr'>me</span> <span class='ocrx_word' id='word_1_98' title='bbox 561 1244 621 1304; x_wconf 86' lang='lat' dir='ltr'>est;</span> <span class='ocrx_word' id='word_1_99' title='bbox 640 1243 671 1294; x_wconf 90' lang='lat' dir='ltr'>et</span> <span class='ocrx_word' id='word_1_100' title='bbox 695 1236 747 1316; x_wconf 91' lang='lat' dir='ltr'>qui</span> <span class='ocrx_word' id='word_1_101' title='bbox 769 1256 888 1294; x_wconf 88' lang='lat' dir='ltr'>mecum</span> <span class='ocrx_word' id='word_1_102' title='bbox 907 1257 969 1294; x_wconf 92' lang='lat' dir='ltr'>non</span> <span class='ocrx_word' id='word_1_103' title='bbox 992 1235 1121 1311; x_wconf 80' lang='lat' dir='ltr'>colligit,</span> <span class='ocrx_word' id='word_1_104' title='bbox 1140 1255 1233 1312; x_wconf 90' lang='lat' dir='ltr'>spar-</span> 
     </span>
     <span class='ocr_line' id='line_1_13' title="bbox 227 1331 1233 1412; baseline 0.003 -26"><span class='ocrx_word' id='word_1_105' title='bbox 227 1333 281 1408; x_wconf 77' lang='lat' dir='ltr'>git.</span> <span class='ocrx_word' id='word_1_106' title='bbox 300 1357 314 1385; x_wconf 73' lang='grc'><strong>6</strong></span> <span class='ocrx_word' id='word_1_107' title='bbox 330 1331 504 1390; x_wconf 82' lang='lat' dir='ltr'>Recordare</span> <span class='ocrx_word' id='word_1_108' title='bbox 517 1332 651 1390; x_wconf 86' lang='lat' dir='ltr'>tirocinii</span> <span class='ocrx_word' id='word_1_109' title='bbox 667 1333 713 1390; x_wconf 90' lang='lat' dir='ltr'>tui</span> <span class='ocrx_word' id='word_1_110' title='bbox 729 1332 822 1404; x_wconf 79' lang='lat' dir='ltr'>diem,</span> <span class='ocrx_word' id='word_1_111' title='bbox 840 1354 901 1412; x_wconf 88' lang='lat' dir='ltr'>quo</span> <span class='ocrx_word' id='word_1_112' title='bbox 923 1333 1048 1391; x_wconf 92' lang='lat' dir='ltr'>Christo</span> <span class='ocrx_word' id='word_1_113' title='bbox 1064 1332 1095 1388; x_wconf 94' lang='lat' dir='ltr'>in</span> <span class='ocrx_word' id='word_1_114' title='bbox 1111 1331 1233 1410; x_wconf 61' lang='lat' dir='ltr'>baptis*</span> 
     </span>
     <span class='ocr_line' id='line_1_14' title="bbox 227 1427 1233 1508; baseline -0.001 -23"><span class='ocrx_word' id='word_1_115' title='bbox 227 1435 308 1486; x_wconf 89' lang='lat' dir='ltr'>mate</span> <span class='ocrx_word' id='word_1_116' title='bbox 321 1427 530 1506; x_wconf 70' lang='lat' dir='ltr'>consepultus,</span> <span class='ocrx_word' id='word_1_117' title='bbox 542 1429 573 1486; x_wconf 94' lang='lat' dir='ltr'>in</span> <span class='ocrx_word' id='word_1_118' title='bbox 587 1430 768 1487; x_wconf 88' lang='lat' dir='ltr'>sacramenti</span> <span class='ocrx_word' id='word_1_119' title='bbox 785 1430 876 1487; x_wconf 88' lang='lat' dir='ltr'>verba</span> <span class='ocrx_word' id='word_1_120' title='bbox 889 1429 1013 1508; x_wconf 85' lang='lat' dir='ltr'>jurasti,</span> <span class='ocrx_word' id='word_1_121' title='bbox 1029 1449 1085 1507; x_wconf 92' lang='lat' dir='ltr'>pro</span> <span class='ocrx_word' id='word_1_122' title='bbox 1102 1429 1233 1487; x_wconf 89' lang='lat' dir='ltr'>nornine</span> 
     </span>
     <span class='ocr_line' id='line_1_15' title="bbox 227 1525 1233 1603; baseline -0.001 -21"><span class='ocrx_word' id='word_1_123' title='bbox 227 1525 293 1602; x_wconf 80' lang='lat' dir='ltr'>ejus</span> <span class='ocrx_word' id='word_1_124' title='bbox 307 1545 367 1582; x_wconf 93' lang='lat' dir='ltr'>non</span> <span class='ocrx_word' id='word_1_125' title='bbox 383 1532 412 1582; x_wconf 91' lang='lat' dir='ltr'>te</span> <span class='ocrx_word' id='word_1_126' title='bbox 428 1526 506 1603; x_wconf 93' lang='lat' dir='ltr'>patri</span> <span class='ocrx_word' id='word_1_127' title='bbox 518 1525 727 1603; x_wconf 83' lang='lat' dir='ltr'>parciturum*</span> <span class='ocrx_word' id='word_1_128' title='bbox 740 1546 816 1596; x_wconf 80' lang='lat' dir='ltr'>esse,</span> <span class='ocrx_word' id='word_1_129' title='bbox 830 1547 891 1585; x_wconf 91' lang='lat' dir='ltr'>non</span> <span class='ocrx_word' id='word_1_130' title='bbox 907 1526 1008 1585; x_wconf 89' lang='lat' dir='ltr'>matri.</span> <span class='ocrx_word' id='word_1_131' title='bbox 1027 1526 1105 1583; x_wconf 89' lang='lat' dir='ltr'>Ecce</span> <span class='ocrx_word' id='word_1_132' title='bbox 1120 1525 1233 1584; x_wconf 88' lang='lat' dir='ltr'>adver-</span> 
     </span>
     <span class='ocr_line' id='line_1_16' title="bbox 227 1621 1230 1700; baseline 0 -21"><span class='ocrx_word' id='word_1_133' title='bbox 227 1622 342 1679; x_wconf 86' lang='lat' dir='ltr'>sarius*</span> <span class='ocrx_word' id='word_1_134' title='bbox 357 1622 389 1679; x_wconf 92' lang='lat' dir='ltr'>in</span> <span class='ocrx_word' id='word_1_135' title='bbox 409 1630 531 1700; x_wconf 85' lang='lat' dir='ltr'>pectore</span> <span class='ocrx_word' id='word_1_136' title='bbox 555 1631 607 1679; x_wconf 87' lang='lat' dir='ltr'>tuo</span> <span class='ocrx_word' id='word_1_137' title='bbox 630 1621 788 1680; x_wconf 86' lang='lat' dir='ltr'>Christum</span> <span class='ocrx_word' id='word_1_138' title='bbox 813 1631 943 1681; x_wconf 89' lang='lat' dir='ltr'>conatur</span> <span class='ocrx_word' id='word_1_139' title='bbox 967 1623 1118 1681; x_wconf 87' lang='lat' dir='ltr'>occidere.</span> <span class='ocrx_word' id='word_1_140' title='bbox 1147 1622 1230 1680; x_wconf 87' lang='lat' dir='ltr'>Ecce</span> 
     </span>
     <span class='ocr_line' id='line_1_17' title="bbox 227 1717 1230 1798; baseline 0.001 -23"><span class='ocrx_word' id='word_1_141' title='bbox 227 1717 437 1790; x_wconf 83' lang='lat' dir='ltr'>donativum*,</span> <span class='ocrx_word' id='word_1_142' title='bbox 462 1717 544 1798; x_wconf 88' lang='lat' dir='ltr'>quod</span> <span class='ocrx_word' id='word_1_143' title='bbox 566 1719 753 1782; x_wconf 83' lang='lat' dir='ltr'>militaturus</span> <span class='ocrx_word' id='word_1_144' title='bbox 776 1740 949 1798; x_wconf 74' lang='lat' dir='ltr'>acceperas,</span> <span class='ocrx_word' id='word_1_145' title='bbox 978 1718 1102 1778; x_wconf 88' lang='lat' dir='ltr'>hostilia</span> <span class='ocrx_word' id='word_1_146' title='bbox 1127 1725 1230 1776; x_wconf 92' lang='lat' dir='ltr'>castra</span> 
     </span>
     <span class='ocr_line' id='line_1_18' title="bbox 226 1815 1234 1895; baseline 0 -23"><span class='ocrx_word' id='word_1_147' title='bbox 226 1817 392 1893; x_wconf 87' lang='lat' dir='ltr'>suspirant.</span> <span class='ocrx_word' id='word_1_148' title='bbox 415 1816 500 1874; x_wconf 88' lang='lat' dir='ltr'>Licet</span> <span class='ocrx_word' id='word_1_149' title='bbox 522 1815 666 1893; x_wconf 88' lang='lat' dir='ltr'>parvulus</span> <span class='ocrx_word' id='word_1_150' title='bbox 691 1837 727 1874; x_wconf 84' lang='lat' dir='ltr'>ex</span> <span class='ocrx_word' id='word_1_151' title='bbox 755 1816 834 1875; x_wconf 88' lang='lat' dir='ltr'>collo</span> <span class='ocrx_word' id='word_1_152' title='bbox 860 1816 992 1895; x_wconf 88' lang='lat' dir='ltr'>pendeat</span> <span class='ocrx_word' id='word_1_153' title='bbox 1015 1835 1126 1894; x_wconf 86' lang='lat' dir='ltr'>nepos;</span> <span class='ocrx_word' id='word_1_154' title='bbox 1157 1815 1234 1874; x_wconf 90' lang='lat' dir='ltr'>licet</span> 
     </span>
     <span class='ocr_line' id='line_1_19' title="bbox 227 1912 1234 1992; baseline 0 -23"><span class='ocrx_word' id='word_1_155' title='bbox 227 1932 333 1990; x_wconf 81' lang='lat' dir='ltr'>sparso</span> <span class='ocrx_word' id='word_1_156' title='bbox 352 1913 445 1983; x_wconf 83' lang='lat' dir='ltr'>crine,</span> <span class='ocrx_word' id='word_1_157' title='bbox 463 1919 493 1970; x_wconf 89' lang='lat' dir='ltr'>et</span> <span class='ocrx_word' id='word_1_158' title='bbox 514 1913 615 1970; x_wconf 91' lang='lat' dir='ltr'>scissis</span> <span class='ocrx_word' id='word_1_159' title='bbox 636 1913 785 1984; x_wconf 82' lang='lat' dir='ltr'>vestibus,</span> <span class='ocrx_word' id='word_1_160' title='bbox 811 1914 904 1971; x_wconf 88' lang='lat' dir='ltr'>ubera</span> <span class='ocrx_word' id='word_1_161' title='bbox 925 1913 1036 1992; x_wconf 91' lang='lat' dir='ltr'>quibus</span> <span class='ocrx_word' id='word_1_162' title='bbox 1060 1921 1088 1970; x_wconf 91' lang='lat' dir='ltr'>te</span> <span class='ocrx_word' id='word_1_163' title='bbox 1113 1912 1234 1970; x_wconf 90' lang='lat' dir='ltr'>nutrie-</span> 
     </span>
     <span class='ocr_line' id='line_1_20' title="bbox 228 2008 1234 2088; baseline 0.001 -23"><span class='ocrx_word' id='word_1_164' title='bbox 228 2017 273 2065; x_wconf 91' lang='lat' dir='ltr'>rat</span> <span class='ocrx_word' id='word_1_165' title='bbox 286 2016 383 2066; x_wconf 91' lang='lat' dir='ltr'>mater</span> <span class='ocrx_word' id='word_1_166' title='bbox 396 2008 551 2080; x_wconf 76' lang='lat' dir='ltr'>ostendat3</span> <span class='ocrx_word' id='word_1_167' title='bbox 569 2009 641 2068; x_wconf 88' lang='lat' dir='ltr'>licet</span> <span class='ocrx_word' id='word_1_168' title='bbox 659 2009 689 2067; x_wconf 90' lang='lat' dir='ltr'>in</span> <span class='ocrx_word' id='word_1_169' title='bbox 713 2009 819 2067; x_wconf 88' lang='lat' dir='ltr'>limine</span> <span class='ocrx_word' id='word_1_170' title='bbox 845 2017 933 2088; x_wconf 89' lang='lat' dir='ltr'>pater</span> <span class='ocrx_word' id='word_1_171' title='bbox 945 2009 1047 2088; x_wconf 86' lang='lat' dir='ltr'>jaceat</span> <span class='ocrx_word' id='word_1_172' title='bbox 1064 2028 1070 2068; x_wconf 80' lang='lat' dir='ltr'>z</span> <span class='ocrx_word' id='word_1_173' title='bbox 1090 2030 1145 2087; x_wconf 90' lang='lat' dir='ltr'>per</span> <span class='ocrx_word' id='word_1_174' title='bbox 1170 2009 1234 2067; x_wconf 89' lang='lat' dir='ltr'>eal·</span> 
     </span>
    </p>
   </div>
   <div class='ocr_carea' id='block_1_4' title="bbox 227 2105 1230 2261">
    <p class='ocr_par' dir='ltr' id='par_1_5' title="bbox 227 2105 1230 2261">
     <span class='ocr_line' id='line_1_21' title="bbox 227 2105 1230 2184; baseline 0 -21"><span class='ocrx_word' id='word_1_175' title='bbox 227 2112 329 2163; x_wconf 90' lang='lat' dir='ltr'>catum</span> <span class='ocrx_word' id='word_1_176' title='bbox 355 2125 446 2184; x_wconf 80' lang='lat' dir='ltr'>perge</span> <span class='ocrx_word' id='word_1_177' title='bbox 478 2113 613 2184; x_wconf 80' lang='lat' dir='ltr'>patrem,</span> <span class='ocrx_word' id='word_1_178' title='bbox 643 2106 734 2176; x_wconf 85' lang='lat' dir='ltr'>siccis</span> <span class='ocrx_word' id='word_1_179' title='bbox 762 2106 859 2165; x_wconf 89' lang='lat' dir='ltr'>oculis</span> <span class='ocrx_word' id='word_1_180' title='bbox 883 2105 920 2164; x_wconf 90' lang='lat' dir='ltr'>ad</span> <span class='ocrx_word' id='word_1_181' title='bbox 947 2105 1096 2164; x_wconf 89' lang='lat' dir='ltr'>vexillum</span> <span class='ocrx_word' id='word_1_182' title='bbox 1124 2105 1230 2163; x_wconf 90' lang='lat' dir='ltr'>crucis</span> 
     </span>
     <span class='ocr_line' id='line_1_22' title="bbox 229 2199 721 2261; baseline -0.002 0"><span class='ocrx_word' id='word_1_183' title='bbox 229 2203 347 2261; x_wconf 88' lang='lat' dir='ltr'>evola*.</span> <span class='ocrx_word' id='word_1_184' title='bbox 720 2199 721 2202; x_wconf 59' lang='grc'>’</span> 
     </span>
    </p>
   </div>
   <div class='ocr_carea' id='block_1_5' title="bbox 229 2324 1238 3860">
    <p class='ocr_par' dir='ltr' id='par_1_6' title="bbox 229 2324 1236 2818">
     <span class='ocr_line' id='line_1_23' title="bbox 259 2324 1232 2386; baseline -0.002 -13"><span class='ocrx_word' id='word_1_185' title='bbox 259 2324 398 2376; x_wconf 80' lang='lat' dir='ltr'><strong>N⁰389:</strong></span> <span class='ocrx_word' id='word_1_186' title='bbox 424 2325 507 2386; x_wconf 84' lang='lat' dir='ltr'>Quid</span> <span class='ocrx_word' id='word_1_187' title='bbox 525 2325 616 2375; x_wconf 81' lang='lat' dir='ltr'>iacis.</span> <span class='ocrx_word' id='word_1_188' title='bbox 640 2326 715 2374; x_wconf 88' lang='lat' dir='ltr'>Cette</span> <span class='ocrx_word' id='word_1_189' title='bbox 734 2327 811 2372; x_wconf 89' lang='lat' dir='ltr'>lettre</span> <span class='ocrx_word' id='word_1_190' title='bbox 832 2329 873 2373; x_wconf 90' lang='lat' dir='ltr'>est</span> <span class='ocrx_word' id='word_1_191' title='bbox 891 2325 1013 2372; x_wconf 79' lang='lat' dir='ltr'>adressee</span> <span class='ocrx_word' id='word_1_192' title='bbox 1036 2326 1050 2371; x_wconf 80' lang='lat' dir='ltr'>a</span> <span class='ocrx_word' id='word_1_193' title='bbox 1076 2325 1232 2383; x_wconf 77' lang='lat' dir='ltr'>Heliodore,</span> 
     </span>
     <span class='ocr_line' id='line_1_24' title="bbox 229 2385 1233 2448; baseline 0.001 -16"><span class='ocrx_word' id='word_1_194' title='bbox 229 2385 323 2434; x_wconf 84' lang='lat' dir='ltr'>ancien</span> <span class='ocrx_word' id='word_1_195' title='bbox 335 2388 430 2445; x_wconf 69' lang='lat' dir='ltr'>soldat,</span> <span class='ocrx_word' id='word_1_196' title='bbox 445 2388 498 2448; x_wconf 82' lang='lat' dir='ltr'>qui,</span> <span class='ocrx_word' id='word_1_197' title='bbox 517 2389 637 2434; x_wconf 89' lang='lat' dir='ltr'>converti</span> <span class='ocrx_word' id='word_1_198' title='bbox 653 2403 686 2434; x_wconf 87' lang='lat' dir='ltr'>au</span> <span class='ocrx_word' id='word_1_199' title='bbox 699 2388 894 2434; x_wconf 86' lang='lat' dir='ltr'>christianismo</span> <span class='ocrx_word' id='word_1_200' title='bbox 907 2388 943 2448; x_wconf 82' lang='lat' dir='ltr'>(et</span> <span class='ocrx_word' id='word_1_201' title='bbox 962 2387 1021 2448; x_wconf 91' lang='lat' dir='ltr'>plus</span> <span class='ocrx_word' id='word_1_202' title='bbox 1035 2387 1094 2433; x_wconf 88' lang='lat' dir='ltr'>tard</span> <span class='ocrx_word' id='word_1_203' title='bbox 1107 2386 1233 2448; x_wconf 71' lang='lat' dir='ltr'>aveque),</span> 
     </span>
     <span class='ocr_line' id='line_1_25' title="bbox 230 2447 1233 2510; baseline -0.001 -15"><span class='ocrx_word' id='word_1_204' title='bbox 230 2450 302 2495; x_wconf 85' lang='lat' dir='ltr'>avait</span> <span class='ocrx_word' id='word_1_205' title='bbox 318 2449 497 2510; x_wconf 68' lang='lat' dir='ltr'>accompagne&#39;·</span> <span class='ocrx_word' id='word_1_206' title='bbox 514 2450 584 2495; x_wconf 86' lang='lat' dir='ltr'>saint</span> <span class='ocrx_word' id='word_1_207' title='bbox 600 2449 704 2495; x_wconf 73' lang='lat' dir='ltr'>Jcrome</span> <span class='ocrx_word' id='word_1_208' title='bbox 722 2448 860 2509; x_wconf 74' lang='lat' dir='ltr'>d&#39;Aquilee</span> <span class='ocrx_word' id='word_1_209' title='bbox 877 2465 909 2496; x_wconf 89' lang='lat' dir='ltr'>cn</span> <span class='ocrx_word' id='word_1_210' title='bbox 927 2449 1027 2506; x_wconf 68' lang='lat' dir='ltr'>Orient,</span> <span class='ocrx_word' id='word_1_211' title='bbox 1047 2449 1113 2494; x_wconf 85' lang='lat' dir='ltr'>mais</span> <span class='ocrx_word' id='word_1_212' title='bbox 1133 2447 1233 2494; x_wconf 76' lang='lat' dir='ltr'>n&#39;avait</span> 
     </span>
     <span class='ocr_line' id='line_1_26' title="bbox 232 2510 1234 2572; baseline 0 -16"><span class='ocrx_word' id='word_1_213' title='bbox 232 2525 266 2570; x_wconf 91' lang='lat' dir='ltr'>pu</span> <span class='ocrx_word' id='word_1_214' title='bbox 282 2515 367 2556; x_wconf 90' lang='lat' dir='ltr'>rester</span> <span class='ocrx_word' id='word_1_215' title='bbox 384 2526 416 2556; x_wconf 91' lang='lat' dir='ltr'>au</span> <span class='ocrx_word' id='word_1_216' title='bbox 435 2510 534 2557; x_wconf 70' lang='lat' dir='ltr'>desert.</span> <span class='ocrx_word' id='word_1_217' title='bbox 554 2510 630 2556; x_wconf 86' lang='lat' dir='ltr'>Saint</span> <span class='ocrx_word' id='word_1_218' title='bbox 646 2511 751 2558; x_wconf 75' lang='lat' dir='ltr'>idrome</span> <span class='ocrx_word' id='word_1_219' title='bbox 768 2510 803 2571; x_wconf 87' lang='lat' dir='ltr'>l&#39;y</span> <span class='ocrx_word' id='word_1_220' title='bbox 823 2511 939 2572; x_wconf 89' lang='lat' dir='ltr'>rappelle</span> <span class='ocrx_word' id='word_1_221' title='bbox 959 2525 990 2556; x_wconf 91' lang='lat' dir='ltr'>cn</span> <span class='ocrx_word' id='word_1_222' title='bbox 1011 2511 1057 2556; x_wconf 85' lang='lat' dir='ltr'>des</span> <span class='ocrx_word' id='word_1_223' title='bbox 1069 2513 1169 2556; x_wconf 86' lang='lat' dir='ltr'>termes</span> <span class='ocrx_word' id='word_1_224' title='bbox 1186 2511 1234 2572; x_wconf 91' lang='lat' dir='ltr'>qui</span> 
     </span>
     <span class='ocr_line' id='line_1_27' title="bbox 230 2571 1235 2633; baseline 0 -15"><span class='ocrx_word' id='word_1_225' title='bbox 230 2576 383 2618; x_wconf 84' lang='lat' dir='ltr'>sententun</span> <span class='ocrx_word' id='word_1_226' title='bbox 394 2587 445 2633; x_wconf 90' lang='lat' dir='ltr'>peu</span> <span class='ocrx_word' id='word_1_227' title='bbox 459 2573 482 2618; x_wconf 98' lang='grc'>16</span> <span class='ocrx_word' id='word_1_228' title='bbox 496 2572 881 2632; x_wconf 66' lang='lat' dir='ltr'>rheteu1·.nruisourespirele</span> <span class='ocrx_word' id='word_1_229' title='bbox 899 2573 969 2618; x_wconf 86' lang='lat' dir='ltr'>saint</span> <span class='ocrx_word' id='word_1_230' title='bbox 986 2571 1184 2618; x_wconf 85' lang='lat' dir='ltr'>enthousiasme</span> <span class='ocrx_word' id='word_1_231' title='bbox 1200 2573 1235 2618; x_wconf 88' lang='lat' dir='ltr'>de</span> 
     </span>
     <span class='ocr_line' id='line_1_28' title="bbox 230 2633 1234 2694; baseline 0 -16"><span class='ocrx_word' id='word_1_232' title='bbox 230 2633 255 2679; x_wconf 88' lang='lat' dir='ltr'>la</span> <span class='ocrx_word' id='word_1_233' title='bbox 268 2634 309 2679; x_wconf 84' lang='lat' dir='ltr'>vie</span> <span class='ocrx_word' id='word_1_234' title='bbox 323 2635 499 2694; x_wconf 89' lang='lat' dir='ltr'>monastique.</span> <span class='ocrx_word' id='word_1_235' title='bbox 521 2634 596 2680; x_wconf 84' lang='lat' dir='ltr'>Cette</span> <span class='ocrx_word' id='word_1_236' title='bbox 607 2635 685 2680; x_wconf 90' lang='lat' dir='ltr'>lettre</span> <span class='ocrx_word' id='word_1_237' title='bbox 699 2634 728 2679; x_wconf 84' lang='lat' dir='ltr'>m</span> <span class='ocrx_word' id='word_1_238' title='bbox 745 2635 842 2693; x_wconf 64' lang='lat' dir='ltr'>araride</span> <span class='ocrx_word' id='word_1_239' title='bbox 856 2635 990 2681; x_wconf 83' lang='lat' dir='ltr'>sensatico</span> <span class='ocrx_word' id='word_1_240' title='bbox 1004 2635 1018 2679; x_wconf 81' lang='lat' dir='ltr'>a</span> <span class='ocrx_word' id='word_1_241' title='bbox 1032 2633 1123 2686; x_wconf 83' lang='lat' dir='ltr'>Rome,</span> <span class='ocrx_word' id='word_1_242' title='bbox 1141 2634 1234 2693; x_wconf 85' lang='lat' dir='ltr'>quand</span> 
     </span>
     <span class='ocr_line' id='line_1_29' title="bbox 230 2694 1235 2756; baseline 0 -16"><span class='ocrx_word' id='word_1_243' title='bbox 230 2695 279 2741; x_wconf 89' lang='lat' dir='ltr'>elle</span> <span class='ocrx_word' id='word_1_244' title='bbox 291 2711 309 2756; x_wconf 86' lang='lat' dir='ltr'>y</span> <span class='ocrx_word' id='word_1_245' title='bbox 325 2696 364 2742; x_wconf 84' lang='lat' dir='ltr'>fut</span> <span class='ocrx_word' id='word_1_246' title='bbox 373 2710 484 2742; x_wconf 84' lang='lat' dir='ltr'>conone.</span> <span class='ocrx_word' id='word_1_247' title='bbox 496 2695 544 2740; x_wconf 88' lang='lat' dir='ltr'>Les</span> <span class='ocrx_word' id='word_1_248' title='bbox 560 2696 650 2740; x_wconf 84' lang='lat' dir='ltr'>daines</span> <span class='ocrx_word' id='word_1_249' title='bbox 664 2697 795 2741; x_wconf 89' lang='lat' dir='ltr'>romaines</span> <span class='ocrx_word' id='word_1_250' title='bbox 806 2694 1052 2756; x_wconf 76' lang='lat' dir='ltr'>l&#39;apprcnaientpar</span> <span class='ocrx_word' id='word_1_251' title='bbox 1064 2709 1138 2740; x_wconf 87' lang='lat' dir='ltr'>coeur</span> <span class='ocrx_word' id='word_1_252' title='bbox 1152 2694 1235 2754; x_wconf 80' lang='lat' dir='ltr'>(abbc&#39;</span> 
     </span>
     <span class='ocr_line' id='line_1_30' title="bbox 233 2755 1236 2818; baseline 0.001 -17"><span class='ocrx_word' id='word_1_253' title='bbox 233 2757 365 2818; x_wconf 67' lang='lat' dir='ltr'>Laurange</span> <span class='ocrx_word' id='word_1_254' title='bbox 380 2761 395 2812; x_wconf 77' lang='grc'>1.</span> <span class='ocrx_word' id='word_1_255' title='bbox 410 2784 439 2791; x_wconf 90' lang='lat'>—-</span> <span class='ocrx_word' id='word_1_256' title='bbox 451 2757 555 2805; x_wconf 88' lang='lat' dir='ltr'>Tuba.</span> <span class='ocrx_word' id='word_1_257' title='bbox 575 2757 738 2817; x_wconf 81' lang='lat' dir='ltr'>Remarquer</span> <span class='ocrx_word' id='word_1_258' title='bbox 750 2758 783 2802; x_wconf 90' lang='grc'>161</span> <span class='ocrx_word' id='word_1_259' title='bbox 795 2760 831 2818; x_wconf 69' lang='lat' dir='ltr'>tet</span> <span class='ocrx_word' id='word_1_260' title='bbox 842 2758 900 2817; x_wconf 90' lang='lat' dir='ltr'>plus</span> <span class='ocrx_word' id='word_1_261' title='bbox 914 2757 970 2817; x_wconf 70' lang='lat' dir='ltr'>bas)</span> <span class='ocrx_word' id='word_1_262' title='bbox 985 2760 1073 2803; x_wconf 71' lang='lat' dir='ltr'>tturtes</span> <span class='ocrx_word' id='word_1_263' title='bbox 1090 2771 1133 2802; x_wconf 90' lang='lat' dir='ltr'>ces</span> <span class='ocrx_word' id='word_1_264' title='bbox 1147 2755 1236 2802; x_wconf 76' lang='lat' dir='ltr'>nieta-</span> 
     </span>
    </p>

    <p class='ocr_par' dir='ltr' id='par_1_7' title="bbox 230 2817 1238 3860">
     <span class='ocr_line' id='line_1_31' title="bbox 251 2817 1235 2877; baseline 0 -14"><span class='ocrx_word' id='word_1_265' title='bbox 251 2818 327 2865; x_wconf 83' lang='lat' dir='ltr'>hores</span> <span class='ocrx_word' id='word_1_266' title='bbox 339 2819 419 2866; x_wconf 75' lang='lat' dir='ltr'>tirdes</span> <span class='ocrx_word' id='word_1_267' title='bbox 427 2817 485 2864; x_wconf 88' lang='lat' dir='ltr'>l&#39;art</span> <span class='ocrx_word' id='word_1_268' title='bbox 493 2819 525 2864; x_wconf 87' lang='lat' dir='ltr'>de</span> <span class='ocrx_word' id='word_1_269' title='bbox 535 2819 557 2863; x_wconf 90' lang='lat' dir='ltr'>la</span> <span class='ocrx_word' id='word_1_270' title='bbox 566 2833 666 2877; x_wconf 71' lang='lat' dir='ltr'>guterre.</span> <span class='ocrx_word' id='word_1_271' title='bbox 677 2845 706 2852; x_wconf 93' lang='lat'>—</span> <span class='ocrx_word' id='word_1_272' title='bbox 716 2819 861 2868; x_wconf 85' lang='lat' dir='ltr'>Gladius.</span> <span class='ocrx_word' id='word_1_273' title='bbox 877 2819 996 2864; x_wconf 87' lang='lat' dir='ltr'>Allusion</span> <span class='ocrx_word' id='word_1_274' title='bbox 1008 2819 1022 2863; x_wconf 76' lang='lat' dir='ltr'>a</span> <span class='ocrx_word' id='word_1_275' title='bbox 1035 2832 1085 2863; x_wconf 88' lang='lat' dir='ltr'>une</span> <span class='ocrx_word' id='word_1_276' title='bbox 1097 2817 1185 2864; x_wconf 88' lang='lat' dir='ltr'>vision</span> <span class='ocrx_word' id='word_1_277' title='bbox 1198 2818 1235 2863; x_wconf 88' lang='lat' dir='ltr'>de</span> 
     </span>
     <span class='ocr_line' id='line_1_32' title="bbox 230 2833 1237 2942; baseline -0.002 -16"><span class='ocrx_word' id='word_1_278' title='bbox 230 2833 426 2942; x_wconf 72' lang='lat' dir='ltr'>inpocalypse.</span> <span class='ocrx_word' id='word_1_279' title='bbox 444 2906 473 2913; x_wconf 96' lang='lat'>—</span> <span class='ocrx_word' id='word_1_280' title='bbox 490 2879 708 2928; x_wconf 79' lang='lat' dir='ltr'>Parciturum.</span> <span class='ocrx_word' id='word_1_281' title='bbox 732 2880 875 2940; x_wconf 86' lang='lat' dir='ltr'>Comparer</span> <span class='ocrx_word' id='word_1_282' title='bbox 897 2895 965 2941; x_wconf 89' lang='lat' dir='ltr'>pour</span> <span class='ocrx_word' id='word_1_283' title='bbox 980 2879 1137 2925; x_wconf 71' lang='lat' dir='ltr'>l&#39;ascdtisme</span> <span class='ocrx_word' id='word_1_284' title='bbox 1156 2881 1237 2925; x_wconf 88' lang='lat' dir='ltr'>notre</span> 
     </span>
     <span class='ocr_line' id='line_1_33' title="bbox 230 2940 1237 3004; baseline 0 -16"><span class='ocrx_word' id='word_1_285' title='bbox 230 2943 324 3004; x_wconf 77' lang='lat' dir='ltr'>poeme</span> <span class='ocrx_word' id='word_1_286' title='bbox 338 2956 428 2988; x_wconf 89' lang='lat' dir='ltr'>roman</span> <span class='ocrx_word' id='word_1_287' title='bbox 438 2955 483 2986; x_wconf 89' lang='lat' dir='ltr'>sur</span> <span class='ocrx_word' id='word_1_288' title='bbox 502 2940 524 2986; x_wconf 88' lang='lat' dir='ltr'>ta</span> <span class='ocrx_word' id='word_1_289' title='bbox 543 2940 585 2986; x_wconf 81' lang='lat' dir='ltr'>l&#39;te</span> <span class='ocrx_word' id='word_1_290' title='bbox 598 2941 629 2988; x_wconf 89' lang='lat' dir='ltr'>de</span> <span class='ocrx_word' id='word_1_291' title='bbox 647 2941 719 2987; x_wconf 85' lang='lat' dir='ltr'>Saint</span> <span class='ocrx_word' id='word_1_292' title='bbox 738 2941 829 2988; x_wconf 76' lang='lat' dir='ltr'>Atesis</span> <span class='ocrx_word' id='word_1_293' title='bbox 848 2943 892 3001; x_wconf 61' lang='lat' dir='ltr'>lxi*</span> <span class='ocrx_word' id='word_1_294' title='bbox 904 2941 1002 3001; x_wconf 77' lang='lat' dir='ltr'>siecle).</span> <span class='ocrx_word' id='word_1_295' title='bbox 1021 2968 1050 2975; x_wconf 94' lang='lat'>-</span> <span class='ocrx_word' id='word_1_296' title='bbox 1069 2940 1237 2988; x_wconf 77' lang='lat' dir='ltr'>Adversa-</span> 
     </span>
     <span class='ocr_line' id='line_1_34' title="bbox 232 3002 1234 3064; baseline -0.003 -13"><span class='ocrx_word' id='word_1_297' title='bbox 232 3002 312 3052; x_wconf 82' lang='lat' dir='ltr'>rius.</span> <span class='ocrx_word' id='word_1_298' title='bbox 324 3003 364 3050; x_wconf 84' lang='lat' dir='ltr'>Ci.</span> <span class='ocrx_word' id='word_1_299' title='bbox 379 3003 510 3049; x_wconf 87' lang='lat' dir='ltr'>Corneille</span> <span class='ocrx_word' id='word_1_300' title='bbox 526 3003 687 3064; x_wconf 62' lang='lat' dir='ltr'>(Polyeucte</span> <span class='ocrx_word' id='word_1_301' title='bbox 707 3003 726 3058; x_wconf 86' lang='lat'>1,</span> <span class='ocrx_word' id='word_1_302' title='bbox 746 3019 781 3049; x_wconf 90' lang='lat' dir='ltr'>sc.</span> <span class='ocrx_word' id='word_1_303' title='bbox 799 3003 821 3063; x_wconf 76' lang='grc'>11</span> <span class='ocrx_word' id='word_1_304' title='bbox 838 3019 865 3050; x_wconf 79' lang='lat' dir='ltr'>z«</span> <span class='ocrx_word' id='word_1_305' title='bbox 879 3003 953 3049; x_wconf 87' lang='lat' dir='ltr'>Ainsi</span> <span class='ocrx_word' id='word_1_306' title='bbox 970 3004 1004 3048; x_wconf 90' lang='lat' dir='ltr'>du</span> <span class='ocrx_word' id='word_1_307' title='bbox 1024 3017 1102 3062; x_wconf 78' lang='lat' dir='ltr'>genre</span> <span class='ocrx_word' id='word_1_308' title='bbox 1123 3002 1234 3048; x_wconf 90' lang='lat' dir='ltr'>humain</span> 
     </span>
     <span class='ocr_line' id='line_1_35' title="bbox 231 3063 1236 3123; baseline -0.001 -13"><span class='ocrx_word' id='word_1_309' title='bbox 231 3063 352 3111; x_wconf 78' lang='lat' dir='ltr'>l‘ennemi</span> <span class='ocrx_word' id='word_1_310' title='bbox 367 3063 600 3110; x_wconf 62' lang='grc' dir='ltr'><strong>ν(16661)666».»-</strong></span> <span class='ocrx_word' id='word_1_311' title='bbox 612 3064 820 3114; x_wconf 82' lang='lat' dir='ltr'>Donativum.</span> <span class='ocrx_word' id='word_1_312' title='bbox 836 3065 871 3111; x_wconf 90' lang='lat' dir='ltr'>Cc</span> <span class='ocrx_word' id='word_1_313' title='bbox 885 3067 940 3110; x_wconf 79' lang='grc'><strong>11161</strong></span> <span class='ocrx_word' id='word_1_314' title='bbox 958 3065 1026 3121; x_wconf 75' lang='lat' dir='ltr'>(noir</span> <span class='ocrx_word' id='word_1_315' title='bbox 1038 3079 1070 3109; x_wconf 93' lang='lat' dir='ltr'>au</span> <span class='ocrx_word' id='word_1_316' title='bbox 1090 3063 1205 3123; x_wconf 77' lang='lat' dir='ltr'>lenique)</span> <span class='ocrx_word' id='word_1_317' title='bbox 1221 3079 1236 3109; x_wconf 92' lang='lat' dir='ltr'>a</span> 
     </span>
     <span class='ocr_line' id='line_1_36' title="bbox 231 3124 1238 3187; baseline -0.002 -15"><span class='ocrx_word' id='word_1_318' title='bbox 231 3127 276 3172; x_wconf 86' lang='lat' dir='ltr'>fini</span> <span class='ocrx_word' id='word_1_319' title='bbox 291 3142 339 3187; x_wconf 88' lang='lat' dir='ltr'>pur</span> <span class='ocrx_word' id='word_1_320' title='bbox 353 3126 469 3185; x_wconf 70' lang='lat' dir='ltr'>signifier</span> <span class='ocrx_word' id='word_1_321' title='bbox 483 3126 651 3186; x_wconf 83' lang='lat' dir='ltr'>sinrplement</span> <span class='ocrx_word' id='word_1_322' title='bbox 662 3128 685 3172; x_wconf 90' lang='lat' dir='ltr'>lu</span> <span class='ocrx_word' id='word_1_323' title='bbox 699 3126 780 3172; x_wconf 90' lang='lat' dir='ltr'>solde.</span> <span class='ocrx_word' id='word_1_324' title='bbox 796 3153 825 3160; x_wconf 91' lang='lat'>-</span> <span class='ocrx_word' id='word_1_325' title='bbox 838 3127 949 3174; x_wconf 77' lang='lat' dir='ltr'>Evola.</span> <span class='ocrx_word' id='word_1_326' title='bbox 964 3124 1035 3172; x_wconf 80' lang='lat' dir='ltr'>C&#39;est</span> <span class='ocrx_word' id='word_1_327' title='bbox 1047 3141 1077 3172; x_wconf 90' lang='lat' dir='ltr'>ce</span> <span class='ocrx_word' id='word_1_328' title='bbox 1088 3139 1138 3185; x_wconf 87' lang='lat' dir='ltr'>que</span> <span class='ocrx_word' id='word_1_329' title='bbox 1155 3124 1238 3170; x_wconf 90' lang='lat' dir='ltr'>tirent</span> 
     </span>
     <span class='ocr_line' id='line_1_37' title="bbox 232 3186 1237 3248; baseline -0.003 -13"><span class='ocrx_word' id='word_1_330' title='bbox 232 3192 293 3235; x_wconf 90' lang='lat' dir='ltr'>tous</span> <span class='ocrx_word' id='word_1_331' title='bbox 306 3189 343 3234; x_wconf 86' lang='lat' dir='ltr'>les</span> <span class='ocrx_word' id='word_1_332' title='bbox 355 3187 438 3234; x_wconf 87' lang='lat' dir='ltr'>saints</span> <span class='ocrx_word' id='word_1_333' title='bbox 457 3187 491 3232; x_wconf 88' lang='lat' dir='ltr'>du</span> <span class='ocrx_word' id='word_1_334' title='bbox 506 3199 542 3231; x_wconf 65' lang='lat' dir='ltr'>iv*</span> <span class='ocrx_word' id='word_1_335' title='bbox 557 3188 635 3233; x_wconf 75' lang='lat' dir='ltr'>siecle</span> <span class='ocrx_word' id='word_1_336' title='bbox 648 3203 653 3234; x_wconf 89' lang='lat'>:</span> <span class='ocrx_word' id='word_1_337' title='bbox 668 3189 738 3235; x_wconf 92' lang='lat' dir='ltr'>saint</span> <span class='ocrx_word' id='word_1_338' title='bbox 755 3188 850 3245; x_wconf 78' lang='lat' dir='ltr'>Basile‚</span> <span class='ocrx_word' id='word_1_339' title='bbox 863 3189 933 3234; x_wconf 89' lang='lat' dir='ltr'>saint</span> <span class='ocrx_word' id='word_1_340' title='bbox 946 3187 1145 3248; x_wconf 66' lang='lat' dir='ltr'>Chrysostome.</span> <span class='ocrx_word' id='word_1_341' title='bbox 1163 3186 1237 3232; x_wconf 85' lang='lat' dir='ltr'>saint</span> 
     </span>
     <span class='ocr_line' id='line_1_38' title="bbox 233 3248 1237 3308; baseline -0.005 -11"><span class='ocrx_word' id='word_1_342' title='bbox 233 3249 359 3308; x_wconf 66' lang='lat' dir='ltr'>Grc&#39;goire</span> <span class='ocrx_word' id='word_1_343' title='bbox 376 3249 408 3294; x_wconf 92' lang='lat' dir='ltr'>de</span> <span class='ocrx_word' id='word_1_344' title='bbox 425 3249 560 3301; x_wconf 83' lang='lat' dir='ltr'>Nazianze,</span> <span class='ocrx_word' id='word_1_345' title='bbox 586 3253 635 3296; x_wconf 89' lang='lat' dir='ltr'>etc.</span> <span class='ocrx_word' id='word_1_346' title='bbox 656 3269 666 3290; x_wconf 77' lang='grc'>6</span> <span class='ocrx_word' id='word_1_347' title='bbox 681 3249 715 3296; x_wconf 88' lang='lat' dir='ltr'>La</span> <span class='ocrx_word' id='word_1_348' title='bbox 734 3250 848 3296; x_wconf 86' lang='lat' dir='ltr'>solitudo</span> <span class='ocrx_word' id='word_1_349' title='bbox 867 3252 907 3296; x_wconf 87' lang='lat' dir='ltr'>est</span> <span class='ocrx_word' id='word_1_350' title='bbox 923 3249 947 3294; x_wconf 90' lang='lat' dir='ltr'>la</span> <span class='ocrx_word' id='word_1_351' title='bbox 965 3249 1037 3295; x_wconf 76' lang='lat' dir='ltr'>mere</span> <span class='ocrx_word' id='word_1_352' title='bbox 1055 3249 1102 3294; x_wconf 88' lang='lat' dir='ltr'>des</span> <span class='ocrx_word' id='word_1_353' title='bbox 1119 3248 1237 3308; x_wconf 76' lang='lat' dir='ltr'>grandes</span> 
     </span>
     <span class='ocr_line' id='line_1_39' title="bbox 232 3309 1238 3372; baseline -0.003 -16"><span class='ocrx_word' id='word_1_354' title='bbox 232 3311 358 3372; x_wconf 75' lang='lat' dir='ltr'>pensees;</span> <span class='ocrx_word' id='word_1_355' title='bbox 376 3313 403 3356; x_wconf 91' lang='lat' dir='ltr'>et</span> <span class='ocrx_word' id='word_1_356' title='bbox 415 3311 480 3356; x_wconf 88' lang='lat' dir='ltr'>dans</span> <span class='ocrx_word' id='word_1_357' title='bbox 501 3311 539 3356; x_wconf 88' lang='lat' dir='ltr'>les</span> <span class='ocrx_word' id='word_1_358' title='bbox 559 3314 645 3371; x_wconf 89' lang='lat' dir='ltr'>temps</span> <span class='ocrx_word' id='word_1_359' title='bbox 667 3311 717 3356; x_wconf 88' lang='lat' dir='ltr'>vils</span> <span class='ocrx_word' id='word_1_360' title='bbox 738 3315 764 3357; x_wconf 91' lang='lat' dir='ltr'>et</span> <span class='ocrx_word' id='word_1_361' title='bbox 781 3311 917 3368; x_wconf 69' lang='lat' dir='ltr'>deur-ades,</span> <span class='ocrx_word' id='word_1_362' title='bbox 929 3325 1032 3356; x_wconf 90' lang='lat' dir='ltr'>comme</span> <span class='ocrx_word' id='word_1_363' title='bbox 1054 3310 1092 3356; x_wconf 95' lang='lat' dir='ltr'>les</span> <span class='ocrx_word' id='word_1_364' title='bbox 1114 3309 1238 3354; x_wconf 87' lang='lat' dir='ltr'>derniers</span> 
     </span>
     <span class='ocr_line' id='line_1_40' title="bbox 233 3371 1236 3433; baseline -0.003 -14"><span class='ocrx_word' id='word_1_365' title='bbox 233 3373 326 3419; x_wconf 76' lang='lat' dir='ltr'>siecles</span> <span class='ocrx_word' id='word_1_366' title='bbox 337 3373 369 3418; x_wconf 90' lang='lat' dir='ltr'>de</span> <span class='ocrx_word' id='word_1_367' title='bbox 377 3373 510 3433; x_wconf 76' lang='lat' dir='ltr'>l&#39;Empire,</span> <span class='ocrx_word' id='word_1_368' title='bbox 526 3373 575 3418; x_wconf 90' lang='lat' dir='ltr'>elle</span> <span class='ocrx_word' id='word_1_369' title='bbox 587 3373 686 3432; x_wconf 77' lang='lat' dir='ltr'>inspira</span> <span class='ocrx_word' id='word_1_370' title='bbox 697 3373 884 3433; x_wconf 74' lang='lat' dir='ltr'>quelquet&#39;oisal</span> <span class='ocrx_word' id='word_1_371' title='bbox 896 3373 1019 3419; x_wconf 85' lang='lat' dir='ltr'>l&#39;homnrc</span> <span class='ocrx_word' id='word_1_372' title='bbox 1033 3386 1083 3418; x_wconf 89' lang='lat' dir='ltr'>une</span> <span class='ocrx_word' id='word_1_373' title='bbox 1097 3371 1168 3417; x_wconf 80' lang='lat' dir='ltr'>force</span> <span class='ocrx_word' id='word_1_374' title='bbox 1182 3384 1236 3430; x_wconf 86' lang='lat' dir='ltr'>que</span> 
     </span>
     <span class='ocr_line' id='line_1_41' title="bbox 233 3431 1238 3495; baseline -0.004 -15"><span class='ocrx_word' id='word_1_375' title='bbox 233 3436 258 3480; x_wconf 89' lang='lat' dir='ltr'>la</span> <span class='ocrx_word' id='word_1_376' title='bbox 275 3433 375 3480; x_wconf 68' lang='lat' dir='ltr'>sociate</span> <span class='ocrx_word' id='word_1_377' title='bbox 392 3433 433 3480; x_wconf 77' lang='lat' dir='ltr'>n&#39;a</span> <span class='ocrx_word' id='word_1_378' title='bbox 454 3435 511 3494; x_wconf 90' lang='lat' dir='ltr'>plus</span> <span class='ocrx_word' id='word_1_379' title='bbox 516 3470 561 3480; x_wconf 91' lang='lat'>.....</span> <span class='ocrx_word' id='word_1_380' title='bbox 582 3433 638 3480; x_wconf 91' lang='lat' dir='ltr'>Une</span> <span class='ocrx_word' id='word_1_381' title='bbox 652 3435 698 3480; x_wconf 89' lang='lat' dir='ltr'>des</span> <span class='ocrx_word' id='word_1_382' title='bbox 712 3435 770 3494; x_wconf 89' lang='lat' dir='ltr'>plus</span> <span class='ocrx_word' id='word_1_383' title='bbox 792 3435 944 3495; x_wconf 88' lang='lat' dir='ltr'>puissantes</span> <span class='ocrx_word' id='word_1_384' title='bbox 966 3447 1071 3479; x_wconf 84' lang='lat' dir='ltr'>oeuvrcs</span> <span class='ocrx_word' id='word_1_385' title='bbox 1089 3433 1123 3478; x_wconf 92' lang='lat' dir='ltr'>du</span> <span class='ocrx_word' id='word_1_386' title='bbox 1142 3431 1238 3478; x_wconf 91' lang='lat' dir='ltr'>Chris—</span> 
     </span>
     <span class='ocr_line' id='line_1_42' title="bbox 233 3495 1235 3554; baseline -0.004 -12"><span class='ocrx_word' id='word_1_387' title='bbox 233 3496 365 3550; x_wconf 76' lang='lat' dir='ltr'>tianismo,</span> <span class='ocrx_word' id='word_1_388' title='bbox 379 3496 468 3542; x_wconf 74' lang='lat' dir='ltr'>c&#39;etait</span> <span class='ocrx_word' id='word_1_389' title='bbox 481 3495 504 3541; x_wconf 86' lang='lat' dir='ltr'>la</span> <span class='ocrx_word' id='word_1_390' title='bbox 517 3497 559 3541; x_wconf 81' lang='lat' dir='ltr'>vie</span> <span class='ocrx_word' id='word_1_391' title='bbox 573 3496 619 3541; x_wconf 89' lang='lat' dir='ltr'>des</span> <span class='ocrx_word' id='word_1_392' title='bbox 630 3495 761 3541; x_wconf 90' lang='lat' dir='ltr'>solitaires</span> <span class='ocrx_word' id='word_1_393' title='bbox 772 3497 804 3542; x_wconf 89' lang='lat' dir='ltr'>de</span> <span class='ocrx_word' id='word_1_394' title='bbox 817 3497 841 3541; x_wconf 86' lang='lat' dir='ltr'>la</span> <span class='ocrx_word' id='word_1_395' title='bbox 854 3495 997 3542; x_wconf 76' lang='lat' dir='ltr'>Thebaide.</span> <span class='ocrx_word' id='word_1_396' title='bbox 1013 3495 1052 3541; x_wconf 91' lang='lat' dir='ltr'>On</span> <span class='ocrx_word' id='word_1_397' title='bbox 1067 3495 1125 3540; x_wconf 85' lang='lat' dir='ltr'>voit</span> <span class='ocrx_word' id='word_1_398' title='bbox 1138 3508 1185 3554; x_wconf 91' lang='lat' dir='ltr'>par</span> <span class='ocrx_word' id='word_1_399' title='bbox 1197 3508 1235 3538; x_wconf 91' lang='lat' dir='ltr'>un</span> 
     </span>
     <span class='ocr_line' id='line_1_43' title="bbox 234 3555 1237 3619; baseline -0.003 -16"><span class='ocrx_word' id='word_1_400' title='bbox 234 3572 343 3619; x_wconf 79' lang='lat' dir='ltr'>passage</span> <span class='ocrx_word' id='word_1_401' title='bbox 356 3558 402 3604; x_wconf 91' lang='lat' dir='ltr'>des</span> <span class='ocrx_word' id='word_1_402' title='bbox 416 3557 586 3604; x_wconf 90' lang='lat' dir='ltr'>Cont&#39;essions</span> <span class='ocrx_word' id='word_1_403' title='bbox 604 3558 636 3603; x_wconf 91' lang='lat' dir='ltr'>de</span> <span class='ocrx_word' id='word_1_404' title='bbox 654 3556 729 3602; x_wconf 87' lang='lat' dir='ltr'>Saint</span> <span class='ocrx_word' id='word_1_405' title='bbox 746 3559 878 3616; x_wconf 72' lang='lat' dir='ltr'>Augustin</span> <span class='ocrx_word' id='word_1_406' title='bbox 896 3556 982 3618; x_wconf 85' lang='lat' dir='ltr'>quelle</span> <span class='ocrx_word' id='word_1_407' title='bbox 1000 3555 1133 3613; x_wconf 89' lang='lat' dir='ltr'>curiosite&#39;‚</span> <span class='ocrx_word' id='word_1_408' title='bbox 1147 3555 1237 3615; x_wconf 87' lang='lat' dir='ltr'>quelle</span> 
     </span>
     <span class='ocr_line' id='line_1_44' title="bbox 232 3616 1237 3664; baseline -0.002 -1"><span class='ocrx_word' id='word_1_409' title='bbox 232 3619 376 3664; x_wconf 80' lang='lat' dir='ltr'>emulation</span> <span class='ocrx_word' id='word_1_410' title='bbox 389 3633 432 3664; x_wconf 90' lang='lat' dir='ltr'>ces</span> <span class='ocrx_word' id='word_1_411' title='bbox 445 3618 593 3664; x_wconf 90' lang='lat' dir='ltr'>merveilles</span> <span class='ocrx_word' id='word_1_412' title='bbox 608 3619 642 3663; x_wconf 87' lang='lat' dir='ltr'>du</span> <span class='ocrx_word' id='word_1_413' title='bbox 654 3617 743 3663; x_wconf 84' lang='lat' dir='ltr'>dc&#39;sert</span> <span class='ocrx_word' id='word_1_414' title='bbox 756 3619 899 3664; x_wconf 84' lang='lat' dir='ltr'>excitaient</span> <span class='ocrx_word' id='word_1_415' title='bbox 916 3619 982 3663; x_wconf 92' lang='lat' dir='ltr'>dans</span> <span class='ocrx_word' id='word_1_416' title='bbox 996 3618 1019 3662; x_wconf 90' lang='lat' dir='ltr'>la</span> <span class='ocrx_word' id='word_1_417' title='bbox 1035 3616 1133 3664; x_wconf 75' lang='lat' dir='ltr'>societd</span> <span class='ocrx_word' id='word_1_418' title='bbox 1150 3616 1237 3662; x_wconf 87' lang='lat' dir='ltr'>civili-</span> 
     </span>
     <span class='ocr_line' id='line_1_45' title="bbox 233 3676 1235 3739; baseline 0 -15"><span class='ocrx_word' id='word_1_419' title='bbox 233 3679 286 3735; x_wconf 78' lang='lat' dir='ltr'>see,</span> <span class='ocrx_word' id='word_1_420' title='bbox 300 3681 384 3737; x_wconf 85' lang='lat' dir='ltr'>parmi</span> <span class='ocrx_word' id='word_1_421' title='bbox 396 3680 433 3725; x_wconf 83' lang='lat' dir='ltr'>les</span> <span class='ocrx_word' id='word_1_422' title='bbox 444 3680 519 3726; x_wconf 88' lang='lat' dir='ltr'>oisils</span> <span class='ocrx_word' id='word_1_423' title='bbox 530 3681 576 3724; x_wconf 86' lang='lat' dir='ltr'>des</span> <span class='ocrx_word' id='word_1_424' title='bbox 590 3679 664 3724; x_wconf 75' lang='lat' dir='ltr'>villes</span> <span class='ocrx_word' id='word_1_425' title='bbox 682 3679 714 3723; x_wconf 87' lang='lat' dir='ltr'>de</span> <span class='ocrx_word' id='word_1_426' title='bbox 728 3679 812 3724; x_wconf 87' lang='lat' dir='ltr'>Gaule</span> <span class='ocrx_word' id='word_1_427' title='bbox 827 3682 853 3724; x_wconf 87' lang='lat' dir='ltr'>et</span> <span class='ocrx_word' id='word_1_428' title='bbox 867 3679 968 3725; x_wconf 88' lang='lat' dir='ltr'>d&#39;ltulie</span> <span class='ocrx_word' id='word_1_429' title='bbox 993 3678 1142 3734; x_wconf 82' lang='lat' dir='ltr'>Villemain‚</span> <span class='ocrx_word' id='word_1_430' title='bbox 1156 3676 1235 3739; x_wconf 83' lang='lat' dir='ltr'>h&#39;loq.</span> 
     </span>
     <span class='ocr_line' id='line_1_46' title="bbox 233 3738 1236 3796; baseline -0.002 -12"><span class='ocrx_word' id='word_1_431' title='bbox 233 3738 317 3785; x_wconf 72' lang='lat' dir='ltr'>caret.</span> <span class='ocrx_word' id='word_1_432' title='bbox 338 3754 370 3784; x_wconf 85' lang='lat' dir='ltr'>au</span> <span class='ocrx_word' id='word_1_433' title='bbox 391 3740 437 3784; x_wconf 56' lang='lat' dir='ltr'>We</span> <span class='ocrx_word' id='word_1_434' title='bbox 456 3738 552 3796; x_wconf 75' lang='lat' dir='ltr'>sie&#39;ctel.</span> <span class='ocrx_word' id='word_1_435' title='bbox 572 3739 647 3785; x_wconf 85' lang='lat' dir='ltr'>Saint</span> <span class='ocrx_word' id='word_1_436' title='bbox 667 3739 772 3785; x_wconf 75' lang='lat' dir='ltr'>Jeroine</span> <span class='ocrx_word' id='word_1_437' title='bbox 792 3739 901 3785; x_wconf 75' lang='lat' dir='ltr'>s&#39;e&#39;crie:</span> <span class='ocrx_word' id='word_1_438' title='bbox 924 3759 934 3780; x_wconf 72' lang='grc' dir='ltr'>ιι</span> <span class='ocrx_word' id='word_1_439' title='bbox 949 3741 964 3785; x_wconf 83' lang='grc' dir='ltr'><strong>ὁ</strong></span> <span class='ocrx_word' id='word_1_440' title='bbox 981 3740 1115 3786; x_wconf 88' lang='lat' dir='ltr'>desertum</span> <span class='ocrx_word' id='word_1_441' title='bbox 1136 3739 1236 3785; x_wconf 88' lang='lat' dir='ltr'>Christi</span> 
     </span>
     <span class='ocr_line' id='line_1_47' title="bbox 233 3799 1038 3860; baseline -0.005 -14"><span class='ocrx_word' id='word_1_442' title='bbox 233 3799 343 3846; x_wconf 81' lang='lat' dir='ltr'>floribus</span> <span class='ocrx_word' id='word_1_443' title='bbox 355 3801 485 3846; x_wconf 83' lang='lat' dir='ltr'>vernans!</span> <span class='ocrx_word' id='word_1_444' title='bbox 499 3801 514 3845; x_wconf 86' lang='grc' dir='ltr'><strong>ὁ</strong></span> <span class='ocrx_word' id='word_1_445' title='bbox 527 3814 630 3846; x_wconf 89' lang='lat' dir='ltr'>eremus</span> <span class='ocrx_word' id='word_1_446' title='bbox 642 3799 795 3844; x_wconf 82' lang='lat' dir='ltr'>familiarius</span> <span class='ocrx_word' id='word_1_447' title='bbox 807 3800 864 3846; x_wconf 90' lang='lat' dir='ltr'>Deo</span> <span class='ocrx_word' id='word_1_448' title='bbox 878 3800 1008 3860; x_wconf 79' lang='lat' dir='ltr'>gaudens!</span> <span class='ocrx_word' id='word_1_449' title='bbox 1023 3820 1038 3843; x_wconf 72' lang='lat' dir='ltr'>n</span> 
     </span>
    </p>
   </div>
   <div class='ocr_carea' id='block_1_6' title="bbox 657 3903 813 3954">
    <p class='ocr_par' dir='ltr' id='par_1_8' title="bbox 657 3903 813 3954">
     <span class='ocr_line' id='line_1_48' title="bbox 657 3903 813 3954; baseline -0.006 0"><span class='ocrx_word' id='word_1_450' title='bbox 657 3903 813 3954; x_wconf 76' lang='lat'>-392-</span> 
     </span>
    </p>
   </div>
   <div class='ocr_carea' id='block_1_7' title="bbox 0 0 1364 4234">
    <p class='ocr_par' dir='ltr' id='par_1_9' title="bbox 0 0 1364 4234">
     <span class='ocr_line' id='line_1_49' title="bbox 0 0 1364 4234; baseline 0 0"><span class='ocrx_word' id='word_1_451' title='bbox 0 0 1364 4234; x_wconf 95' lang='lat' dir='ltr'> </span> 
     </span>
    </p>
   </div>
  </div>
 </body>
</html>
