2664 4234
314 177 400 234 449.
421 178 573 247 opinion
593 180 637 234 de
656 180 803 235 varran
823 189 889 233 sur
902 177 942 232 la
959 173 1132 232 Divintte.

506 273 585 334 (Ouid
599 273 631 320 de
644 273 692 320 deo
704 272 818 320 senserit
836 272 941 332 Varro.)

166 386 209 450 2²
260 396 348 477 ¹Dicit
371 396 470 454 Varro
490 396 593 476 quod*
615 395 646 454 hi
667 396 723 454 soli
744 396 771 454 ei
788 396 952 454 videantur
974 393 1244 454 animadvertisse

222 493 296 570 quid
309 501 389 551 essct
409 494 503 562 DeuS,
521 493 572 572 qui
593 492 791 552 crediderunt
809 513 878 551 eum
901 513 966 551 esse
987 493 1122 551 animam
1145 497 1243 549 motu

220 609 255 646 ac
277 589 396 648 ratione
416 589 565 648 mundum
585 589 835 666 gubernantem*.
852 593 897 648 Ac
915 609 970 668 per
991 589 1059 662 hoc,
1078 588 1137 646 etsi
1153 607 1243 645 non-

220 684 293 742 dum
317 685 441 743 tenebat
462 685 545 764 quod
575 686 689 743 veritas
712 686 803 743 habet
833 685 928 764 (Deus
950 685 1030 744 enim
1048 705 1142 742 verus
1168 704 1242 741 non

220 782 349 850 anima*,
365 781 416 839 sed
432 783 541 840 animae
558 802 680 862 quoque
696 789 742 840 est
755 783 880 840 effector
892 789 921 839 et
932 782 1097 860 conditor),
1111 789 1240 843 tamen,

220 878 245 934 si
256 884 363 935 contra
377 877 577 957 prejudicia*
590 878 825 936 consuetudinis
839 877 915 937 liber
926 898 992 936 esse
1005 884 1120 956 posset,
1134 897 1241 934 unum

221 974 312 1032 deum
328 973 493 1033 colendum
513 975 661 1032 fateretur
676 983 768 1053 atque
789 975 942 1046 suaderet,
959 983 1046 1032 motu
1059 995 1094 1032 ac
1108 974 1243 1038 ratione

221 1069 370 1128 mundum
387 1069 620 1146 gubernantem.
641 1071 722 1128 Dicit
738 1070 817 1128 idem
833 1071 976 1150 antiquos
990 1071 1149 1128 Romanos
1162 1070 1242 1148 plus

220 1187 318 1226 annos
330 1173 452 1224 centum
465 1173 495 1224 et
506 1167 699 1245 septuaginta
715 1166 789 1225 deos
804 1168 869 1226 sine
881 1166 1061 1226 simulacro*
1077 1166 1238 1224 coluisse:

222 1287 237 1318 «
264 1262 352 1330 Quod
377 1263 400 1320 si
426 1262 536 1332 adhuc,
556 1263 668 1342 inquit,
693 1265 866 1336 mansisset,
887 1264 1000 1322 castius
1021 1263 1063 1320 dii
1083 1262 1241 1320 observa-

221 1367 338 1419 rentur.
357 1385 370 1413 »
388 1360 451 1418 Nee
472 1359 592 1418 dubitat
610 1380 678 1417 eum
698 1358 799 1418 locum
819 1361 860 1418 ita
883 1360 1065 1418 concludere
1081 1368 1115 1418 ut
1133 1360 1237 1428 dicat,

220 1457 273 1536 qui
289 1456 379 1535 primi
397 1457 559 1515 simulacra
575 1456 702 1514 deorum
720 1456 843 1536 populis
855 1465 1036 1536 posueruut,
1052 1477 1104 1514 eos
1119 1455 1240 1514 civita·

221 1552 303 1610 tibus
322 1553 385 1610 suis
407 1561 522 1610 metum
546 1553 731 1632 dempsisse*
754 1561 784 1612 et
804 1574 938 1611 errorem
960 1553 1115 1612 addidisse
1133 1572 1140 1612 :
1158 1573 1239 1632 pru-

221 1650 331 1708 denter
345 1650 524 1707 existimans
544 1650 617 1707 deos
640 1650 728 1708 facilc
744 1671 832 1728 posse
848 1650 879 1708 in
895 1650 1129 1708 simulacrorum
1144 1648 1238 1708 stoli-

220 1747 316 1804 ditate
330 1747 497 1804 contemni.
514 1747 602 1813 Quod
614 1768 687 1804 vero
706 1767 767 1804 non
785 1747 827 1806 ait
844 1771 858 1800 ι(
875 1769 1007 1805 errorem
1024 1746 1234 1816 tradiderunt,

220 1842 273 1900 sed
292 1843 478 1901 addiderunt
503 1869 528 1914 r,
542 1844 606 1922 jam
626 1844 731 1922 utique
752 1844 844 1902 fuisse
867 1845 957 1902 etiam
978 1845 1042 1902 sine
1059 1843 1236 1902 simulacris

222 1939 358 2016 intellegi
382 1939 449 1998 vult
468 1960 612 1997 errorem.
636 1940 838 2019 Quapropter,
855 1962 924 1999 cum
945 1941 1044 1999 solos*
1064 1941 1142 1998 dicit
1168 1941 1237 1998 ani-

221 2035 422 2094 madvertisse
447 2036 520 2115 quid
541 2045 620 2094 esset
641 2037 733 2103 Deus
751 2037 803 2116 qui
822 2058 891 2095 eum
910 2038 1071 2096 crederent
1095 2038 1234 2096 animam

220 2140 369 2199 mundum
381 2143 611 2219 gubernantem,
625 2142 801 2220 castiusque
814 2143 969 2200 existimat
980 2143 1045 2200 sine
1057 2142 1235 2200 simulacris

220 2239 376 2295 observari
390 2239 579 2315 religionem,
597 2239 664 2317 quis
679 2258 739 2296 non
757 2239 859 2298 videat
873 2247 1022 2320 quantum
1037 2240 1233 2319 propinqua-

221 2335 300 2392 verit
318 2335 468 2394 veritati?

252 2472 292 2524 N⁰
304 2475 371 2524 449
387 2491 391 2522 :
407 2475 505 2536 Quod.
520 2476 570 2523 Les
586 2477 772 2537 conjonctions
783 2477 856 2540 quod
868 2480 895 2524 et
908 2491 989 2540 quam
1002 2480 1049 2524 ont
1059 2477 1196 2538 remplace
1209 2479 1234 2523 la

222 2537 391 2597 proposition
411 2537 542 2584 infinitive
564 2539 630 2584 dans
649 2538 673 2584 la
697 2539 792 2598 langue
815 2540 896 2586 latine
918 2540 951 2586 de
971 2539 995 2586 la
1018 2539 1181 2585 decadence.
1204 2565 1234 2572 -

221 2599 471 2648 Gubernantem.
490 2597 559 2646 C'est
577 2601 591 2646 tl
609 2613 659 2660 peu
681 2600 742 2660 pres
762 2601 787 2647 la
809 2601 968 2662 conception
988 2601 1145 2648 stoicienne.
1167 2601 1234 2647 Voir

221 2660 338 2722 llaymne
356 2661 389 2705 du
408 2661 519 2708 stoicien
538 2660 673 2706 Cleanthe.
695 2661 733 2707 Cl.
755 2662 865 2709 ciceron
882 2663 923 2721 (de
944 2661 1049 2708 Natura
1067 2662 1183 2708 deorum
1198 2662 1231 2720 ll,

220 2726 264 2779 39;
282 2721 301 2779 l,
320 2722 367 2783 la).
384 2747 411 2756 —
431 2720 558 2778 Anima,
578 2737 609 2769 uu
629 2737 690 2769 sens
706 2724 826 2770 matericl
841 2724 873 2770 dc
889 2739 918 2770 ce
940 2727 1004 2770 mot.
1019 2749 1048 2757 -
1061 2723 1232 2786 praejudi-

221 2783 276 2833 cia
290 2799 295 2830 :
310 2784 342 2830 de
356 2785 452 2844 grands
465 2785 561 2844 csprits
581 2798 683 2829 comme
700 2782 824 2843 Honicre,
846 2785 948 2843 Platon,
963 2785 1093 2842 Aristote,
1106 2784 1229 2844 Cice'ron,

221 2844 342 2905 seneque
353 2859 380 2891 se
393 2849 455 2891 sont
470 2845 558 2892 eleves
569 2846 583 2892 al
596 2845 619 2892 la
631 2845 723 2892 notion
737 2847 769 2892 de
781 2861 810 2893 ce
821 2847 881 2892 dieu
897 2847 1004 2907 unique.
1020 2846 1093 2892 Pline
1107 2845 1229 2893 l’Ancien

222 2907 265 2967 (ΙΙ,
278 2906 310 2966 1),
325 2920 388 2953 avec
401 2908 448 2953 des
461 2907 607 2954 intentions
624 2909 683 2954 tout
698 2911 795 2966 autres,
809 2908 827 2954 il
842 2911 882 2955 est
897 2907 963 2967 vrai,
978 2908 1143 2955 avivement
1160 2912 1231 2954 atta·

221 2967 272 3028 que
288 2968 312 3014 le
331 2968 508 3029 polythe'isme
528 2970 644 3028 antique.
667 2995 696 3002 —
712 2967 905 3019 Simulacro.
925 2970 999 3019 Cette
1017 2968 1179 3016 affirmation
1197 2971 1230 3015 de

221 3029 325 3076 Varron
351 3033 391 3076 est
412 3031 561 3076 contredite
589 3045 637 3091 par
655 3029 679 3076 le
698 3030 865 3091 temoignage
887 3031 933 3077 dcs
953 3031 1060 3077 anciens
1076 3035 1103 3076 et
1123 3045 1172 3091 par
1191 3031 1230 3077 les

221 3090 396 3138 ddcouvertes
416 3093 448 3138 de
468 3091 653 3152 l'archeologie
669 3093 803 3140 moderno.
824 3092 896 3138 Dans
914 3092 938 3138 le
956 3093 1039 3153 palais
1057 3092 1089 3138 de
1107 3092 1226 3149 Latinus,

221 3153 465 3214 decritparVirgile
477 3153 545 3214 (En,
558 3153 618 3211 Vll,
630 3153 683 3213 170)
692 3168 726 3199 on
739 3153 946 3214 voitfigurerles
957 3157 1058 3202 statues
1068 3155 1101 3200 de
1114 3153 1227 3200 Saturne

221 3216 297 3261 etde
315 3215 406 3262 lanus,
428 3215 476 3262 Les
494 3215 601 3261 ariciens
617 3213 721 3275 parlent
736 3215 807 3261 aussi
825 3214 886 3261 d'un
904 3215 1018 3262 Hercule
1036 3215 1164 3262 consacre
1179 3231 1228 3275 par

222 3277 352 3335 Evandre,
374 3280 401 3323 et
419 3277 480 3323 d‘un
500 3277 663 3324 Vertumnus
683 3290 711 3324 se
728 3280 887 3338 rapportant
907 3278 922 3323 d
940 3276 1062 3338 l'epoque
1081 3278 1113 3323 de
1131 3277 1224 3323 Numa.

222 3338 297 3397 Mais,
314 3353 346 3384 en
364 3339 513 3386 admettant
531 3353 582 3398 que
597 3339 685 3384 toules
705 3352 749 3384 ces
767 3338 909 3386 traditions
930 3339 1017 3386 soient
1034 3342 1178 3399 suspectes,
1191 3353 1226 3384 on

221 3400 273 3446 sait
291 3398 368 3460 qu’au
381 3409 407 3444 ve
422 3400 501 3447 siecle
514 3415 547 3446 on
566 3399 595 3446 fit
608 3413 659 3445 une
674 3401 761 3446 statue
776 3400 809 3446 de
827 3401 923 3446 bronze
936 3401 950 3446 tt
963 3401 1042 3447 Ceres
1055 3414 1120 3446 avec
1131 3400 1155 3445 le
1167 3414 1225 3460 pro·

221 3462 280 3508 duit
288 3462 334 3508 des
346 3461 421 3508 biens
433 3463 464 3508 de
476 3461 493 3508 S
514 3462 586 3508 urius
598 3461 713 3519 Cassius,
723 3464 751 3508 et
762 3459 883 3523 qu'apres
893 3461 918 3508 la
927 3461 1023 3508 deferte
1037 3463 1083 3508 des
1094 3460 1226 3507 Samnites

221 3522 333 3582 Spurius
345 3523 476 3570 Carvilius
489 3477 519 3569 ll
531 3523 624 3570 tondre
640 3537 690 3569 une
707 3523 792 3584 image
806 3524 934 3570 colossalc
952 3525 985 3570 de
1002 3524 1108 3584 Jupiter
1119 3522 1223 3582 Capito-

221 3584 257 3630 lin
270 3599 335 3632 avec
347 3586 371 3631 lc
385 3585 481 3631 bronze
494 3584 586 3631 enleve
599 3586 614 3631 a
626 3583 757 3632 l'ennemi.
774 3586 797 3630 A
812 3585 897 3644 partir
913 3586 949 3644 du
964 3595 1000 3630 1v⁶
1019 3585 1097 3632 siecle
1110 3584 1148 3630 les
1158 3583 1223 3630 rela-

221 3645 292 3691 tions
305 3659 369 3692 avec
382 3647 405 3692 la
422 3646 506 3691 Gr'ece
520 3648 546 3693 et
557 3644 669 3691 l'Orient
681 3645 875 3704 multipli'erent
886 3646 924 3693 les
935 3648 1037 3693 statues
1047 3647 1094 3692 des
1106 3646 1222 3692 hommes

221 3707 249 3750 et
263 3707 309 3752 des
323 3707 409 3752 dieux.
422 3731 453 3740 -
463 3705 659 3766 Dempslsse.
677 3705 717 3751 On
735 3707 844 3752 connalt
861 3707 884 3752 le
898 3721 959 3753 vers
975 3709 1007 3754 dc
1023 3707 1137 3754 Petrone
1147 3722 1152 3753 :
1163 3705 1223 3752 Pri-

222 3781 281 3872 rpus
293 3765 320 3871 ip
333 3765 397 3812 orbe
409 3767 471 3812 deor
483 3764 546 3825 fecit
562 3765 650 3814 timor.
664 3790 692 3800 -
705 3765 805 3825 Solos,
818 3767 978 3815 antecedent
990 3769 1023 3815 de
1034 3767 1083 3830 qui
1095 3781 1155 3814 eum
1165 3781 1221 3814 ere-

222 3839 324 3872 ‹eren.
948 3843 949 3846 ¹

650 3926 804 3974 -452-
