2756 4238
217 142 302 198 306.
314 142 528 202 Decedenee
543 149 610 203 des
622 145 764 216 legions
777 150 962 206 romaines
982 150 1044 219 (fin
1058 153 1106 206 du

454 234 492 290 4⁶
511 233 622 290 siecle
632 237 745 304 apres
759 237 808 291 ὧ·
820 236 873 301 G.)

165 331 278 398 (Quibus
292 333 424 398 qradibus
444 351 569 386 romanae
587 336 705 402 legiones
726 339 777 387 sub
796 337 890 403 quarti
901 339 1003 388 saeculi
1013 341 1073 403 puel
1091 300 1162 390 J.·C.¹

512 416 565 478 fine
579 417 813 481 attenuataesinl.)

205 554 373 632 Legionum
395 577 506 616 nomen
526 557 557 616 in
577 559 712 618 exercitu
735 567 893 638 permanet
919 560 1082 640 hodieque,
1106 559 1157 619 sed
1173 567 1213 631 3⁸

164 671 219 732 per
238 653 461 730 neglegentiam
477 655 667 734 superiorum
689 661 861 735 temporum
882 655 975 715 robur
994 657 1157 714 infractum

164 756 220 818 est,
246 770 315 808 cum
338 750 461 809 virtutis
479 751 622 830 praemia*
643 752 952 832 occuparetambitio,
974 762 1005 810 et
1019 773 1074 832 per
1092 773 1156 829 gra·

164 854 238 914 tiam
255 864 512 934 promoverentur
525 856 637 916 milites
652 857 704 937 qui
715 858 890 938 promoveri
906 864 1091 917 consuerant
1105 878 1160 938 per

163 950 309 1012 laborem.
346 953 464 1012 Deinde
488 953 770 1027 contubernalibus,
795 954 956 1034 completis
985 953 1156 1034 stipendiis,

162 1070 218 1130 per
229 1049 468 1107 testimoniales*
484 1069 522 1108 ex
538 1071 622 1109 more
638 1050 781 1123 dimissis,
799 1072 859 1109 non
883 1059 955 1110 sunt
972 1050 1024 1111 alii
1048 1050 1159 1109 substi-

163 1146 233 1205 tuti.
266 1145 417 1204 Praelerea
444 1166 566 1204 necesse
594 1154 641 1206 est
668 1147 776 1206 morbo
802 1147 974 1227 aliquantos
1005 1147 1157 1206 debilitari

163 1251 256 1323 alque
277 1242 400 1312 dimitti,
428 1243 600 1322 aliquantos
629 1243 778 1318 deserere,
806 1245 855 1304 vel
883 1244 1012 1303 diversis
1038 1243 1158 1302 casibus

163 1339 288 1398 interire
318 1357 325 1399 :
354 1347 398 1410 ut,
428 1340 486 1397 nisi
516 1341 604 1398 annis
631 1341 770 1418 singulis,
795 1341 889 1399 immo
910 1341 1039 1418 singulis
1061 1359 1157 1420 paene

163 1435 318 1494 mensibus
330 1435 361 1493 in
377 1436 589 1494 decedentium
603 1437 704 1495 locum
717 1437 877 1516 juniorum
892 1438 981 1496 turba
1001 1436 1156 1510 succedat,

163 1533 321 1612 quamvis*
336 1533 477 1611 copiosus
492 1533 689 1592 exhauriatur
703 1535 864 1593 exercitus.
882 1534 937 1592 Est
950 1540 981 1593 et
993 1533 1050 1592 alia
1067 1553 1156 1592 causa

163 1651 218 1688 cur
245 1635 411 1687 attenuatae
438 1630 500 1688 sint
524 1630 668 1706 legiones.
694 1631 826 1708 Magnus
854 1631 884 1688 in
911 1630 970 1688 illis
1000 1629 1087 1688 labor
1112 1636 1157 1688 est

163 1727 326 1796 militandi,
344 1726 484 1803 graviora
509 1729 623 1797 arma*,
643 1747 709 1786 sera
733 1727 887 1800 munera*,
909 1727 1044 1786 severior
1066 1726 1157 1784 disci-

163 1822 258 1902 plina.
276 1823 364 1889 Quod
379 1823 511 1881 vitantes
526 1824 674 1904 plerique,
689 1825 721 1882 in
734 1824 853 1882 auxiliis
873 1823 1020 1883 festinant
1039 1823 1156 1881 militiae

163 1927 350 1978 sacramenta
367 1921 533 1999 percipere,
555 1921 607 1978 ubi
633 1927 665 1979 et
687 1921 788 1979 minor
811 1920 915 1993 sudor,
939 1927 969 1979 et
990 1920 1155 1978 maturiora

163 2025 234 2074 sunt
261 2017 414 2096 praemia*.
442 2016 519 2076 Cato
547 2017 597 2076 ille
619 2017 730 2096 Major,
761 2038 831 2076 cum
852 2024 884 2076 el
904 2017 996 2076 armis
1022 2017 1156 2074 invictus

163 2121 252 2184 esset,
268 2121 298 2170 el
310 2113 417 2172 consul
432 2114 583 2172 exercitus
595 2135 675 2194 saepe
691 2115 838 2186 duxisset,
854 2113 922 2193 plus
937 2135 968 2172 se
979 2112 1156 2192 reipublicae

163 2210 293 2270 eredidit
311 2211 516 2288 profuturum,
535 2211 559 2268 si
574 2211 765 2290 disciplinam
779 2212 941 2269 militarem
958 2211 1111 2268 conferret
1124 2209 1155 2268 in

162 2305 290 2366 litteras,
313 2307 390 2365 Nam
412 2307 501 2365 unius
526 2307 624 2366 aetatis
645 2315 718 2366 sunt
741 2329 809 2385 quae
831 2307 952 2365 sortiter
977 2307 1065 2379 fiunt,
1086 2325 1156 2385 quae

163 2433 237 2470 vero
252 2432 307 2492 pro
329 2413 461 2471 ulilitate
478 2412 655 2491 reipublicae
669 2413 856 2485 scribuntur,
874 2419 986 2470 aeterna
1000 2418 1081 2470 sunt.

193 2572 234 2620 Νο
247 2570 313 2621 306
323 2585 328 2619 :
340 2569 507 2620 Praemia:
516 2569 702 2632 recompenses
712 2569 984 2632 honorifiques(llasla
990 2585 1069 2632 pura,
1081 2571 1156 2619 lance

162 2647 194 2680 en
213 2633 273 2679 bois
294 2647 356 2680 sens
375 2633 466 2693 pointe
489 2633 522 2678 de
542 2633 593 2690 ler;
611 2631 748 2692 vacillum,
769 2634 836 2693 petit
855 2632 996 2690 e'lendard;
1019 2631 1155 2694 phalerae,

161 2695 273 2757 plaques
285 2695 391 2754 rondes,
410 2709 442 2741 en
461 2694 566 2753 bronze,
580 2709 613 2740 en
637 2698 729 2754 argent
749 2708 782 2740 ou
805 2709 837 2740 en
860 2708 899 2754 or,
919 2707 984 2740 avec
1002 2697 1156 2740 ornements

162 2770 194 2804 en
215 2756 303 2814 relies,
321 2757 439 2818 torques,
459 2757 550 2802 collier
565 2755 623 2802 d'or
645 2770 678 2802 ou
702 2754 833 2815 d'argent;
857 2754 988 2814 armillae,
1010 2754 1156 2813 bracclets;

162 2817 281 2878 catellae,
295 2818 416 2876 chalnes;
429 2816 537 2878 fibulae,
556 2817 668 2880 avrales)
687 2844 717 2850 -
739 2832 773 2864 on
794 2817 855 2863 bien
880 2831 1028 2864 couronncs
1048 2816 1156 2878 (corona

164 2879 285 2936 muralis,
298 2879 417 2937 vallaris,
432 2853 607 2926 obsidionalis
627 2905 653 2914 -
671 2893 705 2926 ou
722 2878 784 2925 bien
805 2879 993 2940 participation
1015 2893 1047 2926 au
1068 2877 1155 2929 buliu.

165 2955 264 2988 somme
276 2939 403 3000 d'argenl,
417 2940 513 2986 dende
528 2943 605 2998 terre,
616 2943 666 2988 ete.
677 2939 972 2990 -Tastimoniales
986 2939 1026 2987 On
1039 2940 1157 3001 appelait

166 3003 230 3050 ainsi
243 3017 278 3048 un
291 3001 385 3048 brevel
397 3002 429 3048 de
440 3001 523 3061 conge
536 3001 622 3048 donne'
635 3017 668 3048 au
679 3003 774 3062 soldat,
788 3005 815 3050 et
826 3017 875 3064 par
886 3002 973 3062 lequel
983 3017 1017 3048 on
1032 3001 1157 3048 cerlifiait

162 3063 225 3125 qu'il
237 3063 310 3110 avait
322 3063 414 3123 rempli
425 3077 489 3110 avec
501 3063 622 3110 honneur
631 3063 655 3109 le
669 3066 755 3124 temps
772 3064 805 3111 de
822 3079 870 3111 son
888 3065 998 3110 service.
1015 3063 1035 3109 ll
1051 3078 1070 3124 y
1085 3063 1158 3110 avait

162 3126 229 3172 trois
239 3127 323 3173 sortes
336 3125 368 3170 de
381 3124 492 3184 congds:
508 3125 564 3172 1⁰la
574 3125 663 3172 missio
673 3125 790 3184 honesta,
800 3140 834 3172 ou
847 3125 929 3185 conge'
942 3124 1029 3171 donne
1041 3124 1119 3185 apres
1132 3124 1157 3171 le

162 3189 251 3248 temps
264 3187 296 3232 de
309 3185 409 3232 service
418 3185 542 3246 rdgulier3
553 3193 576 3232 2⁰
585 3189 609 3234 la
618 3185 708 3234 missio
716 3185 847 3245 censaria,
855 3187 879 3233 le
892 3186 975 3246 conge
988 3186 1020 3233 de
1032 3186 1156 3244 re'l'orme,

163 3263 231 3310 pour
247 3262 326 3295 cause
345 3245 510 3306 d'infirmite3
529 3253 553 3293 3⁰
572 3249 596 3295 la
615 3247 704 3295 missio
729 3247 914 3311 ignominiosa,
936 3248 960 3293 le
984 3248 1067 3307 conge
1089 3261 1157 3308 pour

163 3310 229 3356 delil
241 3324 275 3355 ou
285 3324 353 3370 pour
363 3308 444 3354 crime
457 3310 589 3370 militaire,
603 3311 686 3370 etqui
704 3325 731 3356 se
750 3311 862 3357 donnuil
882 3309 1070 3371 quelqueioisa
1081 3311 1156 3355 toute

163 3387 215 3419 une
228 3370 324 3430 le'gion.
342 3399 366 3405 —
388 3369 591 3430 Quamvis:
610 3370 797 3434 quamtumvis.
819 3391 849 3412 =
869 3370 1033 3420 Graviora
1051 3382 1156 3419 arma.

163 3433 229 3479 Voir
242 3432 351 3493 Polybe,
366 3431 411 3490 Vl,
426 3435 448 3478 l.
467 3459 498 3466 -
511 3433 651 3482 Munera
665 3448 670 3480 ι
684 3434 722 3480 les
739 3433 925 3493 recompenses
939 3432 1006 3494 (voir
1018 3432 1077 3492 plus
1087 3433 1160 3478 *haut

163 3493 300 3554 praemia),
314 3508 348 3539 ou
361 3494 449 3553 pluldl
461 3495 486 3540 la
496 3494 575 3541 haute
590 3496 648 3555 paie
661 3495 705 3555 qui
725 3509 757 3540 ne
775 3509 802 3541 se
819 3495 931 3540 donnail
949 3492 1070 3555 qu'apres
1089 3494 1160 3540 seize

163 3570 211 3602 ans
224 3557 256 3602 dc
270 3555 393 3601 services.
413 3581 442 3589 -
459 3556 619 3605 Praemia.
639 3556 675 3602 La
692 3556 751 3616 paie
772 3555 839 3603 eluit
858 3556 917 3617 plus
941 3555 1010 3602 lorte
1031 3569 1100 3616 pour
1118 3555 1161 3601 les.

164 3619 272 3677 troupes
287 3616 437 3664 auxiliaires
451 3631 457 3664 z
471 3618 546 3676 mais,
555 3632 586 3664 en
596 3617 736 3676 revanche,
745 3617 807 3665 elles
817 3633 848 3664 ne
858 3617 1008 3664 recevaient
1020 3618 1047 3664 ni
1058 3617 1157 3663 recom—

163 3693 260 3740 penses
273 3693 303 3724 en
318 3680 394 3736 terre,
406 3678 432 3724 ni
443 3693 592 3726 couronncs
603 3677 668 3741 dor,
682 3679 708 3726 ni
721 3679 851 3726 bracelets
862 3679 886 3743 (a
898 3679 976 3741 peine
989 3679 1035 3725 des
1051 3679 1158 3725 colliers

163 3739 289 3800 d'argenl,
301 3741 327 3786 et
336 3754 388 3786 non
399 3737 472 3803 d'or).

582 3919 617 3930 ·-
635 3890 685 3943 309
704 3923 737 3930 --
