2696 4244
267 158 350 216 226.
365 161 420 215 Du
435 159 532 215 droit
549 161 593 215 de
608 161 767 228 prendre
783 160 839 215 les
853 159 1037 228 auspices.

482 263 601 327 (Dejure
614 263 818 326 auspiciorum.)

188 423 222 480 ln
238 423 338 481 edicto
354 411 515 481 consulum
531 443 593 502 quo
611 423 737 481 edicunt
752 423 821 502 quis
838 423 902 481 dies
916 422 1066 481 comitiis*
1081 443 1149 480 cen·
1168 413 1208 476 2⁰

148 519 272 577 turiatis
294 519 415 578 iuturus
438 520 488 589 sit,
513 519 658 578 scribitur
674 541 712 578 ex
732 527 836 578 vetere
857 520 955 578 forma
976 526 1149 598 perpetua:

149 639 164 670 «
182 636 220 673 ne
237 616 307 695 quis
321 617 517 693 magistratus
531 617 631 676 minor
644 617 681 674 de
696 615 772 675 caelo
791 638 927 675 servasse
943 615 1028 675 velit.
1048 641 1062 670 »
1085 615 1152 682 Qua

148 712 186 770 de
201 734 233 770 re
247 712 312 771 haec
324 713 355 770 in
374 713 452 772 libro
471 713 621 772 Messallae
636 713 760 790 auguris
777 714 890 792 scripta
906 721 977 771 sunt
995 732 1001 773 :
1021 738 1034 768 a
1053 712 1154 771 Patri·

147 809 265 867 ciorum
289 811 445 888 auspicia*
462 811 492 868 in
509 809 585 869 duas
600 817 673 869 sunt
686 817 856 890 potestates
878 809 998 869 divisa:
1017 809 1150 868 maxima

146 912 219 964 sunt
234 907 404 980 consulum,
421 914 600 986 praetorum,
615 926 788 967 censorum.
805 906 911 987 Neque
924 914 1025 965 tamen
1043 926 1149 964 eorum

146 1004 285 1062 omnium
300 1003 381 1061 inter
393 1025 424 1062 se
438 1003 554 1074 eadem,
572 1011 626 1062 aut
638 1003 776 1083 ejusdem
788 1004 966 1083 potestatis:
982 1003 1053 1061 idco
1065 1002 1149 1082 quod

146 1099 272 1176 collegae
285 1121 346 1158 11011
362 1107 434 1159 511111
449 1102 612 1159 censores*
623 1101 786 1159 consulum
800 1107 854 1158 aut
868 1108 1053 1180 praetorum3
1072 1119 1150 1178 prae-

143 1198 253 1258 tores*
268 1196 428 1255 consulum
447 1205 529 1256 sunt.
549 1197 621 1256 Ideo
642 1217 742 1277 neque
761 1196 903 1256 consules
925 1203 977 1256 aut
1000 1204 1150 1276 praetores

145 1293 335 1365 censoribus
368 1315 467 1373 neque
500 1314 642 1352 censores
671 1294 849 1353 consulibus
880 1300 933 1352 5111
963 1293 1150 1373 praetoribus

146 1390 272 1449 turbant
286 1397 341 1449 aut
355 1391 488 1449 retinent
504 1391 638 1470 auspicia
652 1409 658 1464 ;
676 1398 708 1449 at
721 1411 863 1449 censores
878 1391 959 1449 inter
974 1408 1023 1463 se;
1042 1411 1149 1449 rursus

146 1495 293 1565 praetores
309 1487 512 1567 consulesque
527 1488 607 1545 inter
622 1508 653 1546 se
667 1496 697 1546 et
714 1487 844 1546 vitiant*
855 1494 886 1545 et
897 1487 1049 1545 obtinent.
1067 1486 1149 1545 Prae-

146 1590 204 1654 tor,
225 1583 281 1642 etsi
297 1583 413 1662 collega
430 1584 565 1643 consulis
581 1590 638 1655 est,
655 1605 753 1664 neque
771 1591 945 1663 praetorem,
964 1605 1062 1663 neque
1076 1604 1148 1641 con-

145 1681 243 1739 sulem
256 1681 325 1760 jure
343 1682 469 1758 rogare*
489 1689 601 1760 potest,
620 1688 654 1740 ut
670 1681 796 1761 quidem
819 1701 874 1739 nos
894 1701 911 1739 a
935 1680 1147 1760 superioribus

147 1779 331 1856 accepimus
349 1785 400 1837 aut
417 1785 487 1837 ante
503 1779 568 1838 haec
586 1786 724 1858 tempora
741 1784 896 1836 servatum
912 1785 959 1836 est
979 1803 984 1835 :
1004 1777 1076 1856 quia
1091 1778 1147 1834 im-

146 1875 266 1953 perium
286 1874 386 1933 minus
405 1884 529 1955 praetor,
556 1875 655 1954 majus
677 1869 770 1934 habet
794 1875 913 1947 consul,
939 1882 969 1932 et
991 1895 1007 1932 a
1027 1874 1146 1932 minore

143 1971 274 2050 imperio
293 1971 390 2051 majus
413 1978 465 2030 aut
484 1972 583 2051 major
602 1971 718 2050 collega
739 1973 839 2049 rogari
857 1972 927 2051 jure
947 1991 1009 2030 non
1031 1978 1143 2051 potest.

144 2067 389 2148 Censoresaeque
401 2089 463 2126 non
472 2069 580 2127 eodem
591 2077 740 2146 rogantur
754 2069 891 2148 auspicio
901 2076 993 2147 atque
1006 2067 1146 2126 consules

144 2171 175 2222 et
209 2173 365 2244 praetores.
406 2165 608 2245 Reliquorum
642 2166 876 2242 magistratuum
912 2165 1032 2223 minora
1072 2172 1146 2222 sunt

144 2262 280 2340 auspicia
295 2281 306 2322 τ’
319 2261 387 2320 ideo
405 2262 449 2319 illi
465 2262 609 2334 1111110155,
629 2262 661 2320 hi
676 2263 808 2342 majores
824 2261 1021 2340 magistratus
1038 2261 1145 2341 appel-

144 2357 257 2418 lantur.
276 2383 291 2414 a

173 2509 215 2558 Νο
235 2508 299 2560 226
319 2508 493 2559 :comitiis
514 2509 580 2556 Voir
598 2523 628 2557 ce
649 2511 706 2557 mot
727 2524 760 2556 au
779 2509 892 2570 lenique.
911 2535 940 2544 -
957 2507 1138 2569 Auspicia:

144 2571 231 2632 signes
249 2571 365 2632 envoyes
382 2586 431 2631 par
450 2571 556 2632 Jupiter
572 2586 624 2618 aux
641 2571 793 2632 magistrats
806 2571 923 2617 romains
941 2585 1009 2630 pour
1026 2570 1147 2630 garantir

144 2646 176 2678 511
195 2631 327 2692 prealable
347 2633 371 2681 la
391 2632 500 2679 validite
518 2636 545 2679 et
562 2631 665 2680 l'utilite'·
686 2634 718 2679 de
735 2633 806 2678 leurs
823 2636 896 2679 actes
909 2631 1030 2692 publics,
1047 2635 1081 2688 et,
1096 2647 1147 2692 par

143 2695 289 2751 extensior,
304 2694 375 2741 droit
389 2693 543 2741 d'observer
556 2709 599 2740 ces
613 2695 708 2754 signes.
724 2694 773 2740 Les
786 2695 941 2750 dictateurs,
955 2693 1070 2751 consuls,
1085 2694 1145 2754 pre-

145 2758 225 2812 teurs,
239 2757 404 2818 proconsuls,
419 2757 601 2816 propreteurs,
616 2760 643 2803 et
655 2757 791 2816 peut-etro
804 2755 841 2802 les
856 2757 966 2802 maitres
979 2755 1011 2800 dc
1026 2755 1144 2802 155515-

142 2813 206 2864 lerie
218 2817 323 2864 avaient
333 2817 371 2864 les
382 2817 501 2879 auspicia
515 2817 637 2865 murima.
650 2817 699 2864 Les
711 2817 792 2864 ediles
806 2817 910 2863 curules
921 2817 992 2863 51155
1002 2820 1145 2877 questeurs

144 2878 181 2926 les
198 2877 316 2940 auspicia
335 2879 447 2926 minora.
462 2879 502 2926 On
520 2880 637 2939 appelait
650 2878 770 2940 auspicia
783 2878 869 2924 aliena
883 2879 921 2925 les
934 2877 1057 2938 auspices
1070 2877 1143 2924 dele-

143 2940 206 3000 gues
216 2955 264 3001 par
276 2954 310 2986 un
329 2941 468 3001 magistrat
481 2942 495 2986 a
508 2955 556 2987 son
568 2941 740 2988 subordonne'
753 2944 780 2986 51
793 2941 858 2986 dont
874 2941 977 2986 celui-ci
991 2940 1062 2985 115511
1074 2954 1147 2999 pour

142 3001 166 3047 le
186 3006 291 3062 compte
309 3005 336 3048 et
351 3017 413 3049 sous
429 3003 454 3048 la
472 3002 677 3063 responsabilite'
694 3003 729 3048 du
749 3002 885 3049 mandant.
904 3001 970 3047 Voir
987 3016 1019 3047 au
1037 3001 1146 3062 texique

143 3061 319 3110 obnuntiatio.
338 3091 368 3098 -
386 3064 551 3113 Censores.
572 3064 622 3110 Les
643 3078 777 3122 censeurs,
798 3064 950 3124 depourvus
972 3061 1146 3123 d’imperium

142 3122 210 3186 (voir
221 3140 250 3172 ce
261 3128 318 3172 mot
333 3139 365 3171 au
378 3126 501 3186 lenique),
516 3128 563 3172 ont
579 3127 625 3172 des
640 3125 763 3186 auspices
779 3140 847 3185 pour
858 3125 973 3185 lesquels
991 3124 1091 3170 1511115
1109 3125 1144 3170 de

143 3185 255 3233 maxima
271 3191 311 3234 est
323 3190 463 3248 purement
480 3186 654 3249 honorifique.
671 3214 701 3222 -
714 3188 898 3235 Praetores.
914 3187 979 3231 Voir
991 3200 1024 3232 au
1037 3186 1146 3246 lexique
1193 3225 1197 3233 .

138 3246 223 3309 judea
240 3251 268 3297 et
275 3251 396 3320 praetor.
409 3276 439 3284 —
456 3249 593 3299 Vitiant.
608 3249 692 3296 Toute
709 3249 851 3295 infractior
870 3263 920 3294 aux
936 3247 1020 3308 regles
1035 3249 1087 3294 soit
1106 3249 1144 3293 du*
1223 3246 1227 3259 ²

141 3310 227 3366 rituel,
246 3313 300 3358 5011
318 3310 351 3357 de
370 3310 395 3356 la
417 3311 616 3371 'urisprudence
636 3310 769 3371 augurale,
790 3309 929 3356 constate'e
953 3324 1000 3370 par
1024 3309 1141 3370 l'augure

141 3373 267 3419 assistant
279 3387 313 3418 ou
328 3371 433 3418 deleres
446 3373 523 3433 apres
536 3386 604 3433 coup
622 3387 654 3419 511
673 3372 782 3432 college,
798 3391 808 3413 a
822 3372 914 3417 viciait
927 3390 938 3412 u
954 3371 992 3417 les
1008 3372 1140 3431 auspices,
1223 3413 1227 3428 ,

141 3438 168 3481 et
179 3434 323 3481 entrainait
334 3448 384 3493 par
397 3434 465 3481 suite
478 3435 502 3480 la
515 3433 609 3481 nuilite
622 3435 668 3480 des
686 3438 758 3480 actes
771 3433 916 3492 accomplis
930 3447 992 3479 sous
1008 3433 1032 3479 15
1046 3447 1141 3493 garan-
1225 3475 1227 3487 ,

142 3495 176 3542 115
188 3496 235 3542 (155
250 3495 372 3555 auspices
385 3495 476 3542 vicie's.
494 3495 543 3542 Les
556 3495 684 3543 electioris
698 3495 775 3542 saites
793 3509 826 3542 ou
840 3495 878 3540 les
895 3494 945 3540 lois
963 3495 1056 3540 votees
1074 3495 1142 3541 dans

140 3570 182 3604 ces
201 3558 353 3604 conditions
373 3557 497 3604 (levaient
516 3559 571 3604 1115
590 3557 759 3604 considere‘es
774 3571 876 3603 comme
895 3570 947 3602 non
967 3570 1091 3603 arenucs.
1111 3583 1141 3590 —

141 3619 280 3680 Rogare,
294 3617 359 3665 c'est
375 3621 549 3680 proprement
565 3618 685 3679 presider
702 3617 876 3674 l'ussemble'e,
890 3632 969 3678 parce
982 3632 1032 3687 que
1045 3617 1069 3664 le
1083 3617 1142 3677 pre-

140 3680 228 3727 sident
238 3680 344 3727 ouvrait
354 3680 379 3726 15
388 3681 482 3726 seance
496 3695 527 3727 en
540 3680 661 3728 dormant
673 3681 698 3726 la
710 3681 811 3728 lecture
822 3680 855 3726 dc
867 3679 892 3726 la
906 3679 1019 3742 rogatio,
1033 3693 1066 3726 ou
1079 3693 1142 3740 pro-

138 3742 255 3803 position
267 3743 382 3788 soumise
393 3743 408 3788 a
418 3741 591 3790 l'assemblee.
1092 3743 1093 3746 ’

557 3910 715 3961 -2211-
