2698 4234
224 165 309 222 403.
323 165 395 222 Les
404 159 633 233 prestatione
648 164 696 218 du
707 160 816 218 devln
829 159 996 218 moreius
1011 160 1049 215 et
1060 158 1116 215 les
1129 161 1229 216 Jeux

594 249 855 319 Apollinatres.

315 337 364 402 (De
375 337 443 387 vatia
454 336 549 387 Marcii
559 337 726 386 carminibus
739 339 764 386 et
777 336 809 386 de
824 334 897 386 ludia
909 333 1134 400 Apollinaribus.)

165 435 206 498 2ο
263 433 308 490 Eo
325 435 484 511 tempore*
498 431 582 492 edita
598 437 671 490 sunt
686 430 749 490 duo
761 429 899 490 carmina
915 427 1035 502 Marcii,
1051 428 1130 488 vatis
1143 427 1231 486 illus-

222 528 288 590 tris.
308 529 437 589 Priore*
450 527 622 588 Cannensis
634 527 737 588 clades
750 526 899 607 praedicta
910 526 942 585 in
955 526 1022 586 haec
1033 527 1096 585 lere
1106 526 1118 550 ¹
1132 523 1231 608 verba

220 632 288 685 erat
303 643 311 687 :
328 629 486 686 «Amnem
497 629 519 700 *,
537 625 710 703 Trojugena
721 629 743 698 ¹,
763 624 835 702 iuge
848 622 1001 696 Cannam,
1021 643 1059 682 ne
1073 631 1104 682 te
1118 621 1233 682 alieni·

219 743 307 802 genae
324 730 437 800 cogant
455 723 487 781 in
508 743 618 802 campo
639 721 822 782 Diomedis*
838 741 999 780 conserere
1020 740 1140 780 manus.
1166 718 1231 778 Sed

220 839 322 900 neque
349 803 455 880 credes
480 827 515 879 tu
551 819 637 892 mihi,
651 819 763 879 donec
784 818 948 899 compleris
969 817 1117 896 sanguine
1139 837 1229 875 cam-

220 937 306 997 pum,
324 917 483 998 multaqne
499 916 584 976 milia
597 916 698 975 occisa
709 917 782 976 tua*
792 915 910 976 deleret
924 915 1024 975 amnis
1034 916 1066 974 in
1077 920 1210 994 pontum
1219 917 1232 940 ¹

218 1033 365 1091 magnum
382 1035 419 1073 ex
435 1023 516 1074 terra
530 1013 695 1092 frugifera:
713 1013 848 1093 piscibus
865 1020 958 1094 atque
969 1011 1078 1073 avibus
1091 1011 1232 1091 serisque

219 1129 290 1188 quae
304 1109 446 1170 incolunt
461 1119 567 1182 terras,
583 1111 620 1170 iis
634 1111 719 1170 fuat*
734 1131 803 1169 esca
818 1130 890 1170 caro
902 1119 956 1170 tua
969 1112 976 1170 1
999 1109 1077 1169 Nam
1093 1108 1167 1168 mihi
1181 1109 1232 1167 ita
1327 1175 1329 1188 Ι

218 1206 365 1287 luppiter
378 1208 461 1267 latus
475 1216 561 1270 est».
584 1208 725 1267 Alterum
749 1227 872 1267 carmen
892 1207 1053 1267 obscurius
1063 1209 1087 1281 *,
1108 1211 1139 1265 et
1157 1226 1232 1285 per·
1327 1193 1329 1228 Γ

221 1303 363 1383 plenius*
376 1305 538 1384 scripturae
553 1325 675 1384 genere.
694 1305 849 1374 «Hostes,
870 1304 1013 1378 Romani,
1034 1303 1059 1362 si
1074 1300 1231 1381 expellere
1293 1313 1295 1320 “

220 1398 327 1473 vultis,
352 1401 503 1461 vomicam
536 1422 605 1481 quae
641 1401 804 1480 gentium*
835 1401 922 1460 venit
952 1401 1054 1478 longe,
1089 1399 1229 1480 Apollini

220 1498 379 1557 vovendos
401 1519 512 1558 censeo
533 1498 634 1573 ludos,
660 1499 716 1578 qui
742 1497 909 1578 quotannis
934 1498 1065 1558 comiter
1089 1497 1230 1576 Apollini

220 1595 312 1669 fiant;
329 1615 399 1654 cum
411 1596 549 1676 populus
564 1595 684 1655 dederit
698 1617 735 1655 ex
750 1595 895 1676 publico*
904 1602 1035 1675 partem,
1051 1594 1162 1675 privati
1178 1595 1229 1652 uti

218 1691 401 1752 conterant*
419 1713 476 1772 pro
499 1714 530 1752 se
550 1701 642 1773 atque
667 1693 745 1767 suis;
769 1693 806 1751 iis
825 1693 907 1752 ludis
925 1692 1075 1752 iaciendis
1102 1691 1228 1771 praeerit

217 1789 354 1868 praetor*
379 1789 404 1848 is
429 1790 482 1871 qui
498 1791 550 1870 jus
582 1790 719 1869 populo*
752 1790 913 1869 plebeique
942 1789 1030 1849 dabit
1057 1809 1225 1848 summum.

217 1885 392 1945 Decemviri
412 1907 512 1965 graeco
532 1887 594 1945 ritu
614 1888 724 1946 hostiis
749 1907 834 1946 sacra
858 1887 986 1947 saciant.
1010 1886 1078 1946 Hoc
1099 1885 1228 1944 sirecte
1327 1953 1328 1960 ,

217 1983 348 2056 iacietis,
368 1984 542 2061 gaudebitis
553 2005 684 2063 semper,
703 1985 816 2063 licique
831 2005 878 2043 res
894 1990 996 2042 vestra
1007 1983 1136 2056 melior;
1154 2003 1226 2040 narn

217 2095 243 2154 is
259 2079 373 2139 Divum
390 2081 564 2160 exstinguet
578 2081 752 2160 perduelles
769 2089 887 2140 vestros
899 2081 951 2162 qui
965 2088 1084 2139 vestros
1098 2100 1228 2159 campos

217 2176 332 2256 pascit*
345 2177 465 2255 placide
478 2203 504 2240 ›>.
523 2179 572 2237 Ad
590 2179 621 2237 id
642 2199 763 2237 carmen
789 2178 1015 2257 explanandum
1031 2177 1112 2236 diem
1128 2189 1226 2235 unum

218 2284 416 2352 sumpserunt
431 2294 437 2348 ;
457 2284 581 2355 postero
597 2276 647 2334 die
665 2284 791 2334 senatus
802 2275 977 2334 consultum
995 2275 1111 2334 lactum
1131 2275 1228 2332 estut

217 2369 405 2429 decemviri*
418 2373 455 2431 de
472 2373 555 2432 ludis
566 2372 703 2452 Apollini
717 2393 811 2452 reque
822 2372 927 2431 divina
943 2372 1082 2431 facienda
1095 2370 1228 2451 inspice-

219 2476 289 2527 rent
301 2470 323 2528 '.

241 2565 282 2612 N⁰
290 2564 356 2614 403
365 2567 423 2614 :Eo
431 2567 585 2627 tempore,
594 2582 624 2612 en
637 2564 854 2619 212.-Priore,
864 2569 944 2614 sent.
955 2565 1082 2614 carmine.
1094 2566 1221 2616 -Fere

218 2626 353 2672 Tite-nive
363 2643 394 2672 ne
403 2629 455 2674 cite
466 2633 688 2688 pascxactement
698 2629 720 2674 le
730 2633 810 2675 texte.
822 2629 941 2674 Voirnos
950 2628 1070 2676 Eutraits
1078 2628 1113 2674 du
1123 2627 1226 2675 theatro

220 2688 265 2734 lat.
312 2703 359 2749 age
378 2694 416 2736 88.
434 2717 463 2724 —
485 2689 629 2738 Amnem.
652 2689 785 2746 L'Aufidc,
803 2691 847 2752 qui
865 2705 943 2751 passe
964 2691 1025 2751 pres
1052 2690 1085 2736 de
1111 2689 1215 2737 Cannes

219 2703 320 2796 semble
332 2748 408 2797 s'etre
421 2751 531 2797 d'abord
542 2752 635 2812 appclc'
649 2753 748 2798 Canna.
765 2779 794 2786 -
810 2752 994 2813 Trojugeua
1011 2771 1041 2793 =
1053 2751 1179 2798 Romane.
1196 2777 1227 2786 —

220 2811 256 2859 ln
275 2823 389 2871 campo
407 2811 573 2862 Diomedis
591 2814 676 2862 :dans
692 2815 729 2860 les
744 2814 855 2875 charnps
872 2814 905 2859 de
922 2811 1103 2874 l'Apulie,01'u,
1119 2813 1224 2860 suivant

218 2872 244 2920 la
261 2869 381 2933 legende,
401 2874 529 2920 Diomede
542 2875 599 2922 vint
613 2891 640 2921 se
653 2876 718 2922 fixer
728 2875 805 2936 apres
818 2876 842 2922 la
852 2890 946 2938 guerre
963 2875 995 2922 de
1012 2874 1099 2922 Troia.
1111 2902 1141 2910 -
1153 2875 1226 2924 Tua

218 2936 376 2981 :tuorum
392 2962 422 2970 -
440 2937 576 2985 Pontum
597 2951 602 2983 :
621 2952 775 2998 remarqucr
795 2953 838 2984 ces
868 2937 1038 2998 expressions
1061 2937 1225 2999 poetiques:

220 2999 293 3042 terra
316 2995 461 3059 frugifera,
482 2997 623 3059 compleris
643 2999 783 3060 satiquine.
805 3026 830 3033 -
853 2999 939 3048 Fuat
958 3018 988 3040 =
1002 2999 1050 3057 sit;
1071 2999 1224 3060 archaique.

219 3083 250 3094 —-
273 3056 464 3118 Obscurius,
489 3074 568 3119 parce
592 3060 654 3121 qu'il
678 3049 754 3122 slagit
777 3061 809 3107 de
828 3059 945 3108 l'avenir.
968 3087 997 3095 -
1018 3058 1224 3122 perplexius,

218 3119 320 3166 semble
344 3120 467 3180 designer
496 3122 586 3181 plutbt
616 3121 812 3183 l'orthographe
839 3122 982 3184 archaique
1006 3123 1042 3168 du
1071 3125 1146 3170 texte
1173 3135 1226 3192 que

219 3180 374 3229 l'obscuritc'·
387 3183 422 3228 du
436 3183 514 3244 style.
530 3209 557 3218 -
569 3183 729 3241 Gentium,
743 3185 849 3254 dipcnd
862 3185 894 3231 de
916 3183 994 3246 longe
1013 3203 1044 3226 =
1063 3198 1095 3230 eu
1117 3183 1227 3247 longin-

218 3242 282 3351 ἕως
294 3243 430 3306 pentibus.
441 3271 471 3278 —
480 3244 530 3292 Ex
538 3243 669 3306 publico
683 3247 818 3307 (aerario).
831 3244 925 3296 -un
938 3245 1225 3307 conferantdepend

239 3319 252 3351 e
267 3319 368 3352 censeo.
382 3333 412 3340 —-
427 3305 574 3364 Praetor,
593 3307 617 3352 le
631 3307 896 3368 p1·eteuru1·bain.-
908 3308 1030 3368 Populo
1043 3307 1223 3368 plebeique,

220 3367 308 3414 vieille
325 3367 438 3415 formale
455 3368 500 3428 qui
524 3372 644 3415 remonte
662 3369 677 3414 d
698 3368 818 3430 l'cpoquc
839 3371 873 3416 ob
893 3369 1011 3431 populus
1037 3383 1069 3416 ne
1091 3368 1224 3430 designait

219 3443 272 3488 que
296 3430 334 3476 les
356 3430 509 3490 patriciens¹
529 3456 558 3464 -
578 3430 700 3480 Pascit.
723 3431 743 3476 ll
766 3432 843 3491 s'agit
865 3429 1017 3538 d'Apollon.
1035 3456 1066 3464 -
1092 3431 1226 3480 Decem·

219 3489 286 3538 viri
309 3504 315 3537 :
340 3491 379 3537 lcs
401 3490 546 3538 decemviri
563 3491 647 3538 sarria
667 3491 811 3552 sarciendis.
835 3491 900 3539 Voir
927 3507 941 3538 a
965 3491 1071 3538 version
1091 3493 1223 3540 suivante.

220 3551 270 3598 Les
288 3553 373 3599 cultes
391 3552 554 3614 helleniques
576 3553 803 3600 s'introduisirent
822 3554 837 3600 a
857 3554 949 3611 Rome,
971 3557 1045 3601 entre
1064 3555 1109 3599 ⁴⁴³
1124 3556 1153 3601 et
1169 3557 1223 3610 293,

225 3614 229 3626 ι
347 3630 353 3642 s
457 3629 462 3638 ἱ
487 3614 491 3628 ι
516 3629 522 3642 1
589 3630 593 3638 1
617 3616 642 3644 ι’
701 3629 706 3640 ‚
877 3618 884 3641 s
1066 3629 1073 3640 ,
1155 3615 1160 3628 ¹
1194 3616 1199 3624 ·

220 3614 1227 3738 t>uttuf⁵ptun¹ulu⁰tutuillitu?*ttlnbilntf‘tft'u

223 3737 330 3779 surtout
359 3735 477 3793 pendant
496 3733 666 3782 l'atl'olemcnt
690 3738 734 3796 qui
755 3737 837 3782 suivit
856 3737 893 3783 les
914 3738 1040 3784 victoires
1064 3736 1088 3784 d'
1117 3737 1225 3784 annibal

223 3807 274 3852 qne
287 3792 325 3839 les
337 3795 485 3861 ddcernvirs
499 3794 524 3840 S.
540 3795 568 3840 F.
580 3795 658 3842 fiuent
669 3798 747 3857 appel
767 3813 817 3844 aux
833 3798 918 3845 cultes
936 3799 1083 3848 orientaux.
1108 3823 1136 3836 -
1156 3798 1227 3848 Ins·

220 3851 370 3912 picerent
382 3853 478 3915 (libros
491 3854 654 3918 sibyllinos).
