2698 4242
353 174 411 232 28.
432 175 600 232 Pertrait
616 173 841 231 d’Hannihal

420 270 467 332 (De
487 270 647 318 Hannibalis
668 270 778 333 indole.)

135 412 253 472 Missus
276 411 453 472 Hannibal*
477 412 509 470 in
526 413 706 493 Hispaniam
723 413 823 492 primo
849 412 951 471 statim
965 412 1099 472 adventu
1119 409 1161 470 2Ἰ

96 530 217 568 omnem
243 509 411 569 exercitum
434 510 464 568 in
485 531 516 568 se
538 511 703 569 convertit.
728 510 932 569 Hamilcarem
953 509 1100 589 juvenem

96 606 251 664 redditum
261 606 319 664 sibi
329 607 733 673 veteresmilitescretlere*;
747 607 903 666 eumdem*
918 607 1053 684 vigorem
1070 607 1101 664 in

97 703 182 761 vultu
225 703 350 782 vimque
383 703 413 760 in
442 703 552 773 oeulis
584 703 724 762 habitum
755 704 817 763 oris
854 703 1102 784 lineamentaque

96 800 220 860 intueri.
231 799 311 858 Dein
326 800 412 858 brevi
428 800 527 860 effecit
542 809 576 859 ut
588 809 676 880 pater
686 801 776 859 inse*
788 801 950 860 minimum
965 822 1102 859 momen·

96 905 158 956 tum
177 896 216 956 ad
233 897 371 956 favorem
394 898 621 958 conciliandum
643 906 733 957 esset.
752 897 926 976 Numquam
944 899 1101 975 ingenium

94 993 174 1054 idem
197 994 235 1053 ad
256 1015 304 1052 res
325 994 562 1065 diversissimas,
583 995 751 1074 parendum
766 1003 857 1074 atque
874 995 1100 1073 imperandum,

95 1091 229 1150 habilius
245 1090 314 1151 luit.
335 1092 443 1170 ltaque
458 1091 540 1150 haud
555 1091 643 1150 laeile
666 1092 871 1151 discerneres*
887 1100 990 1151 utrum
1007 1093 1102 1172 impe-

94 1188 188 1249 ratori
212 1209 251 1246 an
273 1188 422 1247 exercitui
444 1189 544 1247 carior
563 1196 659 1259 esset3
687 1209 785 1268 neque
811 1189 985 1248 Hasdrubal
1007 1189 1105 1248 alium¹
1141 1208 1148 1219 ⁴
1182 1210 1185 1216 ’
1230 1212 1237 1222 r

14 1305 15 1308 ’
93 1305 281 1366 quemquam
304 1285 459 1363 praeficere
483 1285 584 1356 malle,
606 1285 659 1344 ubi
679 1286 753 1366 quid
776 1281 903 1346 sortiter
918 1308 953 1346 ac
977 1296 1101 1346 strenue

94 1383 250 1460 agendum
266 1383 378 1452 esset*‚
396 1403 496 1462 neque
509 1382 622 1442 milites
637 1383 697 1441 alio
713 1383 868 1463 duceplus
883 1384 1102 1444 confidereaut

94 1480 220 1540 audere.
244 1478 416 1538 Plurimum
435 1479 572 1538 audaciae
596 1479 632 1537 ad
653 1480 789 1560 pericula
814 1482 1009 1559 capessenda,
1035 1482 1101 1560 plu-

92 1579 206 1636 rimum
236 1576 358 1634 consilii
389 1576 470 1635 inter
496 1578 561 1655 ipsa
590 1576 725 1656 pericula
756 1586 822 1635 erat
851 1595 857 1636 z
889 1577 973 1635 nullo
997 1578 1101 1637 labore

92 1683 145 1734 aut
164 1693 279 1753 corpus
298 1673 432 1751 fatigari,
455 1681 509 1732 aut
530 1674 650 1732 animus
668 1674 751 1732 vinci
771 1681 902 1752 poterat.
924 1674 1044 1734 Caloris
1065 1697 1101 1735 ac

93 1770 217 1849 frigoris
232 1769 383 1849 patientia
399 1789 470 1849 par;
489 1770 550 1828 cibi
566 1771 763 1850 potionisque
783 1771 935 1829 desiderio
955 1773 1098 1844 naturali,

92 1889 152 1928 non
182 1865 356 1945 voluptate,
380 1867 490 1926 modus
509 1867 635 1938 finitus3
654 1867 852 1944 vigiliarum*
868 1869 1028 1947 somnique
1044 1890 1100 1928 nec

92 1965 139 2025 die
163 1984 222 2022 nee
249 1972 340 2022 nocte
367 1963 576 2022 discriminata
604 1972 754 2043 tempora.
785 1964 819 2022 ld
847 1965 929 2044 quod
959 1966 1100 2043 gerendis

92 2061 186 2120 rebus
217 2066 392 2139 superesset
422 2061 518 2140 quieti
544 2061 677 2121 datum:
705 2082 738 2120 ea
768 2083 867 2142 neque
890 2061 974 2121 molli
1003 2071 1100 2122 strato

92 2179 192 2238 neque
236 2156 360 2219 silentio
403 2158 558 2216 arcessita.
595 2159 741 2238 Equitum
775 2159 976 2239 peditumque
1019 2161 1099 2218 idem

90 2256 181 2333 longe
209 2254 328 2334 primus
353 2261 418 2313 erat
441 2273 448 2314 :
478 2255 621 2334 princeps
642 2256 672 2312 in
697 2257 841 2334 proelium
857 2257 944 2316 ibat:
972 2257 1099 2316 ultimus

93 2359 240 2412 conserto
273 2351 384 2431 proelio
431 2351 608 2410 excedebat.
647 2354 710 2411 Has
742 2361 842 2412 tantas
875 2354 933 2411 viri
971 2355 1099 2414 virtutes

96 2449 235 2528 ingentia
263 2447 338 2506 vitia
374 2448 552 2527 aequabant3
577 2449 745 2508 inhumana
769 2451 944 2521 crudelitas,
970 2452 1098 2531 perfidia

93 2546 165 2627 plus
184 2566 277 2626 quam
291 2545 403 2625 punica
413 2547 435 2612 *,
459 2546 536 2603 nihil
557 2547 632 2619 veri,
653 2546 727 2603 nibil
750 2549 858 2618 sancti,
882 2549 985 2607 nullus
1006 2549 1097 2608 deum

92 2649 207 2713 metus,
225 2641 344 2700 nullum
357 2641 586 2721 jusjurandum,
605 2643 687 2702 nulla
701 2643 838 2720 religi0*.

117 2783 148 2832 N
150 2791 159 2810 ⁰
176 2781 220 2834 28
234 2797 240 2830 τ
249 2781 428 2834 Hannibal.
436 2783 474 2831 Cl.
482 2783 506 2830 le
516 2785 630 2844 portrait
638 2783 714 2846 qu'en
723 2787 772 2832 ont
781 2785 860 2832 laissd
872 2785 1018 2835 l'historien
1026 2789 1097 2838 Dion

88 2845 199 2893 Cassius
219 2847 246 2891 et
264 2843 345 2916 Silius
362 2843 470 2916 Italicus
488 2845 608 2917 (Punica,
626 2846 647 2904 1,
664 2846 727 2918 212).
748 2847 815 2894 Voir
830 2852 909 2918 ‘notre
925 2851 1095 2927 Antholpgie‚

88 2906 928 3029 tua{bibl}llllltttllltdtllllassistit?
941 2913 1095 3032 libili&
1153 3008 1161 3022 .

87 3028 202 3076 infinitil
214 3029 246 3076 de
261 3029 427 3090 description
442 3045 476 3077 ou
492 3031 524 3077 de
539 3032 683 3078 narration.
704 3059 730 3066 —
750 3032 907 3082 Eumdem
922 3049 950 3082 se
970 3041 1096 3098 rapporte

88 3091 161 3138 aussi
176 3090 190 3136 a
205 3090 329 3138 habitum
341 3094 368 3138 et
377 3092 392 3137 a
402 3091 570 3140 lineamenta.
585 3093 675 3152 -Se,
692 3096 719 3141 et
730 3108 783 3141 non
797 3109 826 3143 eo
841 3093 921 3144 :e'est
931 3113 967 3145 un
985 3098 1034 3145 but
1044 3113 1095 3160 que

88 3150 152 3200 s'est
169 3152 285 3213 proposi
301 3151 444 3200 Hannibal.
462 3180 489 3188 -
505 3153 731 3215 hisembertus,
745 3157 875 3217 potentiel
890 3157 1024 3216 dnoneant
1044 3174 1095 3208 une

88 3215 171 3261 chose
196 3213 330 3275 supposee
359 3215 477 3274 possible
503 3215 569 3263 dans
593 3216 617 3263 le
642 3216 729 3277 passe.
749 3243 776 3252 -
802 3217 897 3268 Esset
919 3222 1093 3283 agendum,

88 3290 192 3322 comme
207 3275 268 3336 plus
280 3275 329 3322 bas
342 3277 501 3386 superesset,
517 3277 666 3339 subjonctif
679 3279 711 3324 de
721 3278 875 3340 rdpe'tition,
892 3281 1016 3343 frequent
1029 3284 1095 3331 dans

88 3336 233 3385 Tite-Line.
249 3363 279 3372 -
294 3336 370 3399 Vigi
384 3336 501 3388 larum.
520 3339 541 3385 Il
555 3354 588 3388 ne
603 3340 712 3388 divisait
727 3355 775 3401 pas
789 3355 836 3388 son
851 3344 938 3404 temps
952 3359 983 3391 en
1000 3345 1094 3393 heures

89 3399 120 3445 de
132 3398 212 3444 veille
227 3401 254 3446 et
268 3413 301 3446 en
317 3399 411 3447 heures
426 3399 459 3446 de
472 3401 601 3460 sommeil‚
625 3400 729 3463 d'apres
749 3403 773 3449 la
795 3405 948 3452 suecession
966 3408 1094 3454 naturelle

89 3461 123 3506 du
142 3461 207 3521 jour
221 3462 248 3508 et
263 3459 295 3507 de
310 3460 334 3507 la
357 3462 422 3509 nuit.
442 3461 614 3512 —Puulca.
631 3463 668 3510 La
689 3465 826 3512 mauvaise
843 3466 880 3512 loi
913 3467 1011 3528 unique
1030 3468 1095 3517 e¹tait

90 3521 258 3582 proverbiale
279 3523 294 3569 a
321 3523 412 3570 Rome.
434 3548 461 3557 -
484 3523 622 3596 Religio.
647 3526 732 3586 Apres
754 3528 830 3574 avoir
847 3528 899 3575 cite
919 3543 948 3576 ee
970 3531 1093 3591 pertrait,

91 3583 186 3644 Duruy
197 3582 274 3644 (Hist.
289 3583 335 3631 des
348 3583 432 3643 llam,
446 3584 467 3640 1,
482 3586 535 3646 540)
547 3591 638 3646 aJoute
651 3589 706 3635 ceci
721 3602 727 3634 :
742 3608 753 3631 a
768 3589 903 3636 Tite-Live
917 3593 1026 3653 exagere
1040 3607 1094 3638 cer-

90 3645 236 3692 tainement
246 3645 284 3692 les
294 3646 366 3692 vices
378 3644 546 3706 d'Hannibal,
559 3652 586 3696 et
598 3650 616 3696 il
626 3665 659 3696 ne
670 3652 724 3696 met
737 3665 769 3697 en
782 3651 859 3697 reliel
867 3666 918 3712 que
931 3652 969 3700 les
980 3653 1094 3714 qualitds

92 3707 124 3752 du
137 3707 234 3755 soldat.
250 3705 390 3756 L'histoire
403 3709 436 3755 de
448 3708 473 3756 la
486 3712 600 3757 seconde
616 3726 708 3772 guerre
720 3711 840 3773 Punique
853 3727 886 3759 va
897 3728 964 3763 nous
976 3719 1094 3763 montrer

93 3768 112 3812 le
124 3767 209 3830 grand
221 3769 361 3830 capitaine.
375 3789 386 3812 n
400 3770 587 3833 Montesquieu
601 3772 721 3835 l'appelle
734 3774 758 3822 le
769 3774 873 3822 eolosse
886 3775 918 3822 de
933 3773 1091 3838 l'antiquitd.

529 3925 668 3972 Aa...
