2756 4238
276 139 361 198 288.
375 142 446 199 Les
462 129 653 202 delateurs
664 144 810 203 chatie's
821 158 893 214 par
905 145 1057 215 Trajan.

339 245 386 309 (De
399 247 567 296 delatoribus
584 249 886 314 TraJ'anussupplicium
896 249 1000 314 sumit.)

205 405 347 465 Vidimus
385 408 579 468 delatorum*
607 431 715 488 agmen
746 410 777 470 in
816 413 959 470 arenam*
995 409 1167 482 inductum,
1185 409 1252 492 2⁹·

164 504 255 580 quasi
282 513 500 582 grassatorum,
521 509 608 586 quasi
639 507 804 569 latronum.
831 507 914 567 Nihil
934 507 1061 586 gratius
1090 505 1169 565 nihil

165 599 289 659 saeculo
317 601 452 679 dignius,
481 625 573 683 quam
596 605 680 684 quod
708 605 840 682 contigit
873 605 1024 684 desuper*
1056 604 1169 663 intueri

168 695 343 756 delatorum
360 701 467 778 supina
483 721 536 764 ora
551 709 743 781 retortasque
758 703 905 762 cervices.
919 701 1170 778 Agnoscebamns

170 801 200 851 et
212 793 401 868 fruebamur,
417 817 486 855 cum
505 796 591 856 velut
611 799 781 877 piaculares
801 799 932 878 publicae
953 797 1170 856 sollicitudinis

169 889 311 964 victimae,
334 913 426 972 supra
451 895 633 972 sanguinem
661 895 824 954 noxiorum
852 895 888 953 ad
914 895 997 953 lenta
1019 893 1170 972 supplicia

166 987 386 1069 gravioresque
402 1011 508 1069 poenas
522 991 718 1053 ducerentur.
737 991 883 1069 Congesti
902 999 974 1050 sunt
992 991 1024 1048 in
1041 989 1170 1066 navigia

164 1084 276 1162 raptim
295 1087 468 1166 conquisita
484 1109 519 1147 ac
532 1089 765 1169 tempestatibus
776 1089 873 1150 dediti
891 1106 898 1148 ε
919 1088 1069 1166 abirent*,
1085 1086 1170 1163 sager

168 1187 238 1238 rent
252 1191 388 1241 vastatas
411 1184 618 1244 delationibus
645 1193 758 1258 terras;
777 1207 812 1246 ac
834 1186 858 1242 si
879 1204 971 1264 quem
996 1185 1106 1254 fluetus
1136 1203 1170 1241 ac

163 1278 309 1354 procellae
320 1281 455 1359 scopulis
468 1290 685 1357 reservassent,
702 1282 751 1341 hic
761 1282 842 1340 nuda
857 1302 928 1340 saxa
942 1279 1167 1358 etinhospitale
1189 1361 1190 1364 Ἴ

170 1374 243 1434 litus
260 1377 411 1436 incoleret
429 1387 553 1456 :ageret
567 1379 674 1438 duram
689 1386 720 1438 et
734 1380 856 1438 anxiam
872 1379 979 1450 vitam,
1003 1377 1170 1456 relictaque

169 1480 240 1550 post
263 1481 383 1551 tergum
406 1476 502 1533 totius
528 1477 649 1553 generis
670 1469 796 1536 humani
821 1475 994 1545 securitate,
1018 1481 1168 1533 maereret.

164 1570 369 1629 Memoranda
394 1571 499 1645 facies,
526 1573 698 1632 delatorum
723 1574 828 1632 classis
852 1571 999 1652 permissa
1027 1571 1171 1628 omnibus

165 1668 280 1736 ventis,
299 1670 487 1746 coactaque*
508 1670 575 1728 vela
595 1670 830 1749 tempestatibus
849 1669 992 1748 pandere,
1015 1668 1170 1745 iratosque

166 1764 278 1822 [luctus
294 1765 391 1843 sequi,
409 1786 620 1846 quoscumque
634 1768 665 1824 in
683 1768 825 1846 scopulos
845 1763 1059 1824 detulissent*.
1075 1764 1171 1822 Juva-

163 1860 217 1918 bat
232 1870 427 1940 prospectare
439 1863 542 1921 statim
555 1884 572 1923 a
585 1871 676 1942 portu
688 1885 793 1943 sparsa
806 1863 940 1939 navigia,
952 1868 984 1920 et
998 1860 1080 1940 apud
1094 1859 1169 1917 illud

165 1959 265 2036 ipsum
291 1978 372 2016 mare
392 1980 480 2036 agere
511 1961 645 2040 Principi
676 1961 800 2038 gratias,
829 1962 893 2038 qui,
925 1957 1088 2016 clementia
1116 1978 1170 2014 sua

162 2054 259 2124 salva,
286 2055 434 2114 ultionem
456 2055 617 2115 hominum
640 2065 853 2136 terrarumque
881 2056 948 2114 Diis
967 2054 1060 2112 maris
1087 2073 1171 2111 com-

164 2152 351 2211 mendasset.
381 2153 537 2219 Quantum
564 2152 725 2228 diversitas
764 2162 939 2232 temporum
971 2159 1076 2230 posset
1103 2158 1168 2208 tum

165 2249 299 2308 maxime
311 2250 470 2327 cognitum
487 2257 543 2322 est,
562 2270 631 2309 cum
643 2251 751 2310 iisdem
768 2250 880 2329 quibus
897 2257 986 2308 antea
1003 2246 1170 2306 cautibus*

165 2345 436 2405 innocentissimus
456 2347 595 2427 quisque,
618 2354 692 2406 tunc
719 2347 955 2404 nocentissimus
975 2345 1166 2421 alligaretur3

164 2463 298 2521 cumque
313 2443 427 2501 insulas
440 2464 559 2516 omneS,
577 2465 652 2523 quas
668 2443 760 2502 modo
776 2449 963 2514 senatorum,
973 2441 1037 2520 jam
1053 2440 1170 2498 delato-

163 2560 234 2598 rum
250 2539 339 2598 turba
355 2540 534 2620 compleret.
960 2531 963 2540 ¹

196 2717 237 2766 Νο
250 2715 316 2767 288
331 2731 338 2766 2
354 2718 555 2767 Delatorum.
575 2718 650 2766 Dans
666 2719 705 2766 les
728 2717 899 2779 republiques
917 2716 1080 2784 anciennes,¹
1093 2714 1111 2760 il
1125 2711 1169 2774 n'y

164 2779 239 2826 avait
249 2779 305 2825 rien
322 2779 354 2828 de
368 2779 549 2827 deshonorant
561 2781 576 2826 el
588 2783 681 2842 porter
693 2781 708 2827 b
720 2780 745 2826 la
763 2780 953 2826 connaissance
972 2777 1005 2822 de
1031 2777 1056 2823 la
1070 2777 1168 2836 Justice

166 2841 205 2887 les
218 2840 324 2887 me'taits
335 2842 379 2902 qui
393 2842 538 2901 pouvaient
549 2843 623 2888 nuire
636 2856 688 2889 aux
698 2842 867 2903 particuliers
878 2856 912 2888 ou
926 2841 940 2886 b
954 2828 1042 2888 lutat.
1057 2837 1167 2906 Ciceron
1259 2845 1262 2896 ζ

163 2902 206 2948 dit
220 2901 282 2963 (Pro
293 2901 396 2962 Roscio,
409 2903 447 2962 20)
461 2917 465 2949 :
481 2922 492 2945 u
508 2903 684 2950 Accusatores
697 2902 794 2950 multos
805 2903 861 2950 e'sse
883 2901 911 2948 in
928 2900 1034 2948 ciuitate
1050 2899 1116 2946 utile
1129 2898 1169 2944 est

164 2965 196 3010 ut
212 2964 282 3010 metu
306 2964 476 3011 contineatur
496 2963 606 3012 audacia
629 2985 650 3013 s.
676 2966 699 3010 A
723 2966 807 3026 partic
825 2965 858 3010 de
878 2963 983 3020 Tibere,
1008 2961 1032 3008 la
1050 2960 1168 3006 deletion

162 3025 276 3072 devient
288 3040 339 3072 une
351 3026 502 3072 institution
515 3024 540 3072 d’
564 3028 604 3074 tat
616 3029 643 3074 et
655 3042 689 3073 un
702 3027 796 3073 iisetier
805 3025 952 3086 lucratilllc
963 3024 1083 3071 delateur
1094 3035 1168 3068 rece-

165 3087 223 3133 vait
234 3086 259 3133 le
271 3090 349 3148 quart
361 3089 407 3134 des
419 3088 495 3135 biens
506 3088 578 3134 desa
591 3088 718 3148 victime).
742 3089 797 3134 Elle
814 3087 949 3148 supprime
970 3100 1021 3147 peu
1042 3085 1055 3130 d
1073 3098 1123 3144 peu
1143 3083 1167 3130 la

163 3147 280 3195 securite
294 3150 359 3196 dans
372 3149 396 3196 la
410 3150 452 3196 vie
465 3150 498 3197 de
511 3150 610 3196 societe'
619 3153 645 3197 et
656 3165 689 3196 au
702 3151 757 3197 sein
771 3151 856 3196 niente
867 3149 899 3194 de
911 3149 935 3194 la
945 3147 1044 3194 lumille
1055 3145 1166 3205 (Tacite,

166 3210 247 3267 Aura,
257 3210 299 3268 lV,
312 3215 340 3256 28
352 3214 378 3257 et
391 3216 419 3256 60
430 3225 435 3268 ;
448 3211 550 3282 Apris,
563 3212 680 3272 2).,-1n
692 3223 828 3260 umnam
843 3225 849 3257 τ
863 3211 929 3256 dans
944 3207 1168 3269 l'amphitbe'atre,

163 3273 201 3318 ob
213 3272 251 3318 les
264 3273 398 3318 criminals
410 3273 573 3334 (nostorum)
585 3272 685 3320 etaient
697 3273 777 3319 livrbs
788 3287 839 3318 aux
852 3271 935 3318 betes.
953 3297 984 3305 —
1001 3271 1149 3329 Desuper
1161 3281 1167 3314 ι

164 3333 278 3380 allusion
296 3348 348 3380 aux
365 3335 472 3394 gradins
485 3335 518 3380 de
531 3332 750 3394 l'amphithe'atre.
766 3361 795 3368 -
812 3332 962 3392 Abirent,
976 3335 1003 3378 et
1016 3332 1053 3377 les
1071 3329 1168 3376 vcrbes

166 3395 288 3442 suivants
302 3410 307 3442 :
322 3411 355 3443 au
369 3395 437 3457 stylo
455 3396 577 3443 indirect.
593 3423 623 3431 -
636 3396 768 3451 Coacta,
785 3394 918 3442 s'accorde
937 3408 1000 3440 avec
1014 3390 1114 3438 classis.
1138 3417 1168 3426 -

164 3455 415 3506 Detulissentza
433 3473 500 3518 pour
516 3459 587 3516 sujet
604 3459 711 3520 fluctus,
733 3461 759 3504 ct
776 3471 849 3570 pour
873 3456 972 3516 regime
996 3453 1114 3500 classem.
1137 3477 1186 3488 -ι

165 3517 335 3568 Cautibus.
354 3519 393 3567 Cf.
409 3519 509 3566 Recine
529 3519 672 3580 (Britann,
695 3521 752 3566 Act.
791 3558 795 3577 ,
816 3533 851 3565 sc.
872 3523 894 3574 2,
918 3514 1097 3578 uers210):«
1118 3512 1168 3560 Les

164 3579 280 3638 deserta·
291 3581 419 3627 autrefois
432 3581 541 3642 peuples
552 3582 584 3628 de
594 3581 741 3638 senateurs,
753 3581 861 3630 Nesciit
873 3579 933 3641 plus
946 3577 1050 3625 habites
1061 3591 1111 3636 que
1120 3590 1170 3635 {aar

166 3643 236 3688 leurs
252 3643 385 3688 de'lateurs
399 3661 419 3688 o.
433 3643 481 3689 Les
497 3643 544 3689 llcs
559 3644 592 3690 de
610 3644 779 3704 deportation
797 3643 835 3689 les
852 3642 910 3702 plus
930 3653 1048 3687 connues
1068 3637 1169 3684 e'taient

166 3705 307 3762 Amorgos,
326 3703 422 3764 Gyaro,
441 3705 556 3762 Donusa,
578 3704 698 3766 Se‘riphe.
720 3704 758 3752 Ct'.
778 3703 891 3752 Juve'nal
914 3701 944 3764 (Ι,
970 3702 1007 3756 131
1031 3714 1037 3747 :
1058 3719 1072 3768 u
1091 3697 1168 3746 Ande

163 3763 271 3828 aliquid
290 3764 417 3812 brevibus
430 3765 525 3828 Gyaris
537 3767 562 3813 et
573 3780 678 3814 carcere
691 3765 812 3829 di9num,
825 3763 903 3812 Sinis
916 3777 971 3811 esse
983 3761 1085 3825 aliquis
1099 3778 1119 3807 o.
1203 3821 1217 3845 s

589 3939 623 3948 ...
642 3910 690 3960 291
711 3939 745 3947 -
