2696 4244
228 155 311 214 167.
332 157 511 213 Travaux
536 155 693 214 d'utilite'
715 157 886 226 puhlique
920 155 1106 225 entrepris
1122 167 1226 215 ,sous

529 246 747 314 l'empereur
774 246 919 304 Claude.

184 389 188 400 .
225 349 340 413 (Quanta
350 363 432 413 opera
443 349 572 398 Claudius
586 350 739 414 ¹imperator,
754 350 818 397 dum
831 348 1086 398 communiutititati
1098 345 1225 407 consulit,

630 429 813 492 exstruxerit.)

170 533 209 598 2⁹
263 535 346 594 Vicit
359 536 596 595 antecedentes*
609 556 755 615 aquarum
771 536 882 594 ductus
893 536 1096 594 novissimum
1107 535 1227 614 impen-

224 633 309 692 dium
323 634 423 712 operis
439 634 574 692 inchoati
590 655 606 692 a
623 633 720 692 Gaio*
732 633 862 700 Caesare,
877 641 908 692 et
922 633 1036 712 peracti
1051 653 1067 691 a
1081 631 1224 712 Claudio

224 729 410 807 Erogatum*
423 731 452 788 in
470 731 500 790 id
513 751 590 810 opus
606 731 779 789 sestertium
791 717 888 790 Ἦ).
909 730 997 798 Quod
1021 721 1048 790 si
1063 730 1130 810 quis
1155 727 1227 788 dili·

223 828 346 904 gentius
377 829 577 886 aestimaverit
611 848 758 906 aquarum
793 827 1013 886 abundantiam
1043 826 1227 907 inpublico

223 912 369 998 balineiS,
388 925 531 1004 piscinis,
559 924 714 997 domibus,
736 925 881 1004 euripis*,
901 923 1009 996 hortis,
1030 923 1225 994 suburbanis,

237 1021 524 1101 rillisspatioque*
554 1022 752 1080 advenientis
787 1029 959 1081 exstructos
979 1042 1078 1091 arone,
1106 1027 1227 1079 montes

225 1118 394 1196 perfossos,
412 1119 567 1179 convalles
585 1127 731 1198 aequatae,
749 1110 896 1178 fatebitur
910 1118 987 1177 nihil
1001 1118 1097 1194 magis
1114 1117 1228 1175 miran-

227 1214 302 1272 dum
330 1215 424 1274 luisse
454 1217 483 1274 in
510 1224 575 1275 toto
596 1217 669 1276 orbe
697 1224 858 1276 terrarum.
892 1216 968 1274 ltem
996 1214 1118 1275 Claudii
1148 1215 1229 1272 inter

225 1312 359 1370 maxime
373 1313 570 1372 memoranda
584 1313 726 1392 equidem
743 1312 882 1371 duxerim
905 1319 1041 1370 montem
1054 1311 1226 1390 perfossum

225 1409 263 1466 ad
292 1409 391 1469 lacum
426 1410 577 1468 Fucinum
603 1410 838 1482 emittendum*,
869 1408 1228 1488 inenarrabili-,prolecto

224 1506 392 1584 impendio,
411 1515 441 1565 et
459 1527 619 1585 operarum
636 1505 836 1565 multitudine
849 1527 904 1586 per
921 1513 968 1564 tot
983 1506 1100 1564 annos*
1126 1523 1132 1564 :
1157 1525 1228 1563 cum

225 1611 278 1661 aut
291 1603 456 1662 conrivatio
479 1624 639 1682 aquarum,
657 1624 716 1682 qua
731 1612 869 1662 terrenus
884 1623 973 1661 mons
993 1611 1068 1674 erat,
1089 1622 1228 1678 egerere-

225 1700 326 1758 turin
353 1701 468 1758 vertice
493 1700 653 1766 mechinia,
679 1708 732 1759 aut
755 1701 831 1759 silex
854 1700 1037 1761 caederetur:
1062 1700 1228 1778 omniaque

225 1806 308 1864 intus
323 1807 353 1864 in
371 1806 504 1864 tenebris
520 1806 637 1876 tierent,
657 1827 724 1886 quau
740 1827 840 1885 neque
855 1799 976 1885 concipi
992 1806 1095 1864 animo
1111 1805 1169 1863 nisi
1189 1805 1228 1863 ab

225 1903 262 1960 iis
278 1903 330 1982 qui
351 1903 466 1972 videre,
494 1923 592 1982 neque
610 1903 745 1962 humano
769 1924 907 1961 sermone
925 1903 1059 1961 enarrari
1086 1909 1226 1981 possunt.

225 2000 351 2058 Portum
380 2020 503 2078 quoque
529 1999 623 2058 Ostiae
650 2001 801 2058 exstruxit
828 1999 987 2071 ClaudiuS,
1017 1999 1228 2057 circumducto

225 2097 333 2154 dextra
345 2096 528 2175 sinistraque
545 2097 687 2155 bracchio
699 2101 721 2166 *3
737 2097 815 2156 etad
828 2097 986 2154 introitum
998 2095 1152 2175 protundo
1162 2095 1227 2175 jam

225 2193 289 2252 salo
304 2193 384 2252 mole
398 2193 543 2271 *objecta
568 2213 574 2253 :
594 2215 684 2272 quam
706 2215 766 2273 quo
785 2193 924 2252 stabilius
940 2193 1095 2262 fundaret,
1117 2214 1226 2252 navem

225 2297 295 2349 ante
321 2289 478 2361 demersit,
497 2311 556 2370 qua
581 2311 710 2366 magnus
737 2290 888 2349 obeliscus
909 2311 945 2349 ex
967 2291 1104 2369 AEgypto
1129 2290 1230 2350 luerat

225 2387 382 2456 advectus,
400 2387 616 2466 congestisque
629 2387 698 2466 pilis
712 2388 909 2466 superposuit
924 2387 1104 2446 altissimam
1121 2389 1228 2445 turrim

224 2484 255 2541 in
281 2485 455 2562 exemplum
479 2484 678 2542 Alexandrini
703 2484 805 2556 Phari,
830 2493 864 2542 ut
888 2484 926 2543 ad
948 2490 1116 2543 nocturnos
1142 2485 1229 2561 ignes

224 2602 347 2640 cursum
362 2582 484 2658 navigia
500 2582 678 2658 dirigerent.

254 2714 296 2764 N⁰
319 2713 382 2764 167
403 2729 408 2760 :
431 2713 672 2764 Antecedentes
694 2725 858 2776 equarum
877 2712 996 2763 duetus
1018 2715 1119 2776 :Aqua
1142 2715 1184 2776 Ap
1204 2713 1230 2761 ta

226 2775 368 2839 (construit
388 2791 420 2822 en
440 2781 484 2822 310
502 2790 543 2822 av.
558 2776 625 2823 J.-C.
644 2790 693 2836 par
712 2775 816 2836 Appius
834 2774 979 2835 Claudius),
1000 2774 1070 2822 Anio
1090 2776 1166 2823 vetus
1196 2790 1228 2822 en

225 2839 289 2898 271),
309 2841 330 2886 A
356 2852 388 2884 ua
411 2837 510 2899 Tepula
527 2837 569 2898 (en
587 2839 651 2898 127),
667 2839 746 2899 Aqua
766 2835 866 2884 Marcia
885 2837 927 2894 ten
945 2837 1008 2898 144),
1023 2839 1102 2899 Aqua
1114 2837 1187 2884 Jutiu
1202 2841 1231 2884 et

225 2901 302 2962 Aqua
345 2899 404 2962 irpo
418 2899 476 2962 (par
489 2899 607 2960 Agrippa
621 2914 652 2947 en
667 2903 694 2944 38
715 2902 742 2946 et
759 2914 790 2945 en
808 2901 856 2954 23).
875 2897 1004 2960 Claudey
1022 2899 1113 2960 ajouta
1133 2899 1228 2962 l'Aqua

226 2960 338 3008 Claudia
352 2965 378 3008 et
390 2961 477 3008 l'Anio
496 2975 569 3008 nova.
587 2987 618 2996 -
635 2958 714 3009 Gaio
729 2975 734 3008 :
749 2960 866 3021 Caligula
882 2960 972 3007 l'avait
985 2960 1137 3008 commencd
1151 2976 1182 3007 en
1201 2965 1229 3007 38

225 3038 281 3083 apr.
291 3023 306 3069 J
310 3022 358 3070 .-C.
369 3036 375 3079 ;
386 3023 484 3070 Claude
498 3023 615 3068 l'uchera
624 3026 747 3083 quatorze
757 3036 804 3068 ans
812 3022 872 3083 plus
882 3023 949 3069 tard.
959 3023 1184 3083 —Erogatum
1195 3023 1229 3069 La

226 3085 342 3144 depense
355 3084 451 3131 s'elcva
468 3085 482 3130 d
496 3088 637 3130 55.5oo.ooo
651 3087 788 3130 sesterces.
802 3109 832 3117 -
846 3083 981 3144 Euripis
995 3099 1001 3131 ι
1014 3086 1090 3130 canal
1103 3099 1137 3131 ou
1151 3099 1231 3131 cours

224 3146 300 3192 d'eau
314 3146 434 3192 artificiel
447 3160 515 3206 pour
532 3145 642 3192 deeorer
658 3160 710 3191 une
727 3143 799 3192 villa.
817 3172 847 3179 —
860 3145 1047 3207 spatioque.
1062 3145 1097 3192 Le
1114 3149 1180 3207 pont
1193 3146 1229 3192 du

226 3208 298 3255 Gard
316 3223 330 3254 a
350 3212 379 3252 59
399 3209 495 3255 metros
514 3207 547 3253 de
564 3207 685 3254 hauteur.
706 3232 735 3242 -
753 3206 975 3256 Emittendum
996 3222 1001 3254 :
1022 3205 1088 3254 c’est
1102 3222 1132 3254 ee
1150 3206 1230 3268 qu'on

225 3269 344 3330 appelait
365 3267 550 3325 emissaria,
576 3271 661 3315 sortes
684 3269 716 3314 de
737 3269 862 3316 conduits
880 3269 1028 3326 derivatifs,
1049 3271 1174 3315 couverts
1195 3284 1230 3316 ou

225 3331 395 3384 de'couvertS,
411 3331 455 3391 qui
471 3330 657 3377 conduisaient
669 3329 735 3376 l’eau
750 3331 798 3378 des
811 3331 865 3378 lacs
878 3345 924 3377 sur
935 3346 970 3377 un
986 3331 1086 3377 terrain
1099 3331 1159 3391 plus
1172 3331 1230 3378 bas,

225 3419 263 3462 —-'
271 3393 333 3441 Per
345 3393 394 3464 tot
406 3404 518 3466 annos.
533 3393 606 3466 lules
624 3391 705 3438 Cc'sar
716 3392 788 3438 avait
805 3406 890 3463 coneu
904 3392 1027 3500 leprojet
1044 3393 1076 3438 (le
1093 3395 1140 3470 cet¹
1154 3392 1232 3440 e'mis-

226 3453 1232 3577 {tlttltttttttttttttttttttntlttttttttttt‘tttlte

227 3577 351 3624 'Forlonia
367 3577 398 3624 l'a
417 3577 528 3624 terminc'
546 3592 577 3624 en
598 3580 664 3623 1874.
681 3575 701 3622 ll
718 3577 790 3623 avait
809 3581 821 3622 5
839 3576 994 3624 kilomdtres
1005 3577 1038 3623 de
1058 3578 1196 3639 longueur,
1217 3581 1231 3624 ⁴

228 3639 325 3685 m'etres
348 3640 381 3685 de
404 3640 518 3686 hauteur
541 3642 568 3685 et
592 3643 605 3684 3
629 3639 661 3684 de
684 3639 798 3699 largeur.
814 3637 878 3700 Plus
902 3640 935 3686 de
959 3642 1044 3686 30.000
1068 3639 1189 3685 ourriers
1213 3653 1233 3702 y

227 3700 315 3746 surent
332 3702 448 3761 occupes
469 3701 587 3760 pendant
606 3714 670 3746 onze
688 3714 744 3747 ans.
763 3699 804 3747 On
823 3701 874 3747 sait
893 3701 952 3762 qu'd
970 3699 1175 3762 l'inauguration
1197 3702 1232 3749 de

227 3761 379 3808 l'emissaire
394 3762 521 3823 Claudey
539 3762 569 3808 fit
586 3761 736 3809 combattre
753 3765 779 3809 et
796 3762 906 3823 egorger
918 3766 1003 3809 tenuo
1016 3762 1186 3810 condemnes.
1202 3789 1231 3798 -

227 3822 399 3884 Bracchio,
417 3823 464 3870 des
477 3822 571 3884 jettes.
586 3848 613 3856 -
631 3823 725 3880 Mole,
745 3837 781 3869 un
798 3823 875 3870 mole.

649 3921 805 3972 ssiee-
