2698 4234
275 187 360 245 342.
379 186 524 244 L'envie
542 186 727 244 s’attaehe
750 198 798 242 au
817 182 958 242 merite.

424 290 539 354 (Inuidia
553 291 686 338 virtutum
704 290 810 352 comes.)

236 450 344 529 AEsopi
356 449 479 528 ingenio
493 450 504 474 *
519 450 669 508 statuam*
684 469 813 528 posuere
830 447 938 520 Attici,
1132 441 1176 506 4⁰

237 547 449 625 Servumque*
464 546 655 606 collocarunt
667 547 800 604 aeterna*
816 546 846 604 in
862 543 938 617 basi,

238 643 345 704 Patere
368 643 493 702 honoris
508 644 621 702 scirent
635 651 668 701 ut
680 642 783 701 cuncti
799 642 890 708 viam.

237 741 301 799 Nec
314 740 442 818 generi*
457 740 562 812 tribui,
578 739 631 798 sed
647 739 777 797 virtuti*
793 738 931 816 gloriam.

236 837 385 904 Quoniam
401 839 590 915 occuparat*
606 836 702 895 alter*
719 843 752 894 ut
764 837 881 915 primus
896 835 986 908 foret,

237 934 282 992 Ne
295 933 378 992 solus
393 940 474 992 esset
486 933 602 1004 studui,
619 932 721 1012 quod*
734 930 896 1011 superfuit.

237 1031 344 1110 Neque
360 1030 448 1090 haec*
460 1030 588 1102 invidia,
606 1049 711 1088 verum
728 1036 774 1087 est
788 1027 955 1090 aemulati0.

239 1126 327 1194 Quod
344 1127 369 1184 si
385 1126 481 1185 labori
497 1127 608 1185 laverit
621 1127 763 1184 Latium*
778 1145 857 1193 meo,

240 1223 347 1282 Plures
364 1223 488 1281 habebit
500 1244 576 1303 quos
591 1228 728 1303 opponat
742 1221 897 1281 Graeeiae*.

237 1301 268 1378 §i
280 1320 358 1378 livor
368 1320 537 1379 obtrectare
553 1321 677 1379 curam*
695 1319 837 1389 volucrit,

238 1418 307 1476 Non
319 1425 420 1476 tamen
437 1417 546 1496 eripiet
562 1417 659 1475 laudis
674 1416 904 1476 conscientiam.

238 1515 269 1572 Si
285 1521 425 1572 nostrum
447 1514 582 1572 studium
597 1513 635 1571 ad
651 1533 739 1572 aures
751 1513 892 1593 pervenit
907 1513 1005 1590 tuas',

237 1611 277 1670 Et
290 1618 355 1670 arte
370 1611 456 1669 fictas
472 1612 590 1669 animus
606 1610 700 1670 sentit
713 1610 842 1682 fabulas

235 1706 363 1775 Omnem
382 1708 536 1786 querelam
555 1707 718 1766 submovet
733 1707 884 1765 felicitas*
901 1726 907 1766 :

235 1804 288 1863 Sin
303 1811 405 1862 autem
420 1805 555 1862 ravulis*
572 1804 682 1863 doctus
704 1805 838 1864 occurrit
853 1804 949 1877 labor,

235 1901 386 1961 Sinistra*
398 1922 477 1980 quos
493 1902 524 1959 in
540 1902 638 1960 lucem
653 1908 760 1959 natura
770 1900 891 1974 extulit,

236 1998 300 2057 Nec
313 1997 481 2079 quidquam
498 1999 651 2077 possunt*
666 1998 725 2056 nisi
741 1998 880 2056 meliores
895 2017 1030 2078 carpere,

238 2094 341 2154 Fatale
356 2095 483 2153 exitium
497 2096 590 2153 corde
605 2095 715 2153 durato
727 2095 821 2153 seram
835 2096 857 2164 *,

236 2191 342 2251 Donec
363 2192 516 2250 fortunam
532 2192 669 2250 criminis
685 2192 799 2271 pudeat
814 2191 871 2250 sui.

145 2358 187 2408 ΙΨ
200 2357 281 2408 342:
295 2359 405 2420 AEeopl
418 2358 547 2420 ingenio
559 2377 590 2400 =
605 2358 702 2420 AEsopo
719 2357 866 2420 inpenioso.
882 2358 983 2408 phedro
1002 2362 1116 2422 emploie

115 2423 231 2468 souvent
243 2434 287 2468 ces
300 2421 469 2480 expressions
482 2420 634 2467 abstraites.
653 2421 692 2468 Cl.
711 2418 784 2466 corvi
798 2421 901 2482 stupor,
920 2421 984 2468 colli
999 2422 1116 2485 torpitu-

116 2482 214 2529 dinem.
228 2482 267 2530 cf.
282 2483 397 2529 certains
409 2482 539 2544 proce'de's
552 2482 585 2528 de
597 2481 732 2528 l'ecrilure
742 2481 836 2528 artiste
849 2482 895 2529 des
904 2481 1042 2531 Goncourt
1053 2499 1058 2532 :
1070 2486 1118 2534 des

115 2545 352 2653 llilltllltt
370 2545 403 2591 a
417 2543 968 2655 illitati.&attaediatus
980 2546 1116 2655 alanta

115 2671 175 2714 tour
189 2621 251 2730 glires
263 2643 379 2728 Lisippe
391 2667 445 2728 (350
458 2682 499 2713 av.
514 2667 529 2714 J
534 2663 591 2726 .·C.)
607 2668 679 2712 avait
690 2665 731 2712 e'te
742 2619 837 2726 placei)
846 2641 894 2727 par
907 2667 1018 2716 l'artiste
1030 2623 1116 2717 malie

115 2730 215 2776 devant
230 2728 294 2776 celle
309 2729 356 2775 des
381 2732 440 2790 sept
466 2743 548 2789 suges.
569 2728 756 2777 -Servum
769 2748 799 2769 =
817 2727 878 2774 licet
892 2727 1073 2789 (oretseruus.
1086 2757 1116 2768 -·

115 2789 263 2839 Aeterna
275 2805 280 2838 ε
294 2805 323 2836 ce
337 2794 392 2838 mot
401 2791 479 2836 laisse
492 2790 618 2836 cntendre
632 2789 695 2850 qu'il
707 2805 724 2851 y
738 2791 810 2836 avait
822 2805 867 2836 sur
878 2790 902 2837 le
914 2791 1083 2852 pic'destalde
1091 2792 1116 2840 la

115 2857 204 2899 statue
214 2867 264 2898 une
274 2852 432 2913 inscription
448 2852 594 2899 destincea
610 2851 753 2912 perpetuer
768 2852 793 2899 la
812 2851 939 2899 memoire
951 2853 1073 2916 d'Esope.
1088 2879 1116 2891 -

116 2912 243 2963 Generi.
258 2914 292 2959 La
307 2914 444 2961 naissance
458 2913 524 2960 n‘est
537 2914 592 2958 rien
606 2915 640 2959 oli
653 2914 676 2960 la
687 2915 764 2960 vertu
780 2910 847 2959 n‘est
863 2929 911 2974 pas
925 2915 1066 2979 (Moliere).
1085 2943 1116 2953 -

115 2975 241 3024 Virtuti
259 2975 384 3036 :designe
403 2976 473 3022 aussi
492 2975 553 3021 bien
571 2975 608 3020 les
625 2974 740 3035 qualitas
760 2976 792 3021 de
806 2974 907 3035 l'csprit
924 2991 975 3037 que
988 2978 1067 3026 celles
1080 2979 1115 3026 du

115 3051 197 3084 coeur.
217 3063 245 3071 -
264 3036 455 3099 Occuparat
469 3051 474 3084 :
489 3037 682 3082 sous-entendu
701 3051 749 3083 me.
768 3036 806 3085 Cf.
823 3051 855 3082 en
871 3052 931 3098 gree
962 3039 1068 3094 φθάνειν,
1086 3065 1118 3076 -

115 3108 248 3158 Alter:
256 3107 379 3168 AEsopus.
394 3135 423 3141 —
435 3106 534 3168 Quod,
548 3105 693 3167 s'explique
703 3121 750 3166 par
761 3105 853 3154 studui
864 3121 896 3154 ne
904 3093 977 3155 solui
986 3110 1061 3158 esset.
1075 3110 1115 3157 Cf.

116 3171 152 3219 La
166 3169 295 3216 Fontaine
309 3169 343 3228 (le
355 3168 483 3227 Mennier,
502 3182 550 3215 son
562 3166 606 3228 fils
619 3170 643 3214 et
658 3168 735 3229 t'ane)
750 3183 755 3215 :
774 3188 785 3210 «ι
800 3168 836 3215 La
848 3168 932 3216 seinte
945 3174 1034 3219 estun
1049 3186 1117 3233 pays

84 3227 89 3238 “
114 3232 185 3293 pleiu
207 3232 240 3277 de
259 3230 582 3278 ter1·csdc'·sertes:Tous
604 3230 641 3276 les
658 3230 733 3289 jours
755 3244 804 3276 nos
826 3234 935 3278 auteurs
951 3247 970 3293 y
992 3232 1051 3280 lont
1069 3233 1116 3281 des

115 3293 290 3340 decouvertes
305 3311 325 3339 n,
340 3318 369 3327 -
384 3292 475 3341 Haec
485 3311 515 3333 =
528 3291 578 3337 hoc
588 3307 593 3348 ;
605 3291 738 3338 s'accortle
751 3306 799 3352 par
812 3294 956 3340 attraction
972 3309 1037 3341 avec
1049 3293 1117 3342 invi-

115 3354 167 3402 dia.
181 3379 211 3388 -
224 3353 357 3404 Latium
367 3374 397 3395 =
410 3351 529 3400 Romani.
541 3379 571 3388 -
583 3352 783 3402 Graeciae:
799 3353 905 3401 Graecis
921 3355 1009 3416 poetis
1023 3370 1029 3404 :
1042 3357 1068 3404 la
1080 3356 1116 3403 fin

114 3418 186 3463 dece
198 3429 323 3462 morceau
335 3415 403 3462 n'est
419 3415 498 3476 gnere
515 3415 643 3462 modeste.
661 3440 688 3449 -
706 3414 835 3474 Curam,
856 3415 1020 3478 metonymie
1033 3431 1040 3466 ε
1053 3432 1115 3465 mon

115 3478 181 3535 soin,
193 3477 243 3524 mis
256 3492 325 3538 pour
338 3491 343 3524 ε
358 3475 438 3524 l'ellet
450 3477 482 3524 de
494 3491 549 3523 mes
562 3477 642 3535 seins,
655 3491 716 3522 mon
728 3491 851 3536 ouvrage.
864 3503 892 3512 -
905 3477 1003 3528 Tuas.
1013 3479 1117 3529 Phedre
1141 3522 1144 3528 .

116 3538 244 3586 s'adresse
262 3554 294 3586 au
312 3539 422 3586 lecteur.
437 3564 464 3573 -
479 3537 637 3588 Felicitas
648 3537 733 3600 (mea).
750 3564 780 3573 -
798 3538 948 3588 Ravulis.
962 3540 1116 3590 Correetion

114 3602 147 3648 (lc
166 3600 255 3647 Havet
269 3615 274 3647 ε
286 3601 415 3661 critiques
427 3601 441 3646 el
454 3601 477 3647 la
496 3600 558 3646 voix
575 3600 697 3646 enrouee.
717 3625 746 3634 -
763 3599 914 3650 Sinistra.
934 3600 973 3649 Cl.
993 3602 1115 3662 Juvenal,

115 3663 148 3722 X,
167 3667 212 3708 129
224 3677 229 3710 :
243 3661 291 3709 Dis
312 3661 358 3709 ille
380 3660 499 3709 adversis
514 3660 630 3730 'penitus
647 3660 758 3724 satoque
775 3660 894 3710 sinistro.
906 3689 936 3697 -
948 3663 1016 3713 Nee
1028 3665 1117 3736 quid-

116 3737 215 3785 quam
233 3726 372 3786 possunt
388 3742 419 3765 =
431 3726 456 3770 et
470 3738 517 3786 qui
531 3737 584 3770 non
614 3724 706 3770 assunt
718 3722 868 3830 puidquam
879 3723 940 3772 nisi.
952 3725 973 3772 ll
986 3727 1119 3791 s'agitdes

117 3787 231 3834 envieux
256 3787 324 3833 dont
341 3786 414 3833 Pline
438 3784 558 3832 l'Ancien
601 3784 622 3832 it
646 3783 717 3846 (XVI
734 3785 754 3844 1,
774 3787 811 3847 1):
833 3803 844 3828 a
868 3799 918 3834 nec
938 3787 1022 3835 ullum
1045 3789 1116 3836 aliud

537 3944 692 3996 -345-
