2698 4242
362 171 421 229 23.
442 170 547 228 Prisc
568 171 612 226 de
631 173 742 226 Rome
760 183 831 238 par
849 169 906 226 les
919 171 1081 227 Gaulois.

497 266 528 327 (A
547 265 631 313 Gallis
651 267 823 329 expugnatur
845 265 945 328 Roma.)

162 383 203 446 3θ
259 383 424 453 Romani*,
451 402 488 440 ex
505 381 594 439 arce*
621 381 740 460 plenam
762 381 897 440 hostium
920 381 1033 440 Urbem
1050 391 1221 455 cernentes,

219 499 374 558 vagosque
389 491 445 558 per
459 478 523 536 vias
538 497 644 536 omnes
660 498 778 552 cursus,
803 499 872 536 cum
884 479 942 537 alia
954 486 1045 558 atque
1064 480 1121 538 alia
1137 489 1224 560 parte

218 597 298 634 nova
318 575 421 655 aliqua
445 575 547 633 clades
564 575 708 646 oriretur,
727 596 789 633 non
807 576 963 634 mentibus
985 576 1104 634 solum*
1121 579 1224 636 conci-

218 675 320 752 pere',
338 673 444 731 sedne
466 672 592 753 auribus
611 673 736 752 quidem
749 681 841 750 atque
860 673 958 731 oculis
974 673 1047 732 satis
1062 676 1224 733 constare*

217 777 371 848 poterant.
380 768 858 850 Quocumqueclamorhostium,
870 770 1033 829 mulierum
1043 792 1223 850 puerorum·

217 887 278 945 que
289 866 440 945 ploratus,
456 867 576 924 sonitus
590 867 733 940 tlammae,
744 874 774 924 et
786 866 889 958 fragor
901 867 1056 925 ruentium
1070 875 1222 928 tectorum

215 964 378 1022 avertisset
389 964 410 1033 *,
429 970 576 1042 paventes
599 962 637 1021 ad
661 963 764 1021 omnia
788 963 907 1021 animos
929 985 1044 1044 oraque
1067 973 1097 1023 et
1116 967 1223 1025 oculos

215 1059 392 1132 flectebant,
412 1059 499 1117 velut
514 1060 551 1118 ad
566 1060 776 1139 spectaculum
794 1081 811 1118 a
826 1061 951 1118 fortuna
967 1061 1059 1139 positi
1078 1063 1223 1122 occiden-

215 1159 255 1216 tis
278 1157 395 1236 patriae,
415 1177 471 1215 nec
493 1156 583 1215 ullius
602 1177 703 1215 rerum
721 1178 845 1215 suarum
873 1157 987 1245 relicti,
1017 1167 1221 1239 praeterquam

215 1273 392 1332 corporum,
405 1253 563 1311 vindices*
575 1272 582 1312 :
600 1261 686 1312 tanto
702 1260 773 1311 ante
785 1254 861 1312 alios
873 1254 1038 1312 miserandi
1049 1257 1156 1334 magiS,
1169 1259 1222 1337 qui

217 1371 362 1430 uniquam
378 1350 493 1408 obsessi
509 1357 592 1422 sunt,
610 1351 691 1429 quod
713 1350 871 1408 interclusi
890 1372 906 1409 a
924 1354 1021 1430 patria
1037 1352 1224 1413 obsideban-

216 1455 277 1520 tur,
293 1447 396 1506 omnia
409 1468 463 1506 sua
480 1455 640 1505 cernentes
654 1448 684 1504 in
705 1447 839 1506 hostium
863 1457 1026 1527 potestate.
1055 1450 1120 1528 Nec
1138 1459 1223 1511 tran-

215 1544 359 1622 quillior*
373 1565 434 1602 nox
442 1543 523 1604 diem
539 1551 601 1602 tam
612 1543 692 1602 foede
704 1553 804 1603 actum
819 1546 969 1624 excepit*,
980 1554 1032 1605 aut
1043 1546 1096 1605 lux
1109 1547 1223 1608 deinde

216 1649 338 1698 noctem
367 1641 536 1720 inquietam
558 1641 696 1700 insecuta
718 1649 781 1713 est;
804 1662 859 1699 nec
879 1641 975 1700 ullum
995 1652 1062 1702 erat
1085 1653 1220 1725 tempuS,

215 1737 329 1817 quoda
356 1757 445 1796 novae
467 1758 588 1817 semper
611 1738 705 1796 cladis
729 1738 859 1818 alicujus
879 1741 1054 1818 spectaculo
1074 1753 1230 1804 cessaret·

216 1835 300 1892 Nihil
326 1844 426 1892 tamen
437 1841 439 1848 '
449 1843 496 1893 tot
509 1836 628 1893 onerati
642 1843 733 1914 atquc
747 1835 849 1895 obruti
864 1837 951 1894 malis
967 1838 1139 1897 ssexerunt*
1154 1842 1222 1898 ani-

215 1953 293 2004 mos,
311 1933 396 2010 quin,
415 1932 471 1990 etsi
485 1933 588 1990 omnia
603 1932 734 1990 flammis
747 1953 782 1991 ac
797 1933 893 1991 ruinis
908 1935 1046 2013 aequata*
1056 1935 1219 2008 vidissent,

214 2028 377 2108 quamvis*
392 2029 514 2107 inopem
528 2049 719 2108 parvumque
731 2049 821 2108 quem
833 2030 980 2089 tenebant
995 2031 1114 2104 collem,
1128 2034 1222 2093 liber-

215 2126 271 2183 tati
300 2125 453 2196 relictum,
477 2126 592 2184 virtute
612 2125 828 2198 defenderent;
863 2135 893 2185 et
914 2127 990 2206 jam,
1017 2149 1086 2186 cum
1113 2131 1221 2190 eadem

215 2223 354 2302 quotidie
370 2222 554 2293 acciderent,
567 2222 651 2280 velut
661 2223 774 2281 assueti
791 2222 1146 2296 maliS,abalienave1·ant
1158 2231 1169 2250 *
1183 2229 1222 2286 ab

215 2340 306 2377 sensu
326 2339 427 2377 rerum
448 2340 573 2378 suarum
589 2319 718 2391 animos,
742 2340 826 2378 arma
847 2328 968 2379 tantum
990 2321 1166 2402 ferrumque
1189 2325 1222 2382 in

215 2417 342 2485 dextriS,
357 2416 444 2474 velut
459 2416 538 2475 solas
554 2416 698 2495 reliquias
714 2417 778 2496 spei
794 2437 867 2488 suae,
881 2417 1046 2478 intuentes

197 2529 281 2586 'dans
299 2553 346 2585 son
358 2538 443 2596 Essai,
457 2540 586 2600 reproche
601 2540 615 2585 e
630 2536 765 2586 Tite-'Live
781 2541 805 2586 la
818 2542 972 2588 monotonie
983 2543 1016 2589 de
1029 2557 1071 2589 ses
1089 2542 1170 2591 recits
1187 2546 1222 2592 de

215 2601 342 2656 bataillc.)
355 2627 385 2635 -
400 2600 517 2662 Terga.
539 2601 707 2648 Construisez
730 2616 735 2649 :
760 2604 834 2665 terpa
852 2617 927 2650 caesa
945 2605 1056 2665 (eorum)
1073 2604 1222 2666 impedien-

215 2662 388 2786 pqupttp'upam
406 2664 510 2709 suomet
532 2662 653 2724 ipsorum
674 2663 819 2710 certamine
836 2663 864 2710 in
887 2665 967 2712 turba
988 2665 1223 2727 (=1'encombre-

246 2804 286 2852 N⁰
298 2803 341 2854 23
355 2818 360 2850 z
375 2802 524 2852 Romani.
541 2805 627 2864 Apres
641 2804 699 2850 leur
718 2805 831 2852 victoirc
851 2820 897 2852 sur
915 2806 953 2852 les
971 2807 1052 2854 bords
1070 2808 1102 2854 de
1119 2807 1219 2867 l'Allia,

215 2867 253 2913 les
267 2865 377 2912 Gaulois
387 2880 413 2910 se
425 2865 541 2924 jeterent
556 2880 601 2911 sur
615 2865 706 2920 Rome,
720 2865 745 2912 la
757 2867 859 2927 prircnt
874 2868 945 2926 (saul
959 2868 983 2913 le
1001 2867 1140 2931 Capitale),
1157 2874 1185 2916 et
1195 2871 1222 2918 la

215 2929 343 2974 livrerent
354 2941 405 2972 aux
416 2927 543 2984 llammes,
556 2927 633 2987 apres
646 2927 721 2973 avoir
736 2928 868 2974 massacre
880 2929 918 2976 les
932 2929 1070 2977 senateurs
1088 2946 1133 2977 sur
1148 2931 1222 2979 leurs

215 2989 318 3036 chaises
329 2989 442 3035 curules.
455 3015 485 3022 -
495 2989 590 3046 Arce,
603 2990 627 3034 lc
638 2989 766 3049 Cupitolc,
781 2991 815 3036 oe
826 2989 913 3037 s'etait
926 2991 1041 3052 retugiec
1051 2992 1076 3038 la
1084 2993 1221 3054 J'eunesse,

215 3051 297 3111 etqui
309 3051 349 3096 lut
362 3049 444 3096 sauve
452 3065 500 3110 par
513 3049 627 3096 Manlius
642 3049 878 3112 (Capitolinus).-
892 3053 918 3101 N
921 3065 960 3100 011
978 3053 1082 3101 solum
1095 3058 1135 3102 est
1151 3070 1222 3116 pour

217 3127 270 3159 non
287 3111 375 3158 sotum
406 3126 467 3158 non.
491 3137 518 3146 ·-
544 3110 732 3172 Concipere,
754 3113 876 3175 employe'
896 3129 957 3161 sans
983 3114 1090 3176 regime,
1111 3117 1177 3164 dans
1195 3116 1222 3165 le

217 3188 278 3220 sens
296 3174 328 3219 de
346 3172 473 3235 copitare.
496 3199 527 3208 -
546 3173 703 3223 Constare
723 3194 753 3215 =
772 3174 873 3222 conscii
887 3189 952 3222 csse.
969 3203 998 3210 —-
1018 3175 1220 3228 Avertisset.

218 3235 276 3281 Une
294 3235 340 3280 des
356 3235 552 3295 particularites
570 3236 602 3281 de
620 3235 645 3282 la
665 3239 777 3296 syntaxe
800 3237 833 3282 dc
854 3237 1001 3294 Tite-Live,
1023 3237 1088 3285 c'est
1101 3237 1220 3300 l'emploi

217 3296 341 3356 frequent
353 3297 385 3342 de
397 3295 550 3356 l'imparsait
565 3312 599 3343 ou
615 3297 650 3343 du
672 3298 905 3359 plus-que-parlait
925 3299 961 3345 du
986 3299 1135 3360 subjonctif
1150 3316 1222 3362 pour

217 3373 340 3418 marqucr
357 3372 408 3404 une
425 3357 483 3404 idee
503 3359 535 3404 de
552 3358 696 3419 repetition
715 3374 765 3420 que
783 3360 806 3406 lc
817 3375 877 3420 grec
897 3361 1014 3422 exprime
1036 3375 1085 3422 par
1094 3361 1219 3424 l'optatil.

217 3447 246 3455 -
268 3419 432 3468 Vindices.
463 3418 602 3466 Vindicare
626 3421 652 3465 ct
672 3419 770 3467 vindex
794 3423 1073 3483 ma1·quenttouj0urs
1092 3437 1128 3470 un
1148 3423 1223 3472 droit

216 3496 251 3529 ou
264 3482 400 3528 maintenu
410 3495 444 3527 ou
459 3482 608 3541 reconquis.
622 3507 652 3516 -
666 3482 890 3543 Tranquillior
906 3498 934 3530 se
948 3488 1075 3545 rapporte
1094 3485 1109 3532 e
1126 3499 1179 3531 noe
1193 3490 1223 3533 et

217 3545 231 3590 e
253 3543 307 3589 lna.
325 3568 357 3577 -
375 3542 522 3602 Excepit.
543 3543 706 3604 llcmarquer
723 3548 794 3592 cette
817 3545 895 3602 sapon
919 3545 952 3592 de
992 3546 1060 3592 arler
1083 3545 1220 3608 poetique,

217 3605 283 3651 ainsi
304 3619 354 3665 que
374 3605 443 3650 deux
459 3603 543 3663 lignes
565 3606 625 3664 plus
645 3605 693 3652 bas
721 3620 726 3653 :
751 3620 853 3653 cessare
872 3622 896 3654 a.
918 3633 944 3641 -
995 3607 1157 3656 lexerunt.
1178 3607 1221 3655 On

217 3668 355 3712 reconnatt
367 3666 429 3712 bien
443 3665 468 3711 le
480 3665 504 3712 la
522 3665 641 3728 pravitas
655 3672 682 3714 et
701 3668 725 3714 la
739 3667 896 3725 constantia,
910 3669 955 3730 qui
968 3672 1016 3716 ont
1028 3669 1077 3716 fait
1089 3669 1122 3716 de
1136 3668 1222 3718 Rome

217 3728 242 3774 la
255 3730 392 3774 maitresse
403 3729 438 3774 du
451 3731 555 3774 monde.
570 3753 597 3762 -
610 3728 761 3789 AEquata,
776 3731 966 3777 sous-entendu
978 3729 1044 3778 solo.
1059 3758 1089 3766 —
1102 3731 1222 3790 Quam-

217 3790 269 3839 vis
288 3809 318 3830 =
337 3787 519 3852 quantumvis.
542 3815 572 3822 -
593 3789 888 3840 Abalienaverant.
912 3792 995 3838 Leurs
1016 3794 1089 3840 ames
1113 3793 1223 3842 avaient

211 3865 319 3898 comme
332 3852 416 3912 perdu
426 3851 450 3897 le
461 3851 606 3898 sentiment
619 3851 651 3898 de
663 3851 734 3899 leurs
747 3867 857 3914 propres
872 3853 1016 3901 calamites.

651 3933 790 3982 ..24-
