2658 4244
115 194 178 253 52.
198 195 344 264 Scipion
361 181 531 260 Emiltem
545 196 781 252 destruction
791 196 835 251 de
851 193 1049 259 carthago.

221 309 269 371 (De
281 308 404 372 Scipione
416 309 570 370 AEmiliano,
583 311 608 357 et
618 310 650 358 de
663 309 754 357 diruta
769 306 951 372 Carthagine.)

121 457 159 518 P.
187 460 293 540 Scipio
329 460 542 533 AEmilianus*,
566 461 614 518 vir
637 461 729 520 avitis
756 460 791 520 P.
823 457 958 518 Africani
982 446 1139 535 pater-4³

80 551 192 633 nisqrie
211 557 244 615 L.
271 556 370 616 Paulli
395 558 562 617 virtutibus
584 558 768 628 simillimus,
792 556 938 614 omnibus
957 550 1028 610 belli
1050 567 1084 606 ac

80 656 164 728 togae
191 652 317 714 dotibus
345 654 522 735 ingeniique
546 675 582 713 ac
610 655 783 713 studiorum
803 644 1085 725 eminentissimus*

80 748 188 806 saeculi
206 750 264 816 sui,
281 751 460 810 aedilitatem
476 760 595 831 petenS,
615 751 722 810 consul
741 760 861 809 creatus
881 755 937 807 est.
965 744 1083 804 Bellum

80 843 278 926 Carthagini,
291 849 355 927 jam
368 855 438 907 ante
447 848 604 907 biennium
615 870 631 907 a
641 848 795 928 prioribus
807 843 1005 906 consulibus*
1020 838 1086 898 illa-

80 946 161 1010 tum,
190 943 307 1022 majore
325 946 356 1002 vi
382 945 498 1017 intulit,
527 966 596 1007 cum
621 953 692 1004 ante
719 945 750 1002 in
780 942 931 1022 Hispania
955 935 1085 997 murali*

79 1056 210 1110 corona,
227 1041 259 1097 in
273 1042 376 1101 Alrica
398 1042 603 1101 obsidionali*
616 1046 747 1100 donatus
770 1048 860 1112 esset,
886 1040 917 1097 in
937 1033 1085 1114 Hispania

80 1154 158 1194 vero
171 1137 264 1195 etiam
278 1160 314 1196 ex
331 1141 566 1218 provocatione,
583 1140 648 1219 ipse
669 1139 810 1198 modicus
828 1137 952 1205 virium,
978 1133 1086 1190 imma-

80 1232 130 1289 nis
147 1233 370 1311 magnitudinis
386 1235 505 1295 hostem
520 1235 951 1312 interemisset.Eamdemque
967 1229 1084 1298 urbem,

79 1330 181 1406 magis
203 1331 320 1391 invidia
343 1334 464 1412 imperii
486 1354 577 1413 quam
603 1334 714 1392 ullius*
732 1333 800 1412 ejus
826 1329 974 1409 temporis
987 1326 1086 1385 noxiae

79 1425 215 1485 invisam
231 1428 372 1489 Romano
390 1431 518 1502 nomini,
542 1429 681 1489 funditus
703 1430 838 1498 sustulit,
864 1427 998 1505 fecitque
1025 1442 1087 1481 suae
1119 1477 1129 1498 ,

80 1522 210 1582 virtutis
233 1535 479 1599 monumentum,
498 1527 582 1607 quod
608 1527 708 1586 iuerat
733 1527 782 1585 avi
803 1525 869 1604 ejus
886 1521 1085 1582 clementiae*.

80 1619 243 1698 Carthago
256 1623 357 1682 diruta
373 1632 419 1682 est
434 1646 503 1684 cum
519 1625 654 1683 stetisset
664 1625 757 1683 annis
771 1622 916 1682 sescentis
930 1619 1088 1695 sexaginta

78 1722 238 1795 septem*;
256 1741 326 1778 cum
342 1743 401 1800 qua
421 1742 475 1801 per
499 1743 595 1781 annos
614 1728 737 1780 centum
756 1728 787 1779 et
802 1718 976 1800 quindecim
993 1714 1089 1794 maj0-

80 1813 170 1872 ribus
186 1818 301 1874 nostris
312 1826 366 1877 aut
381 1819 494 1877 bellum
512 1828 566 1878 aut
581 1818 651 1877 belli
665 1819 847 1898 praeparatio
857 1823 909 1874 aut
920 1813 1014 1872 infida
1030 1831 1089 1890 pax

81 1910 154 1970 luit.
181 1913 289 1992 Neque
305 1936 336 1973 se
357 1915 466 1984 Roma,
481 1917 543 1995 jam
562 1925 710 1974 terrarum
733 1915 806 1973 orbe
830 1919 984 1992 superate,
1002 1929 1089 1968 secu-

82 2027 151 2065 ram
174 2013 312 2089 speravit
325 2012 400 2075 lore.
418 2013 441 2071 si
460 2033 570 2071 nomen
587 2034 716 2092 usquam
738 2011 848 2070 stantis
864 2015 1000 2067 maneret
1015 2006 1090 2065 Car-

81 2104 233 2184 thaginis.
251 2108 338 2167 Adeo
352 2110 454 2169 odium
475 2111 638 2169 obstinatis
652 2119 753 2170 ortum
769 2107 988 2167 certaminibus
1010 2103 1089 2162 ultra

80 2211 204 2262 metum
231 2205 332 2276 durat,
353 2214 383 2265 et
406 2227 443 2265 ue
465 2207 496 2265 in
512 2207 641 2267 victoria
655 2207 777 2285 quidem
795 2205 970 2284 deponitur,
991 2221 1089 2280 neque

79 2310 158 2359 ante
181 2301 301 2361 invisus
322 2303 419 2362 hostis
435 2324 499 2362 esse
513 2304 624 2362 desinit
639 2325 728 2382 quam
746 2324 811 2360 esse
826 2301 949 2360 desiit*l

113 2478 159 2527 N⁰
185 2479 229 2529 52
252 2492 259 2527 τ
280 2478 389 2541 Scipio
408 2479 612 2534 AEmilianus
632 2479 673 2526 fils
694 2480 728 2526 de
755 2478 817 2526 Paul
841 2477 932 2531 Emile,
956 2478 1029 2523 avait
1047 2474 1091 2522 dte

81 2540 243 2601 adoptdpar
251 2540 276 2587 le
285 2541 385 2589 second
395 2541 436 2589 fils
447 2543 479 2588 de
488 2541 596 2603 Scipion
603 2541 748 2588 l’Alricain.
758 2538 1090 2607 —Eminentissimum

82 2601 180 2649 Grand
198 2602 363 2650 admirateur
384 2603 417 2650 de
439 2603 465 2650 la
484 2603 645 2650 civilisation
660 2616 783 2664 grecque,
806 2601 872 2648 ainsi
894 2615 945 2661 que
968 2613 1016 2648 son
1039 2613 1090 2645 amr

86 2663 202 2719 Laelius,
217 2664 235 2710 il
248 2663 383 2712 s'entoura
395 2665 428 2712 de
440 2665 534 2713 lettres
547 2668 574 2712 et
587 2665 619 2712 de
633 2667 751 2721 savants,
764 2666 791 2712 ct
807 2661 933 2724 protegen
944 2662 983 2708 les
997 2661 1091 2723 poetes

85 2724 222 2772 Pacuvius
235 2728 264 2772 et
275 2723 401 2774 Terence.
414 2726 454 2774 On
468 2727 520 2775 seit
529 2725 606 2788 qu'en
620 2729 723 2790 voyant
736 2725 865 2786 Carthago
885 2722 1008 2771 s'ablmer
1025 2724 1091 2768 dans

84 2788 123 2834 les
136 2787 269 2846 ssammes,
283 2787 301 2834 il
314 2788 355 2835 fut
366 2788 422 2851 pris
434 2786 512 2836 d'une
525 2790 654 2836 immense
667 2789 795 2844 tristesse,
812 2790 840 2834 et
855 2800 914 2847 que,
934 2789 1063 2846 songeant
1077 2785 1091 2830 al

85 2848 198 2896 l‘avenir
215 2849 249 2896 de
269 2848 362 2907 Home,
381 2850 401 2897 il
419 2849 511 2912 repeto
530 2849 799 2956 nidlancolixquement
815 2849 915 2895 devant
931 2847 1033 2912 Pplybe
1053 2848 1091 2892 les

85 2925 148 2958 vers
170 2909 528 2974 d'HectortlAndromaque
551 2911 654 2973 (Iliade,
693 2910 1012 2978 Ι,118);”Εσσεταιὴμαρ
1033 2905 1091 2960 ὅταν

86 2981 147 3032 ποτ’
169 2974 255 3048 diutia,
276 2981 356 3042 ’Ἴλιος
375 2983 414 3051 ἱρή
439 2983 491 3036 Καὶ
517 2983 632 3053 Πριάμος
656 2985 696 3034 καὶ
710 2980 770 3042 λαὸς
800 2978 926 3050 ἐϋμμελίω
952 2979 1089 3048 Πριάμοιο.

86 3078 116 3086 -
131 3039 339 3111 Consulibus,
358 3055 465 3101 surtout
485 3067 534 3114 par
553 3053 710 3114 Calpurnius
725 3052 805 3099 Pison
821 3052 866 3112 qui
881 3050 961 3098 laissa
977 3048 1050 3111 perir
1067 3049 1091 3095 la

86 3113 237 3175 discipline.
253 3141 284 3148 -
296 3113 421 3164 Murali
434 3128 440 3163 :
452 3129 520 3176 pour
532 3115 608 3162 avoir
621 3114 722 3162 franchi
735 3115 759 3161 le
771 3113 886 3175 premier
902 3113 941 3159 les
960 3114 1092 3173 remparts

87 3173 165 3222 d'une
178 3176 243 3222 ville
261 3176 393 3223 ennemie.
413 3202 443 3212 -
464 3176 688 3226 obsidionali:
703 3191 734 3222 en
757 3178 810 3232 119,
833 3175 852 3221 il
874 3174 947 3221 avait
964 3173 1046 3221 seuve
1067 3174 1092 3220 lc

86 3237 604 3349 sariturastrictior
617 3235 1091 3349 tainaestimabilia

88 3361 166 3420 apres
184 3361 274 3412 Zama,
293 3314 428 3408 ndvoiilut
448 3377 496 3423 pas
507 3362 602 3409 laisser
622 3361 738 3408 detruire
756 3360 894 3420 Carthago.
908 3387 938 3394 -
951 3332 1091 3420 Septemi

90 3420 126 3468 La
143 3422 311 3469 destruction
325 3423 357 3470 de
375 3423 505 3486 Carthage
525 3422 602 3470 etant
618 3424 651 3470 de
666 3423 717 3470 l'an
731 3426 784 3480 llo,
797 3422 852 3469 cela
868 3421 946 3468 serait
957 3422 1094 3468 remonter

89 3497 119 3529 sa
134 3484 275 3531 fondation
287 3485 301 3531 a
313 3483 364 3531 l'an
387 3488 440 3533 813.
454 3485 493 3532 On
507 3486 532 3532 la
542 3485 591 3532 fait
603 3487 737 3532 remonter
749 3482 908 3530 d'ordinaire
919 3484 934 3530 a
946 3481 996 3530 l'an
1008 3487 1052 3528 860
1065 3485 1093 3528 et

89 3558 125 3590 on
137 3544 297 3592 l'attribuca
310 3545 408 3594 Didon.
423 3573 450 3582 -
470 3545 586 3596 nestit.
605 3547 699 3608 Duruy
714 3545 792 3607 (Hist.
811 3546 856 3593 des
872 3545 955 3604 Rom„
976 3544 1009 3600 Il,
1028 3543 1091 3603 110),

88 3607 262 3654 considerant
271 3622 321 3678 que
330 3607 459 3670 Carthage
468 3623 483 3655 a
493 3608 542 3656 tait
548 3622 600 3670 peu
609 3609 642 3656 de
652 3609 732 3656 chose
740 3605 976 3670 pourl'humanite‚
988 3605 1092 3652 declaro

89 3682 143 3728 que
156 3667 301 3730 «puisqu'rl
316 3669 400 3716 fallait
417 3669 513 3730 qu'une
530 3671 577 3717 des
594 3671 665 3718 deux
681 3671 756 3716 villes
770 3667 924 3732 disparot‚il
937 3665 980 3730 n'y
996 3667 1094 3728 apasa

90 3733 222 3790 regretter
234 3745 285 3792 que
301 3729 384 3778 Rome
395 3732 433 3779 ait
444 3731 486 3779 ete
503 3732 665 3780 victoricuse
680 3751 700 3774 »-

527 3947 664 3997 ,53-
