2658 4244
248 145 307 202 80.
322 143 477 201 Anteius
493 143 581 200 ouhe
596 144 630 230 ‚¹⁰
645 142 811 204 diadema
827 144 851 201 a
866 142 992 202 cesar.
1045 151 1047 158 ·

326 241 368 304 (M.
381 239 516 288 Antonius
532 239 654 287 diadema
667 239 776 287 Caesari
784 239 925 303 porrigit.)
1066 255 1076 286 e

161 357 314 416 Sedebat*
341 355 372 414 in
395 355 502 414 rostris
520 354 658 432 collega*
672 362 754 428 tuuS,
767 355 896 414 amictus
916 363 988 433 toga
1012 377 1126 435 purpu-
1142 352 1182 418 θ’

120 457 174 512 rea
182 456 205 526 *,
218 454 249 511 in
263 453 335 512 sella
346 473 447 522 aurea,
458 458 623 510 coronatus
634 453 655 508 *.
673 450 829 522 Escendis,
844 453 963 511 accedis
973 452 1011 511 ad
1022 453 1125 513 sellam

119 551 221 610 -ita
250 570 316 608 eras
344 553 500 629 Lupercus
509 550 531 622 *,
551 550 603 607 ut*
629 556 659 607 te
682 549 840 608 consulem
865 571 930 608 esse
952 550 1127 608 meminisse

120 648 250 706 deberes
267 682 317 718 -,
336 646 499 705 diadema*
514 645 660 704 ostendis.
676 644 839 707 Gemitus*
856 653 923 705 toto
938 647 1017 708 foro,
1037 647 1128 706 Unde

120 745 284 804 diadema?
304 743 373 801 Non
396 743 477 802 enim
503 742 658 822 abjectum
683 743 862 814 sustuleras,
896 743 949 802 sed
980 743 1127 802 attuleras

118 843 226 901 domo,
246 831 434 900 Meditatum¹
448 846 479 898 et
495 840 663 918 cogitatum
678 839 787 898 scelus
805 841 851 898 Tu
868 839 1010 899 diadema
1027 841 1127 919 impo-

118 939 215 998 nebas
239 957 310 997 cum
333 937 479 1016 plangore
501 935 632 1016 populi:
650 935 701 994 ille
728 957 797 995 cum
819 936 930 1016 plausu
955 937 1124 1017 rejiciebat.

117 1037 167 1094 Tu
192 1055 267 1113 ergo
285 1037 387 1106 unus,
410 1033 567 1103 scelerate,
601 1033 746 1103 inventus
775 1053 807 1091 es
836 1034 890 1112 qui
920 1054 991 1092 cum
1019 1041 1127 1093 auctor
1170 1023 1172 1030 ¹

119 1132 209 1210 regni
219 1151 312 1203 esses,
327 1151 408 1200 eum,
421 1150 512 1208 quem
523 1128 671 1206 collegam
681 1129 824 1202 habebas,
840 1129 999 1189 dominum
1014 1131 1127 1190 habere

117 1229 228 1301 velleS,
242 1228 347 1286 idem*
370 1233 536 1305 temptares
571 1226 645 1306 quid
660 1227 794 1306 populus
814 1226 973 1285 Romanus
998 1227 1077 1286 ferre
1096 1235 1128 1285 et

117 1326 185 1406 pati
200 1331 317 1405 posset.
333 1327 374 1384 At
385 1324 477 1382 etiam
503 1323 742 1407 misericordiam
765 1324 910 1402 captabas
928 1343 934 1384 :
950 1324 1080 1404 supplex
1096 1331 1126 1382 te

117 1423 159 1482 ad
177 1423 272 1502 pedes
294 1420 469 1501 abjiciebam
501 1420 582 1487 Quid
601 1423 731 1500 petens?
757 1427 790 1479 ut
812 1421 963 1481 servires?
982 1421 1051 1480 Tibi
1072 1421 1126 1480 uni

118 1521 271 1600 peteres*,
300 1518 352 1598 qui
378 1519 421 1576 ita
449 1537 466 1576 a
499 1537 594 1596 puero
613 1517 744 1589 vixeraS,
769 1524 804 1576 ut
823 1518 913 1576 facile
937 1518 1086 1578 servires:
1110 1539 1127 1578 a

119 1617 210 1674 nobis
228 1615 406 1696 populoque
418 1614 559 1674 Romano
574 1614 753 1682 mandatum
769 1615 800 1672 id
811 1621 893 1673 certe
906 1635 968 1674 non
981 1615 1125 1674 habebas.

119 1712 353 1792 Opraeclaram
382 1710 465 1769 illam
494 1711 701 1790 eloquentiam
730 1719 827 1782 tuam,
854 1731 924 1770 cum
950 1732 982 1770 es
1003 1711 1128 1770 nudus*

118 1809 335 1868 contionatus!
349 1807 430 1874 Quid
446 1807 504 1866 hoc
516 1807 658 1886 turpius?
674 1807 749 1887 quid
763 1807 904 1867 foedius?
926 1807 999 1888 quid
1013 1808 1128 1888 suppli.

118 1906 177 1966 ciis
199 1905 344 1965 omnibus
366 1904 512 1982 dignius?
530 1903 610 1971 Quid
630 1904 787 1981 indignius
802 1925 894 1984 quam
918 1905 1022 1962 vivere
1044 1926 1125 1977 eum,

118 2003 175 2083 qui
192 2001 377 2082 imposuerit
389 2000 541 2072 diadema,
560 2021 630 2059 cum
644 2021 749 2058 omnes
769 2000 925 2059 fateantur
940 2001 1011 2081 jure
1034 2001 1128 2061 inter-

119 2101 239 2159 fectum
258 2117 324 2158 esse
347 2098 400 2177 qui
422 2096 607 2177 abjecerit*‘?
630 2099 673 2156 At
693 2097 785 2156 etiam
812 2097 946 2156 adscribi
962 2098 1077 2177 jussit*
1095 2098 1127 2156 in

119 2197 210 2256 fastis
244 2195 283 2254 ad
314 2195 492 2274 Lupercalia
523 2212 530 2254 :
558 2194 593 2253 C.
629 2193 760 2253 Causam
794 2215 949 2253 nicrnrom
983 2217 1127 2255 ponesano

118 2295 167 2355 M.
196 2295 355 2352 Auroruuu
374 2311 522 2350 consuinu
545 2312 644 2350 rosum
679 2312 765 2350 iussu
796 2312 914 2350 nacnuu
939 2313 1091 2351 narumssn
1118 2311 1140 2352 :¹

119 2391 283 2452 Causennis
298 2409 347 2448 un
360 2409 507 2447 nonnissn.

150 2522 194 2572 N⁰
209 2521 253 2572 80
268 2535 273 2568 :
288 2520 441 2570 Sedehat.
458 2520 525 2567 Voir
538 2519 562 2566 le
575 2519 649 2567 Jutes
661 2519 742 2568 Cesar
754 2521 786 2566 de
804 2520 995 2582 Shakespeare.
1015 2549 1045 2556 —
1061 2520 1124 2572 col·

118 2585 209 2645 lega.
232 2582 314 2636 Cesar
336 2582 402 2630 etnit
423 2582 515 2630 consul
536 2596 602 2628 avec
626 2582 751 2629 Antoine.
775 2608 805 2617 -
821 2583 1004 2643 Purpurea,
1022 2584 1048 2630 la
1066 2588 1127 2644 toga

118 2645 292 2706 triomphale‚
331 2644 358 2690 ui
378 2644 419 2692 fut
431 2645 491 2706 plus
504 2644 565 2691 tard
578 2642 644 2691 celle
657 2644 704 2691 des
714 2658 875 2704 empereurs.
893 2644 929 2690 Le
943 2644 1019 2692 senat
1036 2643 1127 2693 l'avait

117 2705 278 2756 decerneea
296 2659 385 2754 Clsar.
401 2731 428 2741 —
439 2704 630 2755 Coronatus.
645 2704 696 2775 i'ar
710 2705 801 2752 decret
814 2706 849 2751 du
867 2705 952 2765 senat,
971 2705 1051 2754 Cesar
1063 2721 1127 2768 por-

118 2770 174 2818 tait
194 2767 319 2816 tou‘ours
337 2767 363 2815 la
385 2780 519 2814 couronne
539 2767 571 2814 de
587 2767 687 2814 launer
704 2765 759 2828 (qui
778 2767 883 2814 cachait
902 2782 932 2814 sa
951 2768 1068 2827 calvitie,
1086 2769 1127 2816 dit

118 2783 259 2893 Suetonel,
273 2831 301 2877 et
319 2829 358 2876 les
368 2828 444 2890 jours
456 2828 489 2875 de
502 2829 569 2875 fetes
581 2830 608 2876 et
620 2829 653 2874 de
663 2828 728 2889 jeux
743 2843 794 2875 une
811 2843 946 2876 couronne
959 2827 1016 2876 d'or
1027 2829 1125 2878 radiee.

117 2921 151 2930 —
168 2892 350 2953 Lupercus.
375 2890 502 2950 Autome,
527 2904 560 2937 en
584 2889 685 2950 qualite
708 2890 741 2936 de
763 2890 911 2951 Luperque,
937 2891 1028 2938 devait
1051 2892 1075 2938 le
1098 2896 1126 2938 15

118 2954 220 3002 savrier
229 2951 369 3016 parcourir
379 2952 404 2999 la
416 2951 505 2999 vieille
517 2951 579 2998 ville
590 2951 625 2998 du
639 2951 752 3008 Palatin,
766 2956 793 2998 et
805 2951 1025 3012 parconsequent
1035 2968 1128 3014 passer

118 3017 223 3064 devant
245 3015 271 3062 la
289 3013 406 3062 tribune.
426 3040 456 3048 -
477 3013 559 3063 lta...
574 3017 611 3061 ut
630 3026 635 3059 :
656 3026 718 3059 sans
735 3014 856 3069 doute„
870 3015 936 3060 mais
949 3016 978 3060 tu
991 3015 1079 3062 aurais
1091 3016 1127 3062 du

118 3083 146 3125 te
166 3076 303 3124 souvenir.
324 3101 353 3110 -
373 3074 543 3124 Diadema.
562 3074 641 3122 Cesar
651 3074 675 3121 le
693 3073 723 3120 nt
737 3075 827 3134 placer
844 3076 910 3122 dans
929 3076 953 3121 le
975 3079 1028 3122 tem
1049 3077 1073 3123 le
1094 3078 1128 3124 de

118 3137 276 3200 JupiterCa
296 3136 383 3195 itolin,
395 3137 451 3184 seul
463 3137 502 3183 roi
516 3136 552 3182 du
564 3134 782 3197 peupleromain.
799 3163 828 3170 —
848 3136 1004 3187 Gemitus.
1045 3153 1128 3186 emar-

119 3214 189 3262 quer
200 3200 240 3247 les
262 3152 307 3245 elli
327 3213 370 3246 ses
386 3200 413 3246 et
425 3197 525 3245 l'allure
540 3197 631 3258 rapide
647 3197 694 3244 des
704 3197 812 3257 phrases
828 3199 972 3246 suivantes.
991 3227 1019 3234 -
1038 3199 1127 3249 Idem

119 3277 148 3310 se
165 3213 326 3322 rapported>
336 3260 416 3308 tu.‘-
435 3259 579 3318 Peiores,
595 3258 745 3319 subjonctii
759 3273 827 3319 pour
844 3275 968 3319 marquer
983 3275 1034 3307 une
1055 3277 1127 3322 pres-

118 3324 158 3372 cri
181 3323 239 3369 tion
252 3336 286 3369 ou
295 3336 347 3369 une
357 3320 526 3369 exhortation
540 3320 585 3380 qui
596 3334 623 3368 se
631 3324 757 3380 rapporte
768 3324 898 3382 autemps
909 3321 987 3381 passe
998 3324 1127 3430 :petere

119 3386 152 3434 de
175 3383 247 3432 ebas.
258 3410 288 3418 —
298 3383 423 3432 Nudus.
434 3381 484 3428 Les
497 3382 650 3442 Luperques
680 3383 849 3429 arcouraient
861 3383 885 3428 la
899 3383 987 3429 vieille
996 3385 1031 3430 vil
1045 3400 1126 3444 enus,

119 3445 221 3495 frottes
233 3446 266 3493 de
278 3444 407 3506 partums,
420 3446 503 3506 ayant
520 3443 567 3490 des
579 3396 701 3490 sandalbs
713 3457 747 3490 uu
760 3444 830 3504 pied,
844 3447 871 3490 et
883 3446 977 3492 tenant
995 3461 1027 3491 en
1043 3447 1128 3494 mains

119 3511 168 3557 des
189 3507 303 3554 lanieres
327 3504 430 3552 taillees
449 3506 516 3552 dans
536 3503 562 3552 la
582 3519 651 3566 peau
675 3505 722 3552 des
748 3506 858 3552 chivres
877 3505 1047 3554 immoleesd
1072 3509 1126 3555 Pan

119 3569 247 3634 (lanieres
261 3581 327 3614 avec
342 3566 485 3628 lesquelles
501 3566 533 3613 ils
552 3567 702 3628 frappaient
718 3569 780 3613 tous
797 3567 835 3614 les
856 3570 999 3628 passants).
1017 3597 1047 3603 —
1066 3570 1127 3632 Qui

118 3628 287 3694 abjecerit
299 3643 305 3676 ε
317 3627 406 3675 Cesar.
430 3627 541 3676 Ciceron
558 3627 624 3676 etait
641 3626 712 3676 l’ami
727 3630 759 3676 de
776 3629 802 3676 la
819 3629 926 3689 plupart
945 3631 991 3676 des
1010 3633 1127 3691 tyranni-

119 3695 205 3742 cides.
218 3716 250 3725 -
261 3689 379 3740 «Iussit.
395 3689 466 3736 Dion
480 3691 528 3750 dit,
542 3704 576 3737 nu
589 3691 731 3750 contraire,
751 3705 802 3752 que
826 3689 890 3738 c'est
909 3705 957 3751 par
978 3689 1074 3739 l'ordre
1093 3693 1126 3739 de

119 3755 211 3804 Cesar.

207 3833 248 3874 Vie
261 3831 379 3884 Paulique
389 3830 425 3871 des
435 3831 556 3873 Romaim.
1036 3831 1049 3870 6

557 3892 694 3945 ,81-
