2696 4244
504 123 714 188 CHAPITRE
733 123 764 192 V

556 277 652 342 tcaput
668 276 708 342 ν.)

157 629 207 668 Lus
227 628 467 666 MAGISTRATURES
488 627 558 666 SOUS
578 627 615 666 LA
635 597 810 672 RE'PUBleUE
831 627 866 666 ΕΤ
888 627 958 666 SOUS
978 606 1109 665 L'uurlnss

134 756 182 820 (De
193 755 398 830 Mapiatratibus
412 758 469 804 tum
481 755 652 820 Reipublicae
668 757 724 804 tum
736 756 934 819 Imperatorum
947 753 1135 819 temporibus.)

133 1129 401 1192 221.consesss
421 1130 525 1199 deo.
547 1128 699 1188 cice'ron
720 1129 831 1187 ason
850 1129 951 1186 frere
970 1129 1135 1199 Marone,
1205 1145 1207 1150 ’

118 1241 121 1250 ·
409 1217 587 1275 candidat
608 1229 656 1274 au
675 1218 858 1275 consulat.

287 1357 341 1422 (Ad
350 1357 384 1406 Μ.
403 1357 431 1408 Τ.
446 1357 600 1406 Ciceronem
612 1357 644 1404 de
653 1356 786 1420 petitione
800 1356 977 1418 consulatus)

175 1661 215 1718 Et
237 1659 405 1719 amicorum
436 1659 604 1718 multitudo
628 1666 659 1718 et
687 1679 798 1737 genera
825 1664 1003 1738 appareant.
1032 1658 1135 1717 Habes
1151 1660 1195 1723 2·

134 1756 216 1814 enim
232 1776 267 1816 ea
282 1776 350 1836 quae
368 1755 461 1815 novi*
475 1755 564 1814 multi
578 1777 642 1815 ,non
662 1755 859 1816 habuerunt:
877 1776 982 1814 omnes
998 1755 1136 1834 publica-

136 1853 222 1926 nos*,
246 1861 347 1912 totum
375 1853 437 1911 lere
464 1854 658 1932 equestrem*
687 1853 838 1924 ordinem,
868 1852 964 1911 multa
986 1860 1137 1932 praeterea

135 1950 334 2029 municipia*,
362 1949 475 2008 multos
504 1949 557 2008 abs
583 1957 613 2008 te
639 1949 803 2008 defensos*
828 1950 979 2030 cujusque
1005 1948 1136 2019 ordinis,

129 2048 253 2130 aliquot
272 2046 418 2124 collegia;
440 2054 587 2125 praeterea
611 2047 714 2105 studio
730 2046 853 2105 dicendi
869 2047 1050 2105 conciliatos
1071 2045 1139 2124 plu·

136 2145 230 2202 rimos
244 2143 492 2202 adulescentulos
500 2145 522 2214 *,
539 2143 728 2203 cotidianam
740 2145 910 2202 amicorum
923 2144 1138 2202 assiduitatem

136 2249 167 2299 et
189 2241 406 2321 frequentiam.
436 2242 510 2300 Haec
536 2262 608 2300 cura
635 2248 670 2300 ut
697 2247 802 2300 teneas
825 2240 1081 2311 commendand0,
1107 2247 1141 2298 et

138 2337 286 2415 rogand0,
303 2345 334 2395 et
348 2337 430 2395 omni
446 2338 565 2396 ratione
588 2338 749 2397 efficiendo
764 2346 799 2396 ut
812 2337 1024 2416 intellegant*,
1041 2337 1139 2417 etqui

137 2435 261 2506 debent,
281 2441 332 2494 tua
355 2454 446 2492 causa
463 2435 630 2492 referendae
642 2436 654 2459 *
668 2434 786 2512 gratiae,
807 2441 838 2493 et
854 2434 908 2514 qui
926 2434 1046 2505 volunt,
1062 2433 1140 2492 obli·

137 2531 250 2609 gandi*
263 2531 310 2590 tui
325 2537 446 2610 tempus
466 2530 523 2589 sibi
538 2530 621 2590 aliud
638 2531 756 2590 nullum
774 2531 851 2591 lore.
869 2529 969 2589 Etiam
986 2531 1044 2589 hoc
1060 2531 1140 2589 mul-

138 2637 203 2688 tum
222 2628 347 2686 videtur
366 2627 512 2707 adjuvare
531 2648 621 2707 posse
641 2648 756 2687 novum
776 2627 932 2686 hominem
952 2647 959 2688 :
976 2627 1139 2687 hominum

137 2725 289 2785 nobilium
304 2723 458 2797 voluntas,
476 2732 506 2784 et
520 2725 652 2783 maxime
665 2723 886 2784 consularium.
906 2724 1047 2797 Prodest,
1064 2744 1139 2804 quo-

137 2843 206 2880 rum
227 2821 382 2881 inlocum
403 2841 437 2880 ac
459 2841 621 2880 numerum
642 2822 803 2901 pervenire
823 2821 910 2895 velis,
936 2821 974 2881 ab
996 2821 1043 2879 his
1064 2820 1140 2900 ipsis

137 2918 191 2978 illo
203 2919 271 2978 loco
287 2939 322 2978 ac
335 2939 462 2978 numero
478 2918 606 2996 dignum
621 2919 734 2998 putari.
753 2918 793 2977 Hi
808 2918 934 2997 rogandi
948 2938 1056 2977 omnes
1068 2923 1140 2976 sunt

137 3016 311 3094 diligenter,
332 3023 363 3075 et
383 3016 422 3074 ad
447 3036 499 3075 eos
522 3016 734 3093 allegandum3
757 3016 1068 3096 persuadendumque
1093 3022 1140 3074 est
1248 3089 1251 3095 Ι

138 3112 187 3178 iis,
211 3133 267 3170 nos
288 3132 409 3190 semper
431 3132 502 3172 cum
528 3112 731 3193 optimatibus
755 3112 793 3170 de
812 3112 971 3192 republica
995 3111 1138 3181 sensisse,

138 3209 265 3267 minime
283 3208 469 3289 populares*
491 3208 596 3269 luisse.
620 3209 771 3269 Praeterea
790 3209 1000 3268 adulescentes
1021 3208 1140 3268 nobiles
1196 3221 1200 3229 ’

139 3305 261 3364 elabora
291 3313 326 3365 ut
354 3306 477 3379 habeas,
505 3306 553 3365 vel
583 3313 617 3366 ut
652 3314 768 3379 teneas,
802 3306 955 3365 studiosos
983 3306 1028 3365 tui
1062 3326 1140 3386 quos

141 3402 235 3461 habes
266 3420 273 3463 ε
305 3403 436 3462 multum
465 3403 625 3481 dignitatis
653 3405 791 3462 alienent.
828 3403 980 3462 Plurimos
1009 3402 1103 3464 habes
1131 3422 1138 3463 ε

140 3500 254 3579 perfice
281 3506 316 3558 ut
341 3501 440 3558 sciant
461 3508 610 3580 quantum
639 3501 671 3560 iu
699 3500 747 3558 his
777 3508 866 3580 putes
894 3520 970 3559 esse.
1000 3499 1089 3567 Quod
1115 3501 1140 3558 si

141 3595 306 3656 adduxeris
320 3603 353 3655 ut
367 3597 399 3669 ii,
416 3597 469 3676 qui
486 3619 548 3657 non
565 3598 685 3670 nolunt,
700 3597 837 3676 cupiant,
848 3595 1015 3677 plurimum
1029 3596 1141 3677 prode·
1214 3599 1216 3604 '

141 3697 246 3754 runt'.
589 3757 591 3762 s

223 3801 265 3843 Vte
276 3799 390 3853 Pubtique
402 3801 440 3842 des
450 3800 568 3843 Romulus.
1037 3799 1063 3841 15

561 3911 595 3921 -
613 3881 664 3933 223
686 3908 718 3922 -
