2664 4234
400 140 484 198 423.
505 140 555 196 Le
574 139 814 197 de'vouement
833 141 878 196 de
892 139 1036 198 Decius.

579 263 685 324 xDecius
697 279 725 311 se
737 263 864 324 deuoret.)

152 423 194 524 β’
262 423 368 480 Decii*
395 445 508 504 corpus
539 445 577 482 ne
605 446 644 483 eo
673 424 722 482 die
744 423 936 483 inveniretur
965 445 1027 483 nox
1049 431 1230 504 quaerentes

220 521 1231 600 oppressit3posterodieinventumintermaximamhostiumstra.

220 637 300 694 gem,
310 627 491 698 coopertum
503 620 585 685 telis:
599 620 612 676 l
613 640 752 698 unusque
760 619 787 677 ei
799 617 1151 698 parmorti,celebrante
1162 619 1228 677 col-

221 723 299 803 lega,
314 724 429 782 lectum
442 733 498 783 est.
521 723 599 782 lllud
619 723 826 803 adjiciendum
843 723 977 794 videtur,
996 723 1088 783 licere
1100 723 1226 782 consuli

221 820 426 902 dictatorique
442 829 474 880 et
490 823 627 902 praetori,
643 842 712 880 cum
732 820 869 899 legiones
883 820 1018 879 hostiurn
1036 821 1224 883 devoveat*‚

222 939 283 976 non
299 919 478 998 utique'se,
495 918 548 976 sed
562 939 653 999 quem
665 918 740 977 velit
752 939 789 976 ex
798 918 918 996 legione
935 918 1074 976 Romana
1090 919 1227 996 scripta‘

221 1016 320 1074 civem
346 1015 510 1074 devovere.
535 1017 567 1074 Si
589 1017 615 1074 is
641 1015 744 1086 homo,
772 1016 826 1095 qui
844 1015 975 1074 devotus
996 1023 1054 1086 est,
1078 1016 1226 1086 moritur,

221 1113 317 1192 probe
332 1113 447 1172 lactum
456 1112 554 1171 videri
563 1140 570 1184 ;
583 1115 614 1171 ni
625 1114 765 1184 moritur,
778 1121 843 1172 turn
859 1113 980 1192 signum
995 1120 1111 1190 septem
1130 1112 1227 1190 pedes

222 1211 316 1269 altum
341 1219 395 1269 aut
418 1213 517 1290 majus
539 1212 568 1268 in
596 1219 707 1270 terram
727 1210 832 1269 defodi
855 1217 886 1268 el
909 1209 1064 1290 piaculum
1088 1209 1224 1267 hostiam

221 1308 312 1381 caedi;
340 1309 390 1366 ubi
414 1308 488 1367 illud
517 1309 638 1386 signum
667 1309 824 1367 delossum
850 1308 920 1378 erit,
949 1327 986 1364 eo
1010 1307 1227 1384 magistratum

223 1406 396 1464 Romanum
412 1407 576 1474 escendere
590 1406 636 1465 las
647 1427 707 1464 non
719 1428 794 1465 esse.
811 1407 865 1466 Sin
878 1414 979 1465 autem
993 1425 1058 1464 sese
1069 1402 1227 1461 devovere

222 1503 315 1575 volet,
330 1504 419 1561 sicuti
431 1505 544 1562 Decius
559 1503 698 1576 devovit,
711 1505 742 1562 ni
753 1505 893 1575 moritur,
907 1524 1006 1583 neque
1016 1521 1107 1560 suum
1122 1521 1227 1579 neque

221 1599 378 1679 publicum
393 1601 554 1659 divinum'
571 1622 647 1682 pure
666 1601 758 1660 faciet
777 1602 829 1680 qui
851 1621 916 1659 sese
938 1597 1099 1658 devoverit
1115 1615 1122 1656 :
1149 1597 1227 1654 Vul-

221 1718 299 1756 cano
311 1719 393 1757 arma
409 1701 474 1758 sive
489 1699 539 1760 cui
554 1699 604 1758 alii
623 1699 696 1757 divo
714 1719 827 1756 vovere
842 1697 935 1770 volet,
952 1697 1018 1754 sive
1033 1694 1144 1767 hostia,
1162 1694 1226 1751 sive

220 1816 283 1878 quo
297 1797 357 1855 alio
370 1798 464 1867 volet,
477 1798 529 1876 jus
544 1804 601 1857 est.
617 1796 720 1860 'lelo'.
732 1816 826 1875 super
838 1794 922 1875 quod
937 1801 1021 1852 stans
1034 1790 1144 1850 consul
1155 1811 1226 1869 pre-

219 1903 308 1954 catus
319 1903 375 1968 est,
393 1895 512 1954 hostem
525 1894 619 1974 potiri
634 1894 680 1951 las
693 1914 754 1950 non
768 1901 829 1964 est;
846 1893 872 1950 si
886 1892 1034 1971 poliatur,
1045 1887 1138 1947 Marti
1153 1909 1226 1946 suo-

221 1992 442 2052 vetaurilibus*
457 1992 611 2072 piaculum
626 1991 702 2049 lieri.
722 1991 807 2061 Haec,
817 1989 874 2047 etsi
889 1989 990 2046 omnis
1005 1985 1103 2044 divini
1115 1984 1225 2044 huma-
1323 1973 1324 1978 ἵ

222 2091 313 2169 nique
334 2090 426 2149 moris
445 2090 591 2148 memoria
615 2089 761 2156 abolevit,
783 2107 862 2145 nova
883 2085 1105 2164 peregrinaque
1120 2082 1223 2142 omnia

221 2188 328 2268 priscis
342 2209 377 2246 ac
391 2189 498 2267 patriis
519 2186 722 2268 praeferendo,
741 2185 822 2244 haud
846 2183 885 2242 ab
903 2203 937 2240 re
957 2180 1041 2251 duxi,
1059 2187 1094 2238 ut
1110 2177 1224 2237 tradita

221 2295 457 2365 nuncupataque
473 2293 555 2359 sunl,
571 2285 695 2345 referre.

219 2462 323 2507 estune
335 2461 410 2522 place
419 2461 480 2507 vide
492 2461 591 2506 derant
603 2459 627 2505 le
645 2456 771 2504 tombeau
789 2455 823 2502 de
842 2452 941 2500 tamille
957 2453 986 2499 et
1003 2464 1050 2497 sur
1061 2446 1174 2510 laquelle
1185 2461 1223 2492 on

219 2522 292 2569 avait
303 2522 377 2569 elevd
391 2537 427 2569 un
439 2522 542 2569 bucher
559 2535 628 2584 pour
642 2519 732 2565 bruler
749 2517 789 2564 les
805 2519 889 2562 morte
906 2512 985 2560 d‘une
1005 2512 1092 2558 meme
1109 2508 1221 2563 rumille,

219 2597 268 2644 par
277 2585 431 2645 opposition
444 2585 458 2631 d
470 2582 633 2638 laurinum,
648 2581 746 2628 terrain
757 2577 848 2639 public
861 2577 895 2624 oli
905 2575 957 2623 l'on
970 2573 1071 2621 brdlait
1087 2572 1125 2618 les
1142 2585 1224 2628 corps

219 2645 420 2706 despersonnes
432 2647 476 2708 qui
487 2644 614 2692 n'etaient
627 2657 675 2704 pas
687 2655 758 2689 assez
770 2639 857 2686 riches
865 2652 934 2700 pour
943 2633 1067 2696 aequerir
1078 2649 1114 2680 un
1124 2631 1224 2692 empla-

218 2711 323 2755 cement
342 2709 506 2770 particulier.
529 2733 559 2742 -
572 2704 698 2755 Noctis.
719 2702 758 2750 Cl.
779 2702 863 2761 Virg.‚
878 2699 985 2762 Ge'orq.,
999 2697 1019 2755 1,
1034 2699 1078 2742 477
1092 2708 1099 2742 :
1114 2715 1125 2738 n
1136 2693 1225 2742 Simu·

218 2768 291 2818 lacra
304 2769 389 2818 modis
398 2768 527 2832 pallentia
543 2768 618 2815 miris
635 2765 696 2813 Visa
705 2763 757 2813 sub
769 2762 915 2810 obscurum
927 2757 1012 2808 noctis
1021 2777 1043 2806 υ.

247 2888 288 2937 N⁰
299 2887 367 2938 423
376 2902 382 2934 :
392 2882 494 2935 Decii.
506 2881 681 2932 C‘estdansla
689 2875 1025 2941 guerreconlrelesLatins
1033 2871 1135 2932 (3381111,
1143 2870 1167 2918 J.
1178 2867 1221 2924 C.)

217 2965 268 3011 que
278 2950 302 2996 le
310 2949 403 2998 consul
412 2947 509 2994 Decius
518 2946 577 2992 Mus
586 2959 614 2991 se
624 2943 729 2991 devoua
740 2939 959 2989 solennellement
967 2931 1142 2998 (consecratio
1150 2930 1223 2993 crpi-

216 3013 260 3074 tis)
278 3011 429 3073 pourtoute
438 3007 559 3055 l'armee:
573 3027 583 3048 a
596 3004 728 3052 incinctus
738 3001 827 3050 cinctu
838 2997 1076 3058 Gabino‚armalus
1086 2994 1114 3042 in
1121 3007 1222 3057 equum

217 3073 323 3121 insiluit
346 3088 375 3120 ac
388 3083 415 3120 se
429 3071 456 3117 in
471 3069 570 3117 medios
586 3068 674 3114 hostes
688 3063 799 3113 immisit
813 3083 878 3110 1».-
891 3059 1073 3110 Devoveat.
1091 3057 1129 3104 La
1145 3055 1222 3102 deuo-

218 3135 254 3182 tio
271 3139 312 3183 est
326 3110 467 3182 l'abandon
486 3132 533 3178 fait
552 3145 603 3177 aux
622 3131 702 3176 dieux
717 3127 857 3174 infernaux
873 3123 951 3170 d‘une
969 3135 1002 3169 ou
1020 3117 1152 3181 plusieurs
1163 3117 1221 3186 vies

217 3199 363 3244 humaines.
378 3196 399 3242 ll
411 3211 429 3256 y
441 3210 456 3241 a
469 3195 538 3240 deux
551 3196 638 3239 sortes
652 3192 686 3237 de
699 3187 802 3236 devotio
817 3201 823 3234 z
837 3201 870 3232 ou
883 3185 945 3232 bien
961 3197 995 3230 on
1009 3195 1037 3228 se
1053 3179 1157 3227 de'voue
1168 3191 1220 3225 sor-

217 3260 310 3316 meme‚
324 3273 359 3305 ou
371 3257 432 3304 bien
445 3271 479 3302 on
493 3255 595 3301 devoue
608 3254 646 3300 les
656 3254 745 3299 autres
755 3246 924 3312 (detestatio).
933 3243 1092 3305 -Uthue
1102 3255 1108 3289 :
1120 3241 1139 3287 il
1152 3239 1220 3286 n'est

216 3336 264 3382 pas
276 3321 445 3368 absolument
461 3316 610 3364 ne'cessaire
628 3314 690 3376 qu'il
707 3327 736 3361 se
750 3312 854 3359 devoue
866 3307 1010 3356 lui-meme.
1027 3331 1059 3340 -
1075 3300 1217 3363 Scripta.

219 3383 252 3429 Le
265 3382 392 3430 consulet
399 3381 437 3426 les
448 3379 562 3436 tribune,
572 3392 586 3424 a
608 3377 650 3423 res
659 3376 735 3423 avoir
744 3373 837 3435 appele
850 3368 953 3432 (citare)
962 3367 1035 3416 tribu
1045 3363 1172 3429 partribu
1181 3362 1221 3408 les

215 3446 349 3507 citoyens‚
359 3444 397 3490 les
409 3441 570 3488 choisisscnt
577 3393 685 3501 (lipere)
695 3436 766 3484 elles
781 3433 928 3481 inscrivent
936 3426 1084 3492 (scrihere).
1094 3453 1123 3462 -
1132 3423 1223 3474 nivi-

218 3520 302 3564 num,
324 3507 378 3567 pris
393 3503 647 3552 substantivenrent.
660 3498 787 3547 -Telo.
800 3495 873 3543 Celui
891 3493 935 3554 qui
957 3491 1033 3538 allail
1052 3503 1081 3536 se
1101 3487 1223 3534 devoner

218 3568 305 3616 saisait
314 3583 365 3614 nne
378 3566 464 3627 priere
478 3564 630 3620 solennelle,
646 3581 657 3604 «
682 3559 771 3606 velato
784 3558 881 3618 capite,
893 3553 1073 3602 manusubter
1086 3554 1175 3610 togam
1185 3549 1222 3594 ad

216 3633 335 3677 mentum
348 3630 461 3683 exserta,
470 3641 550 3686 super
560 3626 644 3672 telum
657 3621 808 3682 subjectum
819 3617 1015 3680 pedibusstans
1027 3633 1048 3659 u.
1060 3639 1089 3647 -
1100 3614 1221 3660 Suove-

216 3689 397 3741 taurilibus
419 3688 484 3748 (sus,
504 3686 568 3744 ovis,
590 3683 704 3744 taurus),
728 3679 846 3728 sacrifice
866 3680 898 3725 de
922 3675 1089 3739 purification
1110 3673 1144 3720 od
1167 3671 1222 3718 l'on

215 3751 348 3798 immolait
360 3749 426 3795 trois
438 3748 559 3794 victimes
572 3745 669 3792 males:
681 3758 717 3790 un
730 3755 804 3805 porc,
812 3756 846 3788 un
857 3743 968 3787 moulon
981 3741 1009 3785 et
1021 3751 1055 3783 un
1069 3739 1188 3782 taureau.

638 3883 794 3934 -426-
