2698 4234
398 157 487 216 360.
507 159 639 215 contre
657 157 838 216 l’ivresse.

497 253 539 316 (In
550 253 746 314 vinolentiam.)

157 365 241 435 Qu'ae
254 367 367 446 gloria*
380 376 426 427 est
445 376 555 448 cap'ere
568 369 725 428 multum?
744 370 821 429 Cum
840 391 935 450 penes
951 379 982 430 te
1000 370 1122 451 palma*
1136 371 1179 434 4⁸

116 463 211 522 luerit
231 471 263 524 et
285 465 517 544 propinationes
541 473 609 525 tuas
632 467 719 525 strati
741 487 849 526 somno
877 488 913 527 ac
936 463 1121 528 vomitantes
1159 479 1175 523 .·'

116 562 337 635 recusaverint,
366 583 435 621 cum
462 571 616 643 superstes
647 564 705 622 toti
736 565 881 623 convivio
912 564 1018 637 fueris,
1052 585 1121 624 cum

117 678 222 717 omnes
235 658 345 718 viceris
356 659 470 718 virtute
489 661 674 738 magnifica*
696 669 727 720 et
747 682 837 720 nemo
854 669 917 720 tam
943 662 1006 720 vini
1025 682 1121 741 capax

117 754 212 814 luerit
225 755 402 816 :vincerisa
416 756 512 817 dolio.
527 757 570 816 M.
589 759 759 817 Antonium
769 759 791 831 *,
811 779 957 836 magnum
972 759 1074 818 virum
1092 766 1123 817 et

116 851 231 930 ingenii
243 852 366 925 nobilis,
383 874 465 933 quae,
478 854 536 913 alia
552 875 599 913 res
612 855 748 934 perdidit
760 863 790 914 et
807 856 839 913 in
854 864 998 915 externos
1020 875 1122 914 mores

116 969 152 1007 ac
175 949 251 1008 vitia
270 970 331 1008 non
354 950 493 1010 Romana
513 951 635 1031 trajecit
660 973 752 1032 quam
778 953 921 1026 ebrietas,
940 973 997 1011 nec
1021 951 1123 1010 minor

117 1045 215 1104 vino*
249 1045 431 1126 Cleopatrae
461 1050 569 1108 amor?
598 1049 682 1108 Haec
717 1050 809 1110 illum
837 1070 886 1109 res
914 1048 1035 1108 hostem
1065 1047 1123 1106 rei-

117 1141 269 1222 publicae,
302 1144 375 1202 haec
404 1144 545 1206 hostibus
572 1146 635 1204 suis
656 1147 808 1226 imparem
837 1146 1003 1205 reddidit*.
1038 1146 1122 1204 Haec

117 1238 273 1299 crudelem
293 1240 376 1311 lecit,
403 1236 473 1300 cum
505 1242 606 1322 capita
638 1244 817 1324 principum
839 1243 975 1303 civitatis
999 1240 1123 1302 cenanti

118 1335 315 1410 referrentur,
345 1359 414 1398 cum
439 1339 521 1398 inter
545 1340 793 1420 apparatissimas
821 1341 927 1422 epulas
958 1340 1109 1418 luxusque

117 1433 233 1511 regales
250 1454 304 1494 ora
324 1455 359 1493 ac
383 1455 492 1494 manus
512 1437 759 1516 proscriptorum
781 1443 1027 1516 recognosceret,
1042 1444 1122 1494 'cum

116 1531 190 1590 vino
220 1531 321 1610 gravis
341 1533 439 1591 sitiret
465 1540 567 1592 tamen
601 1535 793 1612 sanguinem.
829 1533 1030 1594 Intolerabile
1057 1539 1123 1591 erat

117 1625 201 1706 quod
214 1628 318 1688 ebrius
330 1629 432 1703 siebat,
446 1650 515 1688 cum
537 1630 611 1689 haec
630 1630 763 1690 faceret*
784 1650 790 1692 :
809 1638 926 1710 quanto
943 1629 1122 1689 intolerabi-

116 1732 187 1807 lius,
213 1733 297 1814 quod
314 1736 388 1794 haec
409 1735 441 1794 in
465 1735 531 1815 ipsa
548 1736 695 1796 ebrietate
715 1737 877 1797 faciebat?
893 1737 970 1796 Fere
982 1736 1122 1795 vinolen-

118 1830 191 1890 tiam
214 1830 380 1891 crudelitas
407 1833 556 1913 sequitur.
585 1833 727 1893 Violatur
751 1835 834 1893 enim
862 1840 1121 1914 exasperaturque

117 1929 231 1988 sanitas
259 1930 381 1988 mentis.
403 1928 669 1998 Quemadmodum
701 1931 840 1991 difficiles
870 1931 990 1990 faciunt
1015 1928 1122 1988 oculos

117 2025 229 2084 diutini
248 2026 347 2085 morbi
368 2027 460 2085 etiam
481 2027 518 2085 ad
540 2028 697 2087 minimam
717 2028 795 2088 radii
814 2028 888 2087 solis
908 2027 1119 2095 offensionem,

116 2123 159 2182 ita
179 2122 341 2182 ebrietates
361 2123 527 2183 continuae
547 2125 675 2184 efferant
692 2125 821 2184 animos.
843 2125 920 2198 Nam
941 2144 1009 2183 cum
1031 2142 1122 2201 saepe

117 2218 212 2299 apud*
228 2240 260 2278 se
283 2240 345 2279 non
365 2220 437 2292 sint,
460 2221 686 2280 consuetudine
709 2222 847 2281 insaniae
873 2220 983 2279 durata
1006 2220 1081 2278 vitia
1106 2239 1123 2277 e

116 2317 191 2375 vino
217 2324 369 2396 concepta
395 2317 488 2376 etiam
513 2317 578 2376 sine
606 2317 660 2377 illo
684 2319 800 2380 valent.

147 2439 189 2490 N⁰
202 2439 269 2490 360
282 2455 287 2488 :
301 2439 423 2491 Gloria.
437 2439 476 2488 On
490 2441 541 2488 3311
556 2455 608 2548 pue
624 2441 663 2489 les
680 2441 796 2500 enciens,
813 2441 852 2488 les
870 2441 997 2490 Romains
1014 2441 1123 2486 surtout

128 2500 211 2550 Coton
227 2502 251 2548 le
271 2501 395 2558 Censeur,
414 2502 497 2560 Celso,
521 2502 560 2550 Ga
571 2503 633 2565 ien),
657 2506 692 2560 et,
715 2518 747 2550 au
769 2503 814 2551 Mo
836 2517 868 2550 en
888 2504 954 2564 Age,
974 2500 1064 2548 l'ticole
1089 2501 1122 2546 de

137 2564 234 2621 alerne,
254 2564 362 2611 avaient
382 2579 427 2611 sur
445 2563 564 2612 l‘ivresse
587 2565 633 2612 des
650 2565 723 2612 idios
743 2566 796 2612 tres
815 2518 909 2625 larges.
932 2563 1065 2610 Pourtant
1084 2562 1123 2609 les

117 2624 252 2684 Romains,
265 2640 368 2672 comme
380 2627 419 2673 les
430 2625 521 2684 Grecs,
539 2625 668 2674 bnvaient
681 2627 704 2673 le
715 2627 760 2673 vin
777 2626 895 2687 me'lange
915 2640 979 2672 avec
994 2626 1027 2672 de
1045 2623 1120 2671 l'eau.

116 2687 196 2735 Boire
206 2687 241 2733 du
254 2687 297 2734 vin
311 2702 363 2748 pur
374 2687 441 2736 etait
453 2702 488 2734 un
499 2688 572 2749 signe
580 2688 612 2735 de
625 2688 771 2736 debaucbe.
785 2716 816 2724 —
826 2688 951 2738 Palma.
967 2686 1088 2733 Pendant
1098 2685 1121 2730 le

116 2762 195 2811 repas
207 2749 290 2810 (cenat
304 2763 337 2797 on
354 2748 449 2797 buvait
460 2765 510 2811 peu
526 2763 532 2808 ;
547 2750 612 2797 mais
623 2751 647 2796 13
659 2764 723 2796 cena
741 2750 807 2797 e'tait
822 2753 935 2796 souvent
947 2749 1031 2795 suivie
1044 2746 1122 2794 d'une

113 2811 227 2872 joyeuse
245 2810 405 2858 comissatio.
419 2810 455 2858 La
469 2811 540 2858 table
557 2825 609 2858 une
626 2811 677 2858 lois
692 2812 836 2871 desservie,
849 2813 887 2858 les
899 2811 1026 2857 connives
1044 2807 1122 2855 ornis

116 2873 150 2918 de
169 2873 249 2919 sseurs
267 2873 376 2920 tiraient
390 2887 422 2920 33
438 2875 495 2920 sort
507 2873 554 2920 des
571 2872 618 2919 dds
637 2873 661 2920 le
678 2875 717 2920 roi
731 2875 766 2920 du
780 2873 859 2922 lestin
875 2875 932 2930 (rec
945 2887 978 2919 ou
993 2870 1123 2934 magister

117 2932 248 2994 convivii).
263 2934 298 2981 Le
315 2934 355 2980 roi
370 2934 406 2980 du
422 2934 500 2981 lestin
516 2935 607 2982 devait
624 2935 762 2982 surveiller
779 2937 801 2982 lc
819 2935 939 2996 melange
951 2935 987 2980 du
1000 2933 1044 2979 vin
1058 2935 1084 2980 et
1096 2931 1121 2978 13

116 2995 290 3042 distribution
303 2995 435 3057 equitable
443 2997 490 3043 des
499 3010 612 3058 coupes3
623 2997 642 3043 11
652 2996 724 3044 avait
732 2998 803 3044 aussi
812 2998 827 3044 t
837 2995 999 3044 de'terminer
1006 2995 1031 3040 le
1039 2994 1122 3054 regle-

116 3059 191 3104 ment
203 3057 239 3103 du
249 3056 328 3104 lestin
340 3057 388 3103 311
397 3057 493 3104 etablir
504 3058 551 3105 des
564 3058 656 3118 peines
667 3061 759 3105 contre
771 3073 838 3105 ceux
854 3059 899 3119 qui
914 3059 937 3105 13
953 3055 1111 3104 violeraient

116 3118 157 3165 On
175 3118 352 3174 commencait
368 3119 578 3167 ordinairement
597 3134 645 3180 par
662 3120 737 3167 boire
754 3120 820 3167 dans
840 3120 877 3167 les
894 3120 992 3181 petitos
1004 3131 1122 3177 coupes;

116 3179 231 3227 celles-ci
244 3177 345 3227 e'taient
356 3180 455 3227 suivies
472 3181 505 3227 de
522 3181 581 3243 plus
594 3183 706 3242 grandes
717 3180 780 3242 qu'il
797 3182 881 3228 1311311
893 3181 970 3228 vider
981 3178 1043 3226 d'un
1057 3179 1121 3232 trait

115 3242 164 3288 113
172 3239 248 3288 sante
260 3239 322 3288 d'un
330 3241 443 3289 convive
452 3241 567 3303 present,
583 3257 616 3289 ou
627 3241 688 3289 d'un
697 3243 799 3290 absent.
812 3243 992 3303 Quclquetois.
1005 3241 1023 3292 il
1038 3239 1123 3288 laliait

115 3303 193 3349 vider
203 3303 299 3351 331331
310 3303 342 3350 (13
355 3302 447 3366 cynthi
458 3319 510 3364 que
523 3304 546 3350 le
564 3319 626 3350 nom
643 3305 781 3352 contenait
797 3305 830 3351 de
846 3305 939 3351 lettres
957 3302 1085 3364 (Martial,
1100 3301 1126 3358 1,

116 3365 164 3426 72).
178 3364 218 3411 De
230 3364 255 3412 11
267 3378 312 3413 333
329 3365 415 3426 orgies
432 3380 484 3427 que
501 3364 622 3425 ciceron,
640 3367 747 3428 parlant
762 3366 795 3413 de
813 3366 891 3413 celles
911 3367 943 3412 de
961 3363 1060 3411 Verres
1078 3363 1121 3424 (de

114 3425 207 3498 Suppl.
231 3425 280 3498 11),
297 3427 430 3490 appellen
452 3425 597 3474 Cannensis
621 3442 714 3536 pugna
736 3426 872 3498 nequitiae
893 3447 913 3474 n.
935 3453 965 3462 -
990 3423 1122 3486 Magni·

114 3487 329 3550 fica,1ron1que.
341 3514 373 3524 -
384 3487 569 3538 Antonium.
584 3488 651 3536 Voir
673 3503 700 3536 es
712 3488 785 3536 Phila
825 3506 833 3536 ι
854 3489 939 3536 nesde
952 3487 1047 3535 Cicero
1054 3501 1079 3544 n,
1094 3487 1122 3532 31

115 3550 269 3621 Plutarque.
284 3576 312 3586 -
324 3549 407 3599 Vino
419 3567 451 3593 =
467 3549 524 3598 vini
541 3564 640 3622 amore:
658 3577 688 3586 -
705 3552 777 3621 Bed
801 3503 871 3621 solt.
891 3551 1058 3620 Remarquer
1078 3548 1123 3593 331

115 3610 214 3680 emploi
227 3612 259 3658 de
273 3611 393 3669 reddere,
404 3625 551 3660 assezrare.
565 3611 604 3660 Cl.
614 3612 640 3660 Si
654 3613 766 3661 meliora
777 3613 843 3672 dies,
864 3613 894 3660 ut
913 3626 986 3683 nina,
997 3611 1122 3717 poleppata

114 3673 433 3806 dedilididiliodiiicriduiiide
446 3673 573 3806 dtcbliiini
585 3675 648 3782 οῗέὶ
664 3702 698 3784 lc
705 3673 1041 3798 'FFii‘iiaiiivrii‘tquihsieidiivlie
1061 3683 1123 3794 pilii

115 3795 249 3859 (faciebat)
263 3798 300 3844 les
313 3811 409 3844 crimes
421 3811 533 3845 commis
546 3812 608 3845 sous
624 3797 704 3846 131131
725 3799 757 3846 de
777 3800 903 3846 l'ivresse.
923 3823 952 3834 -
969 3794 1067 3858 Apud
1085 3805 1121 3842 se

114 3878 146 3903 =
159 3861 294 3920 compotes
305 3857 358 3906 331.
