2658 4244
199 170 279 228 130.
301 174 499 232 Frontone
512 175 730 244 l'empereur
743 175 1010 244 Marc-Aurem,

505 275 572 319 son
588 261 701 318 eleve,

240 364 350 427 (Fronto
361 365 522 429 Imperatori
531 367 566 417 M.
577 367 698 427 Aurelio,
712 367 846 430 discipulo
858 382 915 427 suo,
930 367 965 426 S.)

12 463 13 504 ἶ
110 531 114 537 .
143 486 211 544 Vidi
240 488 359 566 pullos*
386 496 466 560 tuoe,
497 489 579 569 quod
604 491 729 570 quidem
756 490 1014 550 libentissimein
1042 490 1105 549 vita
1119 491 1162 554 4⁰

104 601 170 642 mea
183 583 323 656 viderim,
342 592 404 644 tam
417 585 526 644 simili'
544 586 621 646 lucie
632 586 699 658 tibi,
718 594 751 645 ut
769 588 844 645 nihil
867 588 907 645 sit
928 587 988 646 hoc
1013 587 1103 645 simil'

12 701 14 718 f
106 681 243 740 similius
259 682 339 741 Sunt
353 690 468 755 autem,
481 682 527 741 dis
546 684 739 763 juvantibus
763 685 865 742 colore
885 684 957 743 satis
978 684 1104 755 salubri,

12 769 14 778 ’
102 778 234 837 clamore
261 779 343 840 forti.
373 780 487 838 Panem
518 781 595 839 alter
620 782 745 839 tenebat
767 781 844 840 bene
866 780 1043 854 candidum,
1073 788 1107 839 ut

103 895 178 953 puer
192 875 309 952 regium
327 877 404 935 alter
428 877 607 949 cibarium*,
625 877 714 957 plane
731 886 792 937 uta
815 885 901 957 patre
922 877 1106 958 philosopho

12 1023 13 1032 ,
103 979 281 1051 prognatus.
301 974 383 1032 Deos
402 994 507 1053 quaeso
528 975 568 1032 sit
596 974 699 1034 salvus
726 983 818 1046 sator,
850 975 933 1034 salva
953 975 1014 1034 sint
1028 982 1104 1047 sata,

102 1067 185 1128 salva
209 1071 313 1149 seges*
331 1071 380 1142 sit,
407 1092 476 1151 quae
501 1079 562 1130 tam
590 1072 704 1130 similes
729 1080 880 1151 procreat.
907 1073 985 1131 Nam
1014 1071 1106 1130 etiam

12 1187 14 1216 i
103 1165 228 1225 voculas
243 1187 366 1246 quoque
377 1187 481 1226 eorum
506 1167 610 1226 audivi
632 1175 693 1226 tam
716 1169 832 1241 dulceS,
860 1176 922 1226 tam
947 1174 1104 1239 venustas,

102 1269 136 1320 ut
147 1262 297 1321 orationis
308 1270 370 1322 tuae
381 1264 517 1343 lepidum
534 1264 620 1323 illum
641 1274 672 1324 et
695 1265 847 1345 liquidum
868 1285 978 1324 sonum
1003 1264 1106 1323 nescio

12 1345 13 1352 ἵ
102 1379 163 1438 quo
173 1367 264 1438 pacto
278 1360 309 1418 in
324 1361 484 1441 utriusque
499 1361 624 1441 pipulo*
638 1382 847 1440 agnoscerem.

238 1491 407 1562 Re'ponse
423 1495 468 1550 de
482 1495 741 1552 Marc-Aurele
757 1496 781 1551 a
795 1495 968 1551 Fronton.

353 1599 355 1603 ·
426 1581 469 1642 (M.
483 1581 592 1629 Aurelii
602 1596 653 1628 res(
662 1581 785 1645 riptum.)

141 1677 217 1736 Vidi
232 1677 344 1737 filiolos
359 1699 454 1750 meos
479 1698 550 1737 cum
574 1699 625 1737 eos
640 1688 673 1738 tu
700 1679 820 1750 vidisti;
846 1679 910 1738 vidi
933 1685 965 1740 et
987 1687 1017 1739 te
1035 1701 1106 1738 cum

105 1773 220 1834 litteras
240 1781 309 1833 tuas
335 1775 477 1853 legerem.
495 1775 557 1834 Oro
586 1783 626 1846 te,
655 1777 697 1834 mi
716 1777 872 1853 magister,
890 1797 956 1836 ama
974 1777 1046 1835 me*
1072 1782 1107 1836 ut

102 1892 185 1930 anias
206 1890 296 1932 :ama
310 1892 358 1930 me
372 1872 415 1930 sic
436 1872 528 1931 etiam
544 1873 700 1953 quomodo
722 1874 797 1932 istos
821 1873 967 1953 parvulos
984 1880 1107 1933 nostros

104 1989 185 2027 amas
210 1967 372 2028 :nondum
388 1989 479 2028 omne
494 1968 557 2027 dixi
581 1970 664 2048 quod
690 1971 770 2041 volo,
790 1990 857 2028 ama
882 1991 930 2028 me
949 1969 1106 2050 quomodo

103 2065 223 2125 amasti.
245 2066 320 2124 Haec
333 2073 368 2124 ut
378 2065 554 2139 scriberem,
571 2073 693 2125 tuarum
717 2067 886 2126 litterarum
901 2067 976 2127 mira
994 2067 1107 2148 jucun-

12 2167 14 2238 ξ
100 2161 198 2221 ditas*
223 2161 379 2240 produxit.
406 2162 484 2222 Nam
510 2163 548 2221 de
577 2157 726 2240 elegan'tia
748 2163 823 2242 quid
851 2163 972 2224 dicam?
999 2163 1057 2222 nisi
1075 2172 1105 2223 tc

13 2285 15 2330 3
101 2257 194 2318 latine
220 2258 335 2338 loqui*,
363 2279 419 2317 nos
445 2268 580 2318 ceteros·
599 2281 698 2338 neque
729 2281 827 2338 graece
864 2281 963 2340 neque
999 2260 1103 2320 latine.

15 2392 18 2401 ·
104 2356 235 2414 Domino
247 2376 316 2414 meo
332 2355 419 2415 fratri
435 2357 447 2380 *
460 2363 530 2435 peto
546 2358 719 2436 scriptites:
738 2357 826 2416 valde
840 2357 906 2415 vult
919 2365 953 2416 ut
967 2358 1026 2417 hoc
1046 2379 1062 2416 a
1075 2365 1105 2416 te

101 2451 279 2531 impetrem,
294 2452 443 2511 desideria
455 2460 558 2511 autem
572 2453 652 2512 illius
668 2454 924 2534 intemperantem
936 2475 983 2513 me
995 2462 1025 2513 et
1041 2455 1106 2512 vio·

102 2548 218 2608 lentum
232 2549 360 2610 faciunt.
377 2549 464 2622 Vale,
481 2551 522 2607 mi
529 2550 755 2630 jucundissime
770 2552 943 2628 magister*.

129 2673 170 2722 N⁰
187 2671 252 2723 130
270 2686 276 2720 τ
296 2671 415 2723 Pullos.
433 2672 474 2721 On
490 2676 551 2721 sent
566 2675 626 2721 tout
643 2674 676 2722 de
690 2675 759 2722 suite
777 2677 851 2722 entre
868 2675 892 2722 le
912 2675 990 2722 vieux
1010 2679 1104 2723 mettre

99 2733 229 2796 (Fronton
242 2736 284 2782 est
299 2733 378 2782 neten
394 2732 554 2796 1'an1uo)et
568 2733 658 2783 l'elevc
672 2737 814 2794 couronne,
832 2751 882 2784 une
899 2737 1014 2784 intimite'
1027 2738 1105 2784 sanii-

100 2795 168 2857 liale,
180 2797 276 2858 simple
287 2799 314 2844 et
326 2797 411 2844 douce
422 2796 466 2858 qui
478 2797 526 2844 lait
534 2798 617 2857 grand
627 2797 749 2846 honneur
760 2799 774 2858 ,a
784 2801 843 2845 tous
857 2800 934 2846 deux.
945 2825 972 2833 -
984 2797 1102 2849 Simili:

99 2859 153 2918 pris
166 2858 412 2906 substantivement
427 2872 433 2906 :
447 2858 607 2910 allite'ration
620 2859 757 2906 cherche'e.
771 2885 799 2894 —
811 2859 989 2918 (libandum,
1001 2859 1066 2908 c'est
1080 2863 1104 2908 le

99 2921 161 2980 pain
174 2921 236 2966 noir
248 2917 328 2980 qu‘on
343 2920 456 2967 donnait
467 2934 519 2967 aux
531 2921 659 2968 esclaves.
682 2948 712 2956 -
733 2921 841 2983 seges,
863 2923 975 2968 allusion
992 2923 1006 2968 a
1022 2923 1104 2970 Faus-

100 2982 163 3038 tina,
176 2982 248 3028 mere
261 2981 309 3028 des
320 2981 492 3044 deuxjeunes
504 2983 620 3043 princes,
634 2983 699 3030 dont
712 2983 729 3029 il
742 2984 802 3030 louc
815 2985 848 3030 ici
862 2985 885 3030 la
897 2984 1017 3031 cliastete
1040 2985 1103 3046 (tum

100 3041 220 3104 similes).
233 3068 263 3078 -
273 3041 389 3151 Pipulo
403 3056 409 3092 :
421 3042 560 3092 charmant
572 3045 639 3091 dans
658 3045 682 3091 la
700 3045 804 3092 bouche
818 3041 879 3092 d’un
900 3046 1030 3092 vicillard.
1050 3047 1104 3092 Ail-

99 3103 178 3164 leurs,
197 3105 216 3151 il
232 3104 338 3168 appele
356 3118 400 3152 ces
416 3105 486 3152 deux
507 3106 613 3153 enfants
630 3119 636 3152 :
652 3105 784 3168 pollutos,
803 3105 913 3154 nidulus
931 3107 1052 3169 (niehe'e).
1074 3135 1104 3143 —

101 3165 184 3217 Ama
202 3178 262 3216 me.
282 3165 471 3213 Marc-Aurtle
487 3164 609 3238 l'appelle
629 3171 743 3214 souvent
760 3169 806 3214 des
822 3169 970 3215 diminutit's
989 3170 1026 3216 les
1043 3171 1103 3230 plus

101 3229 262 3286 caressants‚
285 3241 370 3274 meam
385 3227 599 3290 pulcherrimam
621 3228 746 3286 animam,
765 3232 792 3275 et
811 3228 931 3277 l'associe
950 3230 964 3276 a
986 3234 1046 3278 tous
1064 3233 1102 3278 les

101 3289 195 3337 details
208 3290 242 3336 de
259 3304 289 3336 sa
300 3289 343 3336 vie
354 3289 483 3336 familiere
495 3305 561 3338 avec
573 3305 624 3336 une
634 3292 795 3337 all'ectucusc
809 3291 961 3339 bonhomie.
974 3319 1003 3326 —
1014 3292 1103 3343 Mira

97 3349 303 3411 jucunditas.
317 3351 436 3398 Fronton
450 3351 491 3399 sut
501 3352 526 3399 le
538 3353 621 3413 grand
635 3352 771 3412 epistolier
781 3354 813 3399 de
828 3368 875 3400 son
889 3357 985 3416 temps,
999 3369 1102 3402 comme

102 3411 163 3459 chez
174 3427 243 3460 nous
256 3412 358 3460 Balzac.
373 3438 401 3448 ·-
415 3412 529 3475 Loqui,
544 3415 737 3461 sous-entendu
751 3414 846 3461 dicam.
862 3442 888 3450 —
905 3416 978 3465 Meo
992 3415 1100 3466 fratri.

103 3471 271 3536 L'empereur
279 3473 366 3522 Vdrus
375 3475 420 3535 qui
430 3473 512 3536 re'gna
522 3490 587 3522 avec
599 3475 794 3534 Marc-Aurele,
808 3480 834 3522 et
842 3478 886 3537 qui
899 3477 963 3524 elait
974 3492 1021 3524 son
1035 3479 1102 3526 frere

14 3563 15 3586 1
101 3549 149 3594 par
167 3536 305 3598 adoption.
329 3536 448 3583 Fronton
470 3538 542 3584 avait
565 3536 607 3584 ete
628 3537 699 3583 aussi
720 3538 743 3583 lc
766 3541 859 3584 mettre
881 3537 1052 3599 d'eloqucnce
1069 3541 1102 3586 de
1188 3587 1191 3593 ,

14 3591 16 3650 ἶ
104 3595 195 3646 Virus.
213 3625 245 3632 -
263 3595 436 3659 Magister.
451 3598 472 3644 ll
485 3600 558 3646 avait
570 3613 605 3644 un
618 3613 669 3658 peu
685 3602 745 3659 trop
757 3599 880 3658 enscigne
891 3601 905 3646 tl
917 3601 1101 3648 llaec-Aurele
1216 3597 1217 3602 ’

14 3657 16 3714 l
104 3657 223 3722 (lot-1⁸0)
232 3657 345 3707 l'amour
357 3659 390 3706 de
403 3673 447 3707 ces
460 3660 634 3721 mignardiscs
648 3661 693 3721 qui
703 3661 874 3721 remplisscnt
887 3675 929 3708 ses
940 3662 1051 3709 Lettres.
1066 3663 1101 3709 Le

14 3723 16 3768 l
103 3719 259 3824 philosophe
274 3720 401 3767 Rusticus
414 3719 464 3768 l’en
480 3723 607 3782 corrigea,
626 3726 653 3768 et
665 3721 778 3782 prepara
794 3724 816 3769 le
832 3738 911 3783 greve
925 3723 1040 3770 e'crivain
1054 3725 1101 3771 des

125 3781 212 3830 ense'es
233 3798 238 3830 ε
263 3803 274 3825 ιι
301 3782 427 3829 Rusticus
449 3783 500 3830 m’a
517 3784 646 3831 detourne
662 3785 708 3830 dcs
729 3785 866 3846 eleganccs
886 3785 1011 3833 all'ectces
1029 3787 1061 3832 de
1077 3787 1100 3832 la

108 3841 256 3893 rhetorioue
270 3864 281 3888 u
297 3842 427 3907 (Peneios,
440 3844 500 3908 1,7).

14 3893 18 3968 l
524 3925 681 3978 -131-
