2658 4244
396 204 399 208 ,
500 142 557 202 83.
578 143 741 200 Batallle
761 144 952 201 d’Actium.

588 247 636 310 (De
648 247 755 295 Actiaca
763 249 877 312 pugna.)

309 406 398 466 Huc*
413 406 538 466 mundi*
552 407 652 466 coiere
670 428 778 466 manus
794 426 801 467 ε
818 409 905 466 stetit
919 429 1044 487 aequore
1060 408 1158 469 moles

388 503 490 574 Pinea,
508 524 565 562 nec
577 504 669 563 remis
681 525 769 584 aequa
785 504 907 563 favebat
922 505 1019 564 avis*.

306 599 411 660 Altera
424 599 530 660 classis
547 608 613 659 erat
628 601 747 659 Teucro
762 600 905 660 damnata
920 601 1048 669 Quirino
1060 603 1082 675 *‚

387 697 514 778 Pilaque
527 697 658 757 leminea
673 699 805 777 turpiter
820 705 887 757 acta
902 699 1031 770 manu*-;

308 794 390 853 Hinc
402 798 541 873 Augusta
556 795 641 865 ratis,
659 794 758 874 plenis
779 795 865 854 lovis
882 797 984 855 omine
998 796 1084 868 velis,

387 892 541 970 Signaque
552 892 616 972 jam
634 893 741 971 patriae
755 892 878 952 vincere
892 892 1007 952 docta*
1022 913 1096 953 suae.

209 1031 212 1038 Δ
307 987 441 1046 Tandem
458 989 537 1046 acies
550 989 689 1066 geminos
707 988 824 1047 Nereus
842 989 964 1048 lunarat
978 989 1009 1048 in
1027 1009 1128 1063 arcus,

385 1086 551 1143 Armorum
565 1093 596 1143 et
610 1085 703 1144 radiis
719 1086 799 1164 picta
814 1086 967 1145 tremebat
981 1107 1070 1165 aqua,

308 1180 387 1242 Cum
403 1181 556 1254 Phoebus,
574 1182 717 1261 linquens
733 1190 865 1242 stantem
876 1184 889 1206 '¹
905 1203 937 1241 se
950 1182 1073 1242 vindice
1090 1182 1191 1243 Delon

388 1278 475 1358 (Nam
493 1279 565 1338 tulit
578 1280 673 1338 iratos
690 1280 813 1338 mobilis
828 1287 898 1338 ante
912 1279 1031 1358 Notos),

212 1417 213 1424 κ
308 1375 439 1435 Adstitit
453 1377 584 1454 Augusti
600 1377 728 1456 puppim
746 1398 850 1456 super,
865 1383 895 1436 et
910 1397 991 1435 nova
1008 1377 1132 1436 flamma

379 1473 479 1533 Luxit
493 1475 545 1531 in*
559 1473 716 1552 obliquam
733 1481 779 1532 ter
795 1473 916 1533 sinuata
929 1473 1037 1536 facem.

215 1627 218 1633 .
308 1568 382 1628 Mox
395 1570 458 1630 ait:
477 1594 491 1624 «
509 1569 533 1628 Ο
548 1570 651 1647 Longa
667 1570 773 1628 mundi
787 1578 925 1629 servator
939 1571 976 1630 ab
992 1570 1069 1630 Alba
1079 1571 1103 1646 *‚

387 1668 537 1744 Auguste,
562 1667 722 1726 Hectoreis
735 1667 857 1744 cognite
870 1667 970 1747 major
986 1667 1063 1740 avie,

308 1764 405 1822 Vince
417 1753 494 1822 mari
507 1782 513 1824 :
527 1764 592 1844 jam
606 1772 686 1822 terra
704 1772 756 1823 tua
774 1771 821 1822 est
834 1782 841 1823 ε
854 1763 911 1823 tibi
926 1764 1038 1822 militat
1050 1784 1152 1838 arcuS,

389 1862 429 1919 Et
444 1861 527 1920 lavet
542 1882 578 1920 ex
596 1862 708 1920 umeris
723 1861 782 1921 hoc
797 1862 897 1920 onus*
909 1881 1000 1920 omne
1015 1860 1102 1922 meis,

309 1957 372 2016 Nec
387 1965 428 2032 te,
444 1957 528 2038 quod
543 1958 649 2016 classis
661 1959 820 2016 centenis*
834 1957 964 2036 remiget
973 1956 1041 2032 alis,

387 2056 533 2114 Terreat:
551 2055 650 2113 invito
668 2054 783 2113 labitur
797 2054 850 2113 illa
864 2054 941 2113 mari
960 2079 967 2125 ;

309 2150 437 2230 Frangit
453 2158 484 2210 et
496 2151 611 2210 attollit
621 2151 702 2210 vires
713 2152 744 2209 in
759 2150 856 2209 milite
867 2169 977 2225 causa;

386 2248 460 2315 Quae
476 2248 534 2305 nisi
546 2248 630 2328 justa
646 2248 761 2320 subest,
777 2248 895 2307 excutit
909 2268 993 2307 arma
1010 2247 1112 2328 pudor
1128 2271 1159 2312 u.

308 2345 414 2405 Vincit
428 2345 528 2405 Roma
542 2345 602 2403 lide
618 2345 727 2404 Phoebi
742 2363 749 2404 :
768 2345 821 2404 dat
832 2345 967 2404 femina*
984 2361 1112 2425 poenas:

388 2443 515 2521 Sceptra
530 2463 586 2521 per
601 2442 703 2500 lonias
725 2442 822 2501 fracta
833 2440 991 2501 vehuntur
1005 2461 1112 2522 aquas.

258 2629 300 2678 Νο
317 2627 361 2680 83
379 2641 385 2676 :
404 2627 476 2677 Huc
494 2641 500 2676 :
521 2627 670 2686 lActium,
688 2625 750 2674 ville
770 2625 946 2674 d’Acarnanie
963 2626 998 2674 οὺ
1015 2625 1172 2690 Octave(31
1191 2642 1234 2677 av.

227 2689 460 2799 lessp'remporta
477 2703 523 2736 sur
539 2689 656 2736 Antoine
673 2703 725 2736 une
744 2688 857 2736 victoirc
876 2688 971 2736 navale
990 2688 1035 2750 qui
1056 2688 1105 2736 mit
1123 2688 1160 2735 fin
1178 2689 1192 2736 a
1209 2690 1235 2736 la

227 2753 295 2814 repu
316 2751 387 2813 lique
399 2752 527 2799 romaine.
542 2749 613 2799 C'est
623 2765 655 2796 en
668 2749 719 2797 l'an
733 2754 771 2808 16,
786 2749 956 2797 tll'occasion
974 2749 1021 2797 des
1033 2750 1101 2798 letes
1115 2750 1236 2798 donnees

228 2818 290 2862 tous
302 2813 341 2860 les
354 2813 417 2875 cinq
428 2827 476 2860 ans
489 2827 521 2859 en
534 2812 674 2859 l'honneur
686 2813 719 2859 de
731 2813 803 2859 cette
815 2812 937 2872 victoira,
955 2825 1007 2873 que
1020 2813 1091 2859 cette
1103 2811 1180 2882 piece
1193 2813 1236 2859 lut

227 2873 379 2984 mett·
401 2873 1014 2984 i‘rll‘llli'cr⁰l2l³‘'⁶vll1⁸¹lsll³‘⁵l¹¹lrl⁰¹¹t
1030 2871 1189 2982 ttttttt’
1208 2875 1237 2921 ει

255 2951 329 2983 nom
372 2950 405 2982 ou
473 2950 551 2984 rien.
600 2950 679 2993 .n.‚
761 2972 767 2993 ,
830 2961 877 2982 .-
984 2954 1015 2977 =
1187 2961 1235 2982 .-

228 2998 355 3048 Teucro
370 2996 513 3058 Quirino,
528 3011 562 3044 au
573 2997 643 3044 datis
654 3012 659 3044 :
674 2995 836 3044 c'cst-a-dire
850 3011 882 3044 en
899 2997 993 3044 faveur
1005 2949 1161 3057 d’Aui’uste
1175 2996 1235 3044 lon·

229 3061 324 3108 dateur
337 3058 489 3122 (Quirinus)
500 3060 533 3106 de
545 3057 678 3120 l'Empire,
693 3062 720 3106 et
732 3058 897 3105 descendant
909 3059 956 3105 des
970 3058 1021 3105 Tro
1043 3072 1148 3137 emper
1159 3058 1235 3105 Jules

229 3121 310 3169 Cesar
329 3122 387 3183 (son
407 3120 470 3183 pere
490 3121 540 3167 udo
563 3120 604 3182 tis)
625 3121 668 3182 qui
690 3135 717 3167 se
737 3119 883 3167 rattachait
903 3119 918 3166 a
936 3119 1000 3178 lule,
1018 3072 1059 3166 lis
1077 3118 1185 3168 dEnte.
1205 3147 1234 3154 -

229 3182 385 3232 Feminea
396 3193 515 3231 manu:
556 3181 683 3243 le‘opatre.
704 3209 733 3216 -
753 3182 884 3230 Docta:
904 3181 971 3228 dans
990 3181 1015 3228 lu
1028 3195 1121 3242 guerre
1139 3185 1234 3229 contre

229 3244 326 3292 Sextus
340 3243 464 3304 Pompe'e.
476 3270 507 3278 -
518 3243 676 3293 Stantem.
689 3243 801 3290 Suivant
813 3243 838 3290 la
851 3242 971 3303 legende,
984 3241 1066 3290 Delos
1081 3243 1123 3289 fut
1134 3257 1189 3290 une
1201 3244 1234 3290 lle

228 3307 352 3353 flottante
362 3304 486 3367 jusqu'uu
493 3305 554 3367 jour
567 3306 601 3352 ou
615 3305 716 3352 Latone
729 3321 747 3368 y
760 3305 808 3351 mit
818 3319 852 3352 au
861 3305 958 3351 monde
967 3303 1082 3365 Apollon
1096 3305 1124 3350 et
1136 3303 1232 3352 Diane.

228 3367 305 3415 -In
319 3366 426 3416 facem
440 3381 446 3415 :
461 3366 497 3425 in,
511 3381 543 3414 en
556 3366 641 3414 forme
656 3366 698 3424 de,
713 3367 778 3414 dans
792 3366 816 3412 le
834 3380 894 3412 sens
908 3366 949 3414 de.
967 3393 998 3404 —
1010 3364 1060 3414 Ab
1075 3363 1186 3416 Alba:
1201 3365 1235 3413 ab

228 3443 338 3490 marque
348 3429 382 3475 ici
395 3427 521 3489 l'origine.
536 3455 566 3463 —
578 3428 648 3478 Hoc
659 3428 879 3488 onus.‚Apollon
892 3429 970 3487 porte
982 3441 1018 3474 un
1031 3427 1156 3488 curquois
1169 3442 1235 3474 rem-

228 3491 265 3552 pli
278 3491 311 3536 de
323 3490 431 3537 ssechcs.
445 3516 474 3524 —
491 3488 651 3539 Centenis.
669 3489 770 3537 Octave
787 3490 860 3536 avait
877 3493 921 3535 250
939 3489 1054 3545 navireS,
1074 3489 1193 3537 Antoine
1209 3490 1235 3536 et

229 3551 369 3612 Cleopttre
387 3566 419 3598 en
435 3553 543 3599 avaient
560 3555 613 3610 500,
632 3551 699 3598 mais
715 3552 781 3597 dont
797 3551 836 3597 les
854 3549 998 3612 equipuges
1015 3550 1115 3597 etaient
1134 3551 1235 3600 incom-

248 3615 299 3661 lets
312 3616 338 3660 et
348 3627 399 3674 peu
411 3611 722 3662 exerces-Femina:
734 3611 874 3673 Cleopatra
884 3627 917 3660 ne
928 3614 993 3673 peut
1006 3625 1054 3673 pas
1063 3615 1154 3659 entrer
1167 3613 1235 3662 dans

227 3629 252 3722 li
275 3690 345 3723 vers.
366 3674 471 3721 Horace
495 3677 522 3721 et
539 3674 638 3735 Virgile
659 3676 707 3721 ont
725 3674 757 3720 de
776 3675 861 3721 meme
883 3673 1007 3736 employe
1023 3687 1092 3736 pour
1111 3673 1236 3736 designer

229 3736 369 3797 Cleopatre
383 3749 388 3782 :
403 3735 506 3800 regina,
519 3734 648 3800 AEgyptia
666 3735 774 3798 conjux.

563 3921 568 3927 .
657 3894 798 3947 ..ga-
