2698 4242
241 170 274 226 2.
293 171 512 239 Avantages
527 171 570 226 de
585 171 625 226 la
639 170 798 240 position
813 172 857 226 de
872 171 993 228 Rome.

364 290 410 354 (De
428 292 578 354 opportuno
601 291 679 340 Urbis
696 292 784 340 Romae
798 293 873 355 toro.)

156 433 228 500 Qui*
245 433 350 514 potuit
370 433 506 491 divinius
529 441 559 492 et
581 433 743 492 utilitates*
768 435 930 513 complecti
951 435 1119 493 maritimas
1136 437 1175 502 2⁸

120 531 268 589 Romulus
280 537 310 588 et
324 530 414 588 vitia*
427 531 535 597 vitare,
546 551 638 610 quam
654 531 737 610 quod
752 531 857 589 urbem
869 531 1119 610 perennisamnis
1154 607 1157 612 Ι

45 617 47 622 ’
118 636 147 686 et
161 628 322 708 aequabilis
338 635 368 685 et
386 628 417 685 in
438 648 521 686 mare
537 627 597 686 late
612 613 769 686 influentis
787 617 891 707 posuit
910 629 940 686 in
956 629 1121 708 ripalquo
1159 614 1161 627 ¹

117 728 233 804 posset*
257 725 328 783 urbs
348 731 379 782 et
400 725 539 804 accipere
567 746 605 782 ex
627 725 777 804 mariquo
800 732 914 804 egeret,
937 733 967 783 et
992 725 1121 784 reddere

116 843 177 901 quo
193 821 396 894 redundaret3
414 821 583 902 eodemque
600 829 634 879 ut
652 822 779 880 llumine
800 843 849 880 res
864 821 903 880 ad
919 823 1035 880 victum
1056 821 1121 880 cul-

117 929 244 998 tumque
266 919 398 976 maxime
419 919 606 976 necessarias
627 939 689 976 uon
710 918 808 976 solum
831 920 906 977 mari
930 918 1118 991 absorberet,

117 1016 288 1074 sedetiam
319 1015 458 1072 invectas
482 1015 637 1094 acciperet
656 1036 672 1072 e
694 1023 799 1075 terra':
818 1022 853 1074 ut
871 1015 948 1074 mihi
967 1016 1031 1095 jam
1055 1024 1120 1073 tum
1171 1089 1174 1098 Ι

114 1113 272 1171 divinasse
298 1111 349 1170 ille
374 1111 516 1170 videatur
543 1111 622 1170 hauc
645 1112 751 1170 urbem
776 1111 878 1170 sedem
901 1112 1066 1190 aliquando
1090 1119 1122 1170 et

113 1210 242 1267 domum
255 1228 375 1267 summo
387 1229 452 1266 esse
464 1209 593 1287 imperio
608 1209 805 1287 praebituram
817 1227 824 1281 ;
841 1229 910 1268 nam
926 1209 1006 1267 hanc
1019 1229 1120 1267 rerum

114 1313 233 1365 tantam
249 1306 419 1385 potentiam
440 1327 500 1363 non
523 1305 619 1364 ferme
640 1305 764 1364 facilius
782 1305 839 1364 alia
865 1305 895 1362 in
912 1311 999 1386 parte
1023 1306 1120 1364 ltaliae

113 1403 214 1482 posita
239 1403 312 1460 urbs
338 1409 444 1460 tenere
468 1403 633 1481 potuisset.
657 1403 749 1460 Urbis
772 1410 874 1462 autem
897 1403 995 1482 ipsius
1017 1403 1121 1461 nativa

115 1500 273 1580 praesidia,
292 1497 360 1579 quis
381 1506 428 1557 est
450 1506 511 1558 tam
532 1499 771 1578 neglegenS,qi1i
800 1520 861 1557 nou
885 1499 997 1558 habeat
1011 1489 1120 1557 *animo

113 1605 221 1656 notata
240 1595 393 1677 planeque
413 1595 559 1674 cognita?
580 1597 670 1676 cujus
689 1597 713 1654 is
736 1605 781 1654 est
803 1599 933 1655 tractus*
948 1597 1121 1676 ductusque

115 1695 208 1766 muri,
226 1715 296 1753 cum
313 1693 450 1766 Romuli,
468 1700 534 1752 tum
554 1694 645 1751 etiam
667 1693 853 1772 reliquorum
873 1715 979 1771 regum
1000 1694 1122 1773 sapien-

112 1794 156 1851 tia
183 1788 332 1849 delinitus
354 1812 390 1849 ex
424 1791 508 1848 omni
538 1797 623 1869 parte
647 1790 750 1848 arduis
783 1791 1007 1871 praeruptisque
1036 1810 1122 1848 mon-

113 1891 208 1960 tibus,
237 1895 271 1946 ut
294 1908 374 1946 unus
399 1887 512 1958 adituS,
537 1887 591 1966 qui
611 1895 691 1946 esset
710 1887 791 1944 inter
806 1871 998 1967 Esquilinum
1021 1888 1122 1956 Quiri·

113 1986 279 2064 nalemque
300 1990 449 2058 montem,
468 1985 604 2042 maximo
626 1985 749 2061 aggere*
768 1983 901 2062 objecto,
917 1983 998 2044 fossa
1017 1987 1121 2064 cinge-

113 2090 200 2142 retur
227 2080 420 2153 vastissima,
451 2089 544 2160 atque
577 2088 611 2138 ut
636 2081 676 2138 ita
702 2082 820 2139 munita
842 2101 895 2138 arx
919 2082 1119 2161 circumjectu

110 2179 210 2238 arduo
222 2185 260 2236 ¹et
279 2178 366 2256 quasi
387 2177 570 2236 circumciso
585 2198 658 2236 saxo
676 2178 888 2249 niteretur,-ut
902 2179 1007 2236 etiam*
1023 2179 1054 2236 in
1069 2179 1120 2238 illa

113 2281 302 2356 tempestate
333 2274 474 2333 horribili
507 2274 609 2352 gallici
646 2274 797 2333 adventus
830 2269 1000 2334 incolumis
1028 2286 1120 2356 atque

114 2377 231 2432 intacta
248 2372 465 2452 permanserit.
485 2372 661 2451 Locumque
680 2371 793 2448 delegit
817 2379 846 2430 et
865 2372 1004 2430 lontibus
1023 2374 1121 2432 abun-

113 2471 252 2543 dantem,
274 2476 305 2527 et
327 2468 358 2535 in
378 2469 504 2546 regione
519 2469 690 2548 pestilenti*
706 2468 873 2526 salubrem*
899 2469 1017 2529 :colles
1039 2451 1124 2529 enim,

113 2574 198 2639 sunt,
215 2565 269 2646 qui
290 2585 360 2624 cum
384 2565 556 2644 perflantur
579 2566 648 2644 ipsi,
671 2573 737 2623 tum
758 2566 890 2623 afferunt
903 2567 1042 2626 umbram
1058 2565 1123 2625 val-'

112 2665 206 2724 libus

144 2777 216 2828 N02
235 2792 240 2824 :
257 2776 328 2840 Qul,
348 2777 473 2824 adverbe.
496 2803 526 2812 —-
548 2776 731 2827 Ut-illtates.
753 2777 913 2834 Cettefacon
931 2778 1073 2825 d'associer
1096 2780 1120 2828 la

112 2838 438 2902 geographieal'histoire
448 2840 663 2908 ppurexpliquer
678 2839 716 2885 les
731 2838 866 2887 destinees
879 2839 925 2886 des
938 2841 1014 2886 villos
1026 2856 1059 2886 ou
1072 2843 1119 2887 dee

115 2917 166 2964 peu
189 2902 227 2948 les
243 2903 284 2948 est
296 2903 371 2948 toute
387 2901 521 2947 moderno.
536 2901 575 2947 Cl.
589 2900 733 2958 Tite-Live,
748 2901 781 2960 V,
795 2904 842 2948 54:
862 2919 872 2943 α
891 2901 950 2948 Νοη
963 2901 1022 2948 sine
1040 2917 1119 2950 causa

115 2963 155 3010 dii
167 2917 346 3024 liominesque
355 2963 425 3008 huno
436 2961 498 3009 urbi
508 2961 653 3009 condendae
662 2962 748 3008 locum
760 2963 910 3025 cleperent,
924 2963 1119 3011 saluberrimos

112 3025 206 3082 colles,
230 3024 333 3087 flumen
356 3027 547 3086 opportunum,
571 3038 624 3086 quo
648 3038 680 3070 er:
707 3024 909 3071 mediterraneis
937 3024 1000 3072 locis
1025 3025 1119 3088 fruges
1209 3062 1213 3072 .

115 3087 294 3144 devehantur,
313 3100 367 3148 quo
385 3084 514 3132 maritimi
531 3088 692 3132 commeatus
708 3085 893 3146 accipiuntur,-
911 3101 983 3134 mare
1004 3087 1119 3134 vicinum

112 3149 149 3195 ad
164 3147 377 3204 commoditates,
397 3161 442 3194 uec
459 3147 610 3208 expositum
630 3146 711 3194 nimia
722 3147 928 3210 propinquitate
945 3149 980 3196 ad
997 3150 1119 3211 pericula

113 3210 244 3258 classium
262 3211 454 3263 externarum
472 3209 612 3271 reqionum
625 3208 710 3256 Italiae
728 3209 853 3267 medium,
872 3210 905 3256 ad
926 3210 1118 3258 incrementum

117 3271 194 3318 urhis
206 3273 300 3318 natum
314 3270 390 3318 unice
404 3271 490 3318 locum
506 3291 525 3317 u.
537 3271 637 3331 Polybe
649 3275 676 3317 ct
689 3271 826 3332 Napoldon
839 3271 934 3332 (Meua,
943 3276 967 3317 3⁸
983 3273 1044 3333 vol.)
1058 3280 1120 3320 sont

114 3335 130 3380 a
152 3349 203 3395 peu
217 3334 278 3394 pres
296 3333 331 3378 du
350 3333 435 3379 nieme
452 3333 575 3393 avisque
591 3331 700 3379 Cicc'ron
715 3333 866 3380 etT.-Live.
878 3333 974 3382 Goethe
988 3334 1083 3393 (Mem,
1099 3336 1117 3392 1,

117 3409 183 3456 page
196 3399 251 3452 386)
265 3395 384 3442 soutient
398 3409 430 3442 au
448 3395 580 3441 contraire
595 3414 606 3436 a
619 3393 750 3455 qu'aucun
764 3395 860 3456 peuple
872 3395 905 3443 de
918 3396 1065 3456 l'antiquitc
1078 3399 1118 3442 n‘a

116 3458 177 3518 plus
195 3456 247 3503 mal
261 3456 345 3504 choisi
363 3470 410 3502 son
428 3455 517 3516 sdjopr
530 3470 580 3517 que
598 3456 634 3502 les
649 3456 774 3503 Romains
793 3475 813 3503 υ.
828 3457 900 3517 Voir,
915 3457 930 3504 a
947 3471 976 3504 cc
990 3460 1067 3520 qu'et,
1082 3462 1119 3506 les

114 3519 273 3566 dille'reutes
290 3518 415 3578 opinions
432 3532 482 3579 que
496 3518 548 3564 cite
567 3517 692 3564 tlichelct
705 3517 829 3578 (Histoire
848 3533 924 3570 rom,
943 3521 1044 3567 ‘1⁰¹vol.
1063 3520 1118 3576 fini.

117 3607 148 3615 -
159 3580 261 3630 vitia.
272 3579 423 3626 Ciceronen
433 3580 532 3640 signale
544 3580 613 3626 deux
626 3594 631 3626 :
644 3579 682 3626 les
694 3584 816 3640 attaqucs
833 3581 973 3627 soudaines
985 3583 1031 3628 des
1041 3597 1120 3629 enne-

118 3642 178 3702 mis,
192 3642 217 3688 la
232 3641 391 3702 corruption
404 3641 450 3687 des
461 3656 568 3688 moeurs.
583 3642 687 3702 ——Quo
700 3643 810 3702 posset
821 3642 920 3703 (amni).
930 3669 956 3678 --
965 3643 1117 3694 Tractus.
1198 3665 1200 3706 ;

117 3703 183 3752 Ona
196 3703 321 3750 retrouvd
334 3703 396 3763 pres
411 3703 456 3748 des
465 3703 576 3764 temples
589 3704 620 3750 dc
635 3703 659 3749 la
674 3704 791 3750 Victoire
803 3707 830 3750 ct
840 3704 908 3751 dela
921 3705 992 3751 mere
1006 3706 1036 3752 dc
1047 3706 1117 3757 l'lda.

116 3780 166 3813 sur
182 3765 206 3816 le
226 3765 338 3822 Palatin,
350 3761 559 3826 l'emplacement
569 3765 615 3812 des
628 3768 717 3827 portes
731 3769 757 3812 et
772 3781 822 3812 une
835 3767 920 3827 partie
935 3767 967 3813 de
981 3765 1123 3814 l'enceintr

559 3936 682 3990 ..3.„.
