2664 4234
441 193 526 252 4³1.
545 197 804 259 asservantes
819 188 1009 274 ammte.

570 283 617 346 (De
629 285 765 350 AEgypliis
777 287 880 350 diois’.)

660 392 769 460 -Qualia
785 394 909 454 demens

172 464 212 528 Β·
284 483 437 565 AEgyptus
451 497 593 569 portenta
606 495 697 554 colit!
713 492 896 552 Crocodilon
910 493 1017 554 adorat

285 580 358 640 Pars
373 583 454 656 haec;
472 587 523 648 illa
538 599 632 669 pavet
647 599 781 671 saturam
797 591 989 669 serpentibus
1004 591 1079 652 ibin.

286 677 350 738 lllic
364 683 521 755 caeruleos
537 685 587 746 hic
604 689 718 768 piscem
736 687 880 758 lluminis,
895 686 956 745 illic

283 774 403 855 Oppida
417 788 481 839 tota
496 803 601 842 canem
617 793 825 843 venerantur:
842 803 932 841 nemo
947 784 1089 846 Dianam.

283 871 411 932 Porrum
423 885 454 934 et
463 898 546 958 caepe
561 881 646 940 nefas
659 881 773 940 violare
786 887 816 939 et
831 880 970 957 frangere
984 901 1100 941 morsu.

282 968 307 1026 Ο
322 981 442 1031 sanctas
455 983 571 1051 gentes,
584 978 695 1057 quibus
711 979 775 1037 haec
790 984 958 1036 nascuntur
970 977 1001 1036 in
1020 977 1123 1038 hortis

282 1066 434 1129 Numina!
451 1071 574 1132 Lanatis
589 1075 770 1134 animalibus
785 1075 918 1133 abstinet
932 1075 1032 1133 omnis

281 1164 402 1237 Mensa;
419 1168 504 1227 nesas
519 1170 581 1230 illic
598 1172 695 1230 letum
705 1171 848 1252 jugulare
860 1170 985 1250 capellae
1003 1189 1009 1231 :
1027 1234 1039 1258 ⁸

282 1255 431 1322 Carnibus
452 1264 614 1326 humanis*
633 1269 714 1327 vesci
733 1269 815 1328 licet.
828 1267 970 1326 Attonito
984 1288 1052 1326 cum

280 1355 351 1417 Tale
367 1380 458 1440 super
471 1382 578 1422 cenam
596 1365 713 1424 lacinus
729 1372 866 1423 narraret
880 1363 1004 1443 Ulysses

279 1453 438 1532 Alcinoo*,
455 1458 547 1518 bilem
560 1469 613 1520 aut
625 1463 718 1520 risum
734 1461 862 1519 fortasse
877 1459 1058 1540 quibusdam

279 1552 429 1623 Moverat,
445 1562 480 1613 ut
493 1557 623 1616 mendax
638 1558 840 1636 aretalogus*.
860 1581 875 1611 α
891 1557 925 1614 ln
939 1576 1022 1614 mare
1038 1577 1132 1617 nemo

280 1649 370 1707 Hunc
385 1650 505 1724 abicit*‚
521 1674 601 1712 saeva
617 1654 742 1733 dignum
759 1675 891 1735 veraque
906 1652 1073 1732 Charybdi,
1094 1717 1098 1724 .

278 1745 457 1822 Fingentem
472 1748 621 1808 immanes
640 1751 853 1830 Laestrygonas
870 1758 962 1830 atque
977 1749 1159 1828 Cyclopas?

277 1843 353 1900 Nam
369 1843 459 1902 citius
474 1845 617 1924 Scyllam,
632 1848 680 1905 vel
693 1848 907 1906 concurrentia
921 1848 1020 1917 saxn',

277 1938 443 2017 Cyaneas*,
458 1942 565 2022 plenos
582 1953 612 2002 et
628 1945 860 2024 tempestatibus
875 1937 989 2002 utres*'

275 2036 474 2108 Crediderim,
492 2046 545 2098 aut
557 2042 641 2100 tenui
653 2063 831 2121 percussum
846 2040 971 2099 verbere
987 2038 1109 2098 Circes*

276 2133 332 2190 Et*
346 2155 415 2193 cum
428 2135 594 2213 remigibus
609 2139 767 2215 grunnisse
784 2137 934 2216 Elpenora
948 2135 1059 2216 porcis.

274 2229 348 2288 'lam
363 2233 449 2290 vacui
464 2233 573 2312 capitis
588 2231 736 2314 populum
751 2235 879 2292 Phaeaca
894 2230 1039 2314 putavit?
1056 2255 1070 2286 »

274 2327 325 2384 Sic
340 2327 449 2408 aliquis
466 2329 585 2402 merito,
601 2331 737 2390 nondum
753 2331 865 2402 ebrius,
883 2336 914 2388 et
928 2328 1088 2388 minimum
1102 2327 1155 2406 qui

274 2423 320 2482 De
335 2423 497 2505 Corcyraea
510 2435 656 2487 temetum
671 2428 801 2487 duxerat
814 2448 890 2485 urna
908 2445 914 2485 ζ

274 2519 363 2579 Solus
378 2522 458 2580 enim
471 2522 530 2581 hoc
544 2524 666 2584 lthacus
681 2525 765 2584 nullo
778 2523 835 2582 sub
850 2530 926 2582 teste
939 2520 1099 2580 canebat'.

242 2637 273 2688 N
276 2647 285 2666 ⁰
296 2637 359 2688 431
375 2651 382 2688 2
396 2639 490 2691 Divis
501 2641 672 2720 Egyptiis.
687 2644 735 2691 Les
744 2643 918 2707 philosophos
930 2644 957 2689 et
967 2641 1006 2687 les
1018 2639 1178 2710 mythologu
1184 2654 1218 2685 es

212 2701 353 2747 modernes
375 2705 421 2747 ont
436 2704 528 2764 essuye
545 2705 708 2766 dexpliquer
722 2706 746 2752 le
763 2705 911 2753 sotionisme
931 2703 1067 2764 egyptren.
1086 2700 1215 2748 Michelet

213 2760 345 2821 (l'Oiseau‚
360 2762 435 2824 chop.
446 2765 613 2824 b'purationl,
625 2768 701 2827 apres
712 2768 785 2813 avoir
796 2765 916 2814 constate'
945 2778 977 2810 ue
990 2761 1028 2810 les
1040 2763 1214 2810 inonuaticns

212 2823 381 2884 periodiqucs
400 2825 435 2870 (lu
458 2826 498 2871 Nil
523 2827 653 2887 deposent
672 2830 780 2888 partout
803 2829 850 2874 des
867 2781 991 2874 matlhes
1010 2824 1141 2886 putridos,
1164 2825 1215 2870 des

212 2884 301 2930 debris
315 2885 439 2932 malsains
452 2890 478 2933 et
491 2888 537 2933 des
557 2903 658 2948 germes
673 2890 705 2936 dc
723 2892 800 2946 mort,
814 2890 903 2948 ajoute
916 2904 921 2936 :
936 2907 947 2930 a
959 2887 980 2933 si
997 2899 1042 2932 ces
1062 2885 1211 2947 intrepidos

211 2946 367 3007 e'purateurs
387 2947 456 3008 (ibis,
477 2949 605 3009 epervier,
626 2951 758 3010 vautour).
777 2952 798 2996 si
815 2965 859 2997 ces
876 2949 1017 3010 balayeurs
1038 2961 1100 2993 sans
1117 2947 1213 2994 salaire

210 3008 349 3068 prenaient
358 3009 383 3056 la
396 3011 649 3064 moindreyacance,
662 3012 687 3058 la
700 3015 774 3073 peste
785 3013 864 3058 serait
874 3012 978 3058 bientbt
986 3010 1009 3056 lc
1018 3007 1075 3055 seul
1088 3008 1212 3055 hubitant

210 3070 245 3115 du
257 3083 323 3131 pays
337 3089 358 3116 ».
374 3069 415 3117 On
426 3075 491 3132 peut
503 3086 535 3118 en
548 3073 604 3119 dire
618 3075 710 3119 autent
722 3074 757 3118 du
774 3073 906 3119 crocotlile
922 3073 975 3133 (qui
991 3070 1092 3117 devore
1104 3071 1143 3117 les
1156 3083 1213 3132 gre-

210 3132 331 3187 nouilles‚
352 3132 460 3191 le'zards,
479 3137 608 3240 serpents,
627 3135 759 3187 insectesl.
778 3134 816 3182 Cf.
834 3134 927 3181 Perrot
942 3133 1019 3194 (unt.
1038 3131 1070 3178 de
1090 3129 1168 3188 tan,
1186 3130 1208 3188 Ι,

209 3195 392 3302 tilithi
405 3194 1212 3324 litati„ttisstlttilftllihlittiittsstlxffiiii

208 3320 235 3386 et
248 3316 384 3362 laborieux
397 3319 547 3365 auxiliaires
559 3319 591 3364 de
606 3317 728 3366 l'homme
743 3338 763 3364 ».
777 3345 806 3352 -
820 3319 987 3368 Humanis.
999 3318 1144 3364 Assertron
1175 3329 1208 3361 ue

208 3391 263 3423 rrcn
288 3392 320 3424 nc
349 3393 458 3438 prouve.
480 3405 509 3414 -
533 3378 675 3428 Alcinoo.
701 3381 766 3426 l'oir
788 3379 911 3441 Oclysse'e¹
937 3379 981 3426 lX.
1003 3404 1033 3413 —
1057 3331 1210 3426 Aretalo-

207 3451 276 3500 gus.
297 3440 363 3486 Voir
380 3454 409 3486 cc
429 3443 493 3498 mot,
507 3455 540 3487 au
562 3441 674 3503 texique.
692 3465 722 3476 -
736 3439 848 3490 Abicit
869 3459 900 3483 =
915 3438 1020 3502 abjicit.
1044 3463 1075 3474 -
1093 3437 1206 3488 Saxa:

207 3509 244 3553 tes
261 3501 452 3562 Symplegades
470 3502 533 3572 (obv,
550 3507 663 3570 πλήσσω,
685 3503 802 3562 heurter}
821 3518 826 3550 ε
847 3501 970 3549 c'etaient
988 3502 1058 3548 deux
1076 3498 1172 3546 roches
1190 3500 1206 3545 h

205 3565 313 3617 l'entrce
333 3572 368 3618 du
388 3572 532 3632 Bosphoro,
552 3574 618 3620 dans
642 3573 666 3620 le
694 3571 871 3630 Pom-Eunu
895 3575 923 3620 et
947 3571 1026 3633 qu’on
1054 3568 1161 3630 croyait
1177 3582 1206 3614 se

206 3633 369 3692 rapprocher
388 3647 455 3693 pour
468 3648 589 3680 enserrer
604 3635 643 3680 les
662 3633 830 3693 navigateurs
847 3633 891 3692 qui
909 3631 1118 3680 s'aventuraient
1129 3633 1207 3678 entre

206 3693 278 3738 elles.
292 3718 321 3725 -
336 3693 493 3753 Cyaneas,
507 3695 572 3741 c'est
584 3709 619 3740 un
632 3698 706 3740 autre
720 3707 781 3738 nom
793 3693 825 3739 de
844 3693 1043 3756 Symplegades.
1053 3718 1083 3727 —
1094 3692 1207 3744 Utres.

206 3752 272 3798 Voir
296 3751 419 3813 Odyssea.
432 3753 518 3800 Chant
532 3755 563 3809 Χ,
580 3759 601 3800 l.
622 3781 651 3788 -
668 3753 788 3803 Circes.
807 3753 931 3815 Odysse'e‚
950 3755 982 3815 X,
998 3758 1050 3801 244.
1074 3779 1104 3789 -
1122 3753 1209 3802 Et:

207 3814 231 3857 et
241 3812 339 3917 ipsumi
351 3838 380 3916 d—
390 3812 547 3916 ?anehat,
559 3815 732 3875 dedaigneux.
750 3814 789 3861 Cl.
803 3815 826 3861 le
837 3816 969 3877 proverbe
982 3836 992 3858 u
1002 3830 1016 3863 a
1027 3816 1095 3863 beau
1108 3815 1212 3861 urentir

207 3885 325 3917 nurvren
370 3885 383 3918 e
406 3885 449 3917 om
464 3891 484 3920 n.

625 3945 802 4000 —434-'
