2756 4238
342 137 426 194 251.
440 138 597 225 Devotrs
609 125 675 196 des
686 139 847 196 colontes
862 152 997 198 envers
1009 141 1131 195 Rome.
1200 213 1207 224 ·

341 233 387 296 (Dc
398 233 492 296 officiis
503 249 564 298 quac
577 235 697 285 coloniae
710 235 835 284 Romanis
850 237 988 298 praestare
1001 235 1134 298 debeant.)

182 341 222 405 3⁰
275 347 412 426 Triginta
439 356 505 422 tum
533 349 683 410 coloniae*
710 350 815 430 populi
846 349 976 410 Romani
1006 359 1113 410 erant:
1134 370 1170 408 ex
1200 350 1240 408 iis

235 443 398 504 duodecim
415 449 627 525 negaverunt*
641 448 819 507 consulibus
837 469 901 506 esse
922 447 1003 506 unde
1019 448 1130 505 milites
1145 467 1240 527 pecu-

237 541 380 622 niamque
396 543 514 602 darent.
532 543 620 604 Nova
637 565 669 602 re
687 545 827 603 consules
848 545 912 619 icti,
938 545 1110 610 absterrere
1134 563 1239 602 aarum

236 637 352 716 legatos
367 660 384 698 a
401 647 462 698 tam
481 640 653 699 detestabili
669 641 799 700 consilio
817 661 823 701 :
839 667 851 695 α
868 662 929 699 non
945 641 1026 699 enim
1042 629 1240 699 detrectatio·

236 755 304 794 nem
324 738 410 794 eam*
426 757 588 796 munerum
607 738 735 809 militiae,
762 738 815 796 sed
835 724 971 818 apertam
996 738 1202 796 delectionem
1224 759 1241 796 a

236 833 354 912 populo
370 832 511 892 Romano
527 855 603 894 esse.
622 833 771 893 Redirent
787 835 889 914 itaque
899 855 1028 914 propere
1045 836 1076 892 in
1089 835 1238 904 coloniae,

236 937 277 1011 et,
295 937 451 1010 tamquam
465 931 605 1009 integra*
619 953 651 990 re
674 932 789 990 locuti*
805 932 901 1009 magis
919 951 1010 1010 quam
1026 932 1092 990 ausi
1119 939 1240 990 tantum

236 1027 331 1101 nefas,
351 1048 421 1086 cum
437 1028 500 1086 suis
516 1029 722 1087 consulerent.
746 1028 961 1089 Admonerent
984 1049 1046 1087 non
1067 1027 1241 1108 Campanos

236 1144 335 1203 neque
352 1124 534 1183 Tarentinos
547 1146 684 1197 esseeoS,
702 1125 755 1184 sed
771 1126 959 1197 Romanos*‚
972 1126 1064 1184 inde*
1079 1125 1239 1199 oriundOS,

235 1222 307 1280 inde
334 1221 363 1278 in
390 1222 527 1283 colonias
549 1229 641 1301 atque
680 1223 710 1280 in
748 1243 854 1300 agrum
893 1223 974 1280 bello
1000 1230 1125 1302 captum
1156 1223 1241 1281 urbis

235 1318 403 1396 augendae*
421 1340 511 1378 causa
534 1321 657 1393 missos;
680 1341 749 1399 quae
771 1320 858 1378 liberi
878 1320 1057 1399 parentibus
1077 1318 1236 1391 deberent,

235 1436 269 1474 ea
283 1415 350 1474 illos
364 1415 512 1474 Romanis
528 1416 651 1490 debere,
664 1417 688 1475 si
705 1416 765 1481 ulla
778 1418 885 1495 pietaS,
904 1417 929 1474 si
945 1417 1092 1475 memoria
1104 1417 1241 1496 antiquae

235 1513 341 1592 patriae
367 1520 457 1572 esset.
488 1513 693 1572 Consulcrcnt
721 1514 816 1590 igitur
843 1513 880 1571 de
910 1513 1056 1590 integro:
1082 1534 1151 1572 nam
1174 1521 1240 1572 tum

234 1610 358 1690 quidem
394 1630 462 1689 quae
492 1619 604 1668 temere
633 1610 830 1688 agitassent*,
857 1631 891 1669 ea
918 1609 1092 1689 prodendi*
1116 1611 1239 1689 imperii

234 1706 378 1779 Romani,
392 1706 548 1765 tradendae
559 1707 723 1765 Hannibali
736 1707 874 1765 victoriae
887 1728 963 1766 esse.
979 1733 993 1762 n
1004 1706 1081 1765 Cum
1093 1707 1241 1766 alternis*

234 1805 299 1863 haec
320 1803 461 1862 consules
477 1803 529 1863 diu
551 1804 730 1882 jactassent,
754 1803 830 1861 nihil
858 1805 932 1862 moti
953 1805 1056 1882 legati,
1086 1824 1186 1883 neque
1208 1825 1241 1862 se

234 1901 317 1980 quod
336 1900 461 1959 domum
486 1901 700 1960 renuntiarent
723 1901 834 1959 habere
858 1900 1003 1959 dixerunt
1029 1921 1128 1980 neque
1150 1921 1238 1958 sena-

234 2005 300 2056 tum
312 1999 324 2022 *
341 2019 431 2055 suum
448 1979 531 2077 quod
542 1999 614 2056 novi
631 1998 816 2070 consuleret,
834 1999 885 2055 ubi
905 2019 960 2056 nec
983 1998 1070 2056 miles
1086 1997 1139 2076 qui
1155 1997 1238 2075 lege-

234 2103 318 2153 retur
335 2114 390 2152 nec
406 2095 536 2173 pecunia
549 2115 617 2173 quae
639 2095 765 2153 daretur
785 2095 815 2152 in
835 2094 1024 2173 stipendium
1046 2102 1136 2153 esset.
1158 2094 1238 2153 Cum

234 2191 405 2250 obstinatos
423 2212 474 2249 eos
491 2191 631 2250 viderent
642 2191 795 2262 consules,
815 2212 877 2250 rem
898 2190 934 2249 ad
954 2198 1093 2249 senatum
1121 2190 1239 2249 detule-

233 2295 316 2360 runt,
338 2288 390 2346 ubi
412 2295 516 2347 tantus
536 2309 632 2367 pavor
651 2289 761 2347 animis
785 2287 945 2346 hominum
971 2295 1018 2347 est
1039 2288 1184 2368 injectuS,
1206 2295 1240 2346 ut

234 2406 344 2464 magna
358 2406 427 2464 pars
436 2393 538 2444 actum
554 2385 591 2444 de
609 2385 739 2464 imperio
757 2385 906 2444 dicerent.

265 2519 305 2568 111ο
317 2518 378 2568 251
394 2531 400 2565 τ
414 2516 575 2567 Coloniae.
590 2517 656 2564 Voir
673 2517 794 2564 versions
808 2519 851 2563 216
864 2522 891 2564 et
902 2521 954 2563 250.
969 2516 996 2564 Si
1009 2513 1061 2564 l'on
1075 2519 1130 2564 met
1147 2516 1161 2564 ὲ
1199 2520 1241 2564 art

234 2579 273 2627 les
288 2579 405 2626 colonias
426 2578 557 2642 apraircs,
575 2578 686 2626 fondees
710 2593 742 2624 en
761 2579 998 2639 vuedesoulager
1013 2579 1037 2625 la
1056 2579 1152 2626 misere
1189 2579 1240 2624 ela

234 2641 313 2702 plebe
325 2641 442 2687 romaine
455 2654 489 2686 ou
506 2641 640 2698 italienne,
659 2643 686 2686 et
703 2641 741 2687 les
757 2639 875 2687 colonias
893 2639 1043 2697 militaircs,
1062 2655 1096 2686 ou
1112 2639 1239 2687 distribu-

235 2704 306 2750 tions
319 2704 351 2749 de
365 2707 448 2750 terres
462 2705 544 2764 ayant
557 2717 625 2763 pour
640 2703 714 2762 obJet
732 2703 763 2748 de
782 2701 969 2762 rc'compenser
987 2704 1025 2749 les
1047 2703 1149 2750 soldets
1161 2703 1188 2748 et
1200 2701 1240 2748 les

234 2765 367 2821 veternus,
392 2765 410 2810 il
431 2778 480 2825 yu
497 2764 563 2811 trois
581 2765 667 2810 sortes
688 2765 720 2810 de
740 2765 857 2810 colonias
877 2779 881 2810 :
901 2768 926 2808 1ο
944 2764 981 2811 les
1003 2762 1123 2811 coloniae
1140 2761 1240 2810 civium

235 2840 409 2874 romanorum
422 2825 588 2886 (composees
598 2826 630 2871 de
643 2826 765 2886 citoyens
776 2829 857 2886 ayant
868 2825 893 2872 la
905 2825 1007 2886 civitas)
1016 2839 1022 2884 ;
1031 2831 1056 2871 2⁰
1069 2825 1107 2872 les
1118 2823 1240 2874 coloniae

236 2887 335 2936 latinae
349 2888 425 2949 (dont
437 2887 476 2933 les
495 2887 617 2948 citoyens
635 2888 741 2933 avaient
755 2886 778 2933 la
794 2886 887 2932 civitas
906 2887 1015 2949 latina),
1029 2891 1053 2933 3⁰
1068 2888 1106 2933 les
1119 2885 1240 2933 coloniae

236 2947 395 2997 maritimae.
419 2948 468 2994 Ces
493 2949 628 2995 dernieres
653 2949 738 2995 seules
758 2949 917 3009 jouissaicnt
943 2951 975 2996 de
1004 2947 1174 3009 l'exemption
1203 2949 1240 2993 du

236 3011 338 3060 service
355 3010 480 3057 militaire
499 3009 610 3071 (vacatio
638 3009 759 3065 militiacl
784 3008 892 3070 qu'elles
916 3011 1112 3057 conside'raient
1135 3024 1240 3056 comme

236 3073 326 3122 sacrae
340 3071 538 3134 (sacrosancta).
553 3071 592 3117 On
601 3071 704 3132 appelle
715 3071 834 3118 coloniae
846 3071 940 3132 populi
954 3071 1118 3118 romaninon
1132 3087 1180 3132 pas
1193 3072 1240 3117 des

235 3135 354 3182 colonias
366 3135 398 3181 de
407 3134 529 3194 citoyens
542 3133 668 3191 romains,
687 3133 753 3179 mais
772 3134 818 3179 des
831 3133 949 3180 colonies
963 3133 1071 3180 sondces
1085 3148 1118 3180 au
1130 3147 1192 3179 nom
1206 3133 1239 3178 de
1255 3170 1259 3187 ,

235 3195 328 3254 Rome,
342 3194 451 3256 qu'elles
466 3209 494 3241 se
510 3198 669 3256 composent
686 3195 718 3241 de
734 3196 863 3254 citoyens,
882 3195 915 3241 de
933 3196 1023 3241 Latins
1041 3209 1075 3240 ou
1093 3194 1237 3241 d'ltaliens

235 3285 265 3293 —
280 3258 497 3319 Negavorunt
513 3276 543 3298 =
558 3256 686 3303 dicarunt
701 3255 859 3302 consulibus
870 3271 922 3302 non
936 3271 999 3304 csse.
1012 3283 1043 3290 -
1058 3257 1148 3315 Eam,
1164 3255 1239 3317 cqui-

235 3323 301 3367 veut
312 3319 326 3366 a
343 3318 378 3367 id.
391 3346 418 3354 —
431 3319 568 3380 Integra
579 3331 623 3367 re.
636 3319 685 3365 Les
699 3317 806 3366 consuls
819 3321 881 3365 sont
911 3319 974 3376 rets,
988 3332 1057 3379 pour
1067 3331 1189 3365 rumener
1200 3318 1240 3363 les

235 3381 356 3440 rebelles,
370 3381 385 3427 a
398 3381 469 3442 J'eter
484 3395 520 3426 un
537 3381 607 3427 voile
625 3394 671 3426 sur
686 3379 710 3426 le
731 3379 818 3440 passe.
837 3406 866 3414 ·-
912 3379 1009 3438 ocuti,
1027 3379 1051 3426 le
1071 3379 1152 3426 crime
1171 3378 1240 3426 n'est

235 3457 332 3491 encore
343 3442 454 3490 commis
489 3440 548 3488 u'en
561 3442 674 3503 paroles.
692 3467 719 3475 -
735 3441 910 3490 Romanos.
924 3439 994 3488 C'est
1011 3441 1035 3487 la
1050 3439 1238 3488 eommunuute

235 3505 367 3564 romaine3
380 3504 412 3550 ils
422 3457 500 3552 ontle
509 3503 558 3566 jus
566 3502 644 3551 Latii.
656 3503 774 3551 -Inde
787 3521 817 3544 =
827 3502 916 3550 Roma.
932 3529 959 3537 —
971 3502 1160 3564 Augendae,
1171 3516 1239 3563 pour

236 3565 398 3628 developper
418 3580 453 3613 ou
470 3565 579 3613 etendre
600 3566 625 3612 la
643 3579 704 3611 rece
724 3565 850 3612 romaine.
871 3591 899 3598 -
913 3564 1109 3626 Agitassent
1124 3582 1155 3606 =
1191 3577 1238 3610 uae

235 3626 1237 3750 1901111818ὲέ13111101111111ιξ1ι1ῃ1ῗἲὶῖυῗοῐῗἀᾸΙ11111ιιὲῘάἕ111ι1υζ-οοηᾞ1

235 3752 308 3860 ἶνῖὴ
325 3727 350 3848 l}
369 3749 602 3798 commandemenl
617 3749 649 3796 de
666 3750 736 3796 deux
750 3749 826 3810 jours
841 3747 903 3796 l'un.
916 3773 948 3784 -—
964 3749 1121 3800 Senatum
1134 3748 1235 3812 (secut.

255 3828 270 3860 a
291 3826 354 3860 ere.

657 3898 817 3952 -254-
