2756 4238
505 187 716 246 CHAPITRE
737 187 779 246 Vl

557 283 654 346 (Caput
669 283 722 347 Vl).

218 395 349 482 straete.
364 432 404 442 -
418 419 466 456 uns
482 419 650 458 ruovmcns,
667 434 706 442 -
723 420 795 457 Luun
811 419 1064 458 norumsrnmou.

212 554 214 558 ι
290 493 338 554 (De
352 491 445 541 ltaliae
460 493 718 559 provinciarumque
733 493 987 556 administratione.)
1070 489 1071 492 ’

138 631 224 689 244.
243 633 443 704 Plaidoyer
462 647 507 692 en
531 635 666 692 taveur
685 637 751 695 des
772 636 958 693 Rhoeteus
977 631 1142 692 revoltes

509 727 637 780 contre
652 726 775 780 Rome.

288 824 352 890 (Pro
368 827 583 876 Rhodiensibus'
594 827 669 892 quia
681 828 808 878 Romanis
818 826 993 893 defecerant.)

181 982 195 1012 «
217 958 285 1019 Scio
312 959 409 1019 solere
435 960 588 1040 plerisque
613 961 790 1022 hominibus
819 961 851 1019 in
879 962 971 1021 rebus
999 959 1142 1020 secundis
1157 958 1197 1021 2⁰

137 1061 233 1134 atque
254 1057 402 1135 prolixis*
426 1064 518 1136 atque
540 1059 694 1137 prosperis
716 1059 853 1118 animum
871 1058 1030 1130 excellere,
1050 1064 1142 1137 atque

140 1153 314 1230 superbiam
354 1161 447 1232 atque
475 1154 623 1213 ferociam
662 1175 826 1233 augescere
859 1163 951 1236 atque
993 1174 1141 1214 crescere.

139 1247 252 1314 Quod*
273 1249 348 1307 mihi
368 1271 450 1310 nunc
472 1271 590 1328 magnae
615 1272 696 1310 curae
721 1260 767 1311 est
794 1253 900 1332 quod*
928 1253 994 1310 haec
1012 1271 1060 1309 res
1081 1258 1142 1309 tam

138 1346 275 1404 secunde
289 1349 484 1426 processerit,
502 1348 626 1427 nequid
642 1350 673 1407 in
686 1349 876 1408 consulendo
891 1348 1013 1409 advorsi
1022 1347 1145 1406 eveniat

139 1441 225 1520 quod
254 1451 374 1502 nostras
400 1444 551 1503 secundas
579 1466 626 1503 res
655 1446 809 1520 confutet3
838 1466 916 1504 neve
944 1444 1011 1505 haec
1037 1444 1144 1502 laetitia

139 1538 232 1597 nimis
250 1540 407 1600 luxuriose
427 1543 559 1601 eveniat.
586 1543 735 1604 Advorsae
750 1563 799 1602 res
813 1543 970 1614 edomant,
987 1549 1017 1601 et
1032 1542 1146 1600 docent

139 1635 217 1714 quid
244 1657 321 1716 opus
350 1637 390 1696 sit
415 1638 521 1697 facto*
538 1657 544 1699 :
563 1639 705 1698 secundae
730 1661 778 1711 res
801 1639 907 1699 laetitia
932 1647 1145 1698 transvorsum

141 1732 266 1792 trudere
282 1732 383 1792 solent
397 1755 414 1793 a
427 1742 509 1793 recte
522 1735 711 1794 consulendo
726 1744 818 1816 atque
837 1735 1056 1814 intellegendo.
1078 1734 1145 1801 Quo

136 1815 258 1908 'majore
285 1832 401 1910 opere*
425 1831 493 1891 dico
518 1832 693 1913 suadeoque
715 1833 759 1892 uti
775 1832 840 1893 haec
856 1834 925 1892 res*
944 1833 1061 1912 aliquot
1080 1831 1146 1889 dies
1191 1873 1194 1883 .

143 1927 330 2003 proferatur,
351 1927 424 1987 dum
447 1949 483 1987 ex
508 1936 594 1988 tanto
619 1931 733 2009 gaudio
756 1931 788 1989 in
807 1937 991 2010 potestatem
1008 1937 1146 1988 nostram

140 2022 334 2084 redeamus*.
348 2028 450 2104 Atque
464 2047 521 2105 ego
533 2027 654 2106 quidem
668 2025 1147 2087 arbitrorRhodiensesnoluisse

141 2140 199 2177 nos
225 2121 268 2179 ita
293 2122 470 2200 depugnare
500 2123 545 2181 uti
574 2124 784 2204 depugnatum
820 2132 877 2191 est,
911 2145 1011 2204 neque
1044 2142 1146 2201 regem

145 2216 280 2276 Persen*
299 2218 421 2278 vicisse.
448 2219 517 2278 Non
541 2219 733 2280 Rhodienses
758 2222 851 2281 modo
877 2221 908 2279 id
931 2222 1067 2292 noluere,
1093 2218 1146 2278 sed

141 2313 257 2373 multos
269 2315 398 2394 populos
415 2325 506 2396 atque
524 2318 636 2379 multas
657 2319 796 2377 nationes
813 2318 895 2376 idem
919 2317 1053 2377 noluisse
1069 2316 1148 2376 arbi-

146 2404 222 2470 trorss
234 2414 336 2490 Atque
355 2411 435 2471 haud
456 2414 521 2472 scio
540 2435 577 2473 an
598 2416 732 2494 partim*
750 2436 856 2474 eorum
874 2415 998 2484 luerint,
1016 2414 1148 2494 quinon

147 2515 260 2567 nostrae
275 2510 470 2568 contumeliae
489 2531 581 2570 causa
593 2512 624 2570 id
638 2512 794 2571 noluerint
809 2513 951 2571 evenire:
969 2511 1022 2570 sed
1049 2510 1148 2568 enim*

141 2605 174 2662 id
188 2613 336 2677 metuere,
354 2608 481 2666 sinemo
499 2616 579 2666 esset
594 2609 686 2668 homo
705 2630 796 2688 quem
813 2629 989 2667 vereremur
1003 2608 1148 2687 quodque

144 2701 264 2761 luberet
279 2703 459 2771 faceremus,
477 2725 515 2762 ne
529 2705 585 2763 sub
602 2706 667 2764 solo
687 2707 816 2785 imperio
833 2714 938 2764 nostro
952 2706 983 2763 in
999 2705 1149 2763 servitute

143 2807 249 2858 nostra
262 2809 364 2859 essent
378 2820 384 2860 :
400 2800 551 2861 libertatis
568 2824 630 2862 suae
655 2824 745 2862 causa
768 2803 800 2862 in
825 2824 859 2862 ea
880 2799 1032 2862 sententia
1054 2800 1149 2861 tuisse

142 2897 318 2956 arbitror.»

175 3022 212 3069 11ο
226 3020 312 3070 244:
331 3021 584 3072 Rhodiensibus.
600 3023 637 3069 En
657 3027 710 3078 119,
730 3024 753 3070 16
768 3024 806 3070 roi
826 3023 859 3070 de
880 3022 1037 3071 Macedoine
1054 3022 1150 3069 Persea

141 3098 243 3144 songea
267 3083 281 3129 a
305 3086 450 3144 reprendre
477 3085 515 3132 les
564 3085 645 3145 roJ’ets
670 3084 831 3132 d'Hannibal
854 3089 947 3133 contre
977 3085 1069 3132 Rome.
1100 3084 1150 3131 Les

145 3145 272 3193 Romame
296 3149 378 3207 ayant
409 3146 514 3194 declaret
543 3101 565 3192 ll
590 3162 684 3206 guerre
715 3147 730 3194 1
756 3147 859 3205 Pemte,
889 3147 926 3193 les
955 3146 1091 3193 Rhodiens
1112 3145 1149 3192 lui

142 3207 310 3268 envoyerent
332 3207 379 3254 des
397 3223 513 3256 secours.
539 3208 626 3269 Aprts
651 3208 676 3255 la
697 3209 795 3255 delaite
820 3209 852 3255 de
876 3208 981 3266 Persee,
1016 3208 1039 3254 le
1068 3207 1150 3254 Senot

145 3269 249 3317 voulait
265 3269 367 3316 chartea
382 3269 421 3317 les
441 3269 585 3317 Rhodiens.
606 3269 690 3317 Caton
706 3270 854 3331 s'yopposa
875 3274 927 3329 (167
951 3284 993 3316 av.
1012 3268 1101 3330 J.—C.).
1120 3293 1150 3303 -

144 3330 304 3382 Prollxls:
319 3331 377 3378 idee
394 3332 590 3388 d'abondance;
611 3331 735 3378 secundis
748 3331 896 3393 (victoireg
906 3329 1046 3441 prosperis
1063 3329 1150 3392 (pros-

145 3392 250 3455 pe'rite).
264 3393 398 3453 —Quod
412 3393 491 3442 mihi
506 3408 511 3440 z
530 3393 602 3455 quod
633 3413 662 3435 =
684 3392 785 3456 itaque.
811 3420 841 3428 -
858 3393 950 3454 Quod
992 3405 1052 3442 aee
1068 3403 1123 3441 res
1142 3405 1149 3439 ε

145 3454 219 3519 quod
235 3473 267 3497 =
281 3469 350 3512 cum,
369 3455 457 3516 quise
477 3455 596 3502 rattache
619 3456 633 3501 1
656 3469 743 3514 nunc;
765 3455 828 3502 haec
848 3469 910 3502 res:
929 3454 993 3501 c'est
1015 3454 1038 3501 la
1056 3468 1150 3516 guerre

145 3519 239 3565 contre
261 3516 366 3563 Persee.
389 3544 419 3553 -
431 3517 533 3566 Facto
548 3516 655 3577 (ablatil
664 3517 699 3563 du
712 3513 806 3578 partic.
821 3516 908 3577 passe)
922 3531 928 3563 ε
942 3517 967 3563 la
980 3516 1093 3562 maxime
1109 3518 1151 3562 est

145 3579 224 3640 digne
238 3579 270 3625 de
288 3577 382 3625 Caton.
397 3606 426 3614 -
443 3578 572 3640 Majore
586 3591 682 3640 opere
700 3578 881 3654 :conrparatil
891 3578 923 3624 de
937 3591 1106 3640 magnopere.
1121 3601 1151 3612 -

146 3641 237 3690 Haec
257 3653 311 3688 ree
330 3654 335 3687 :
354 3641 378 3688 le
392 3640 496 3701 proces.
513 3666 543 3675 —
559 3639 757 3689 Redeamus.
776 3640 881 3686 consen
900 3639 971 3700 plein
990 3640 1022 3685 de
1036 3653 1148 3699 sagesse.

146 3703 196 3764 (Cf.
208 3702 231 3749 le
243 3702 266 3749 lc
277 3703 398 3749 discours
410 3704 442 3749 de
455 3701 536 3748 Ce'sar
547 3700 680 3756 (Salluste‚
695 3701 761 3758 Cat,
774 3702 821 3762 51).
836 3728 863 3736 —
876 3701 999 3752 Persen
1014 3715 1019 3747 ε
1033 3699 1151 3761 comple-

147 3768 221 3811 ment
232 3764 264 3810 de
277 3763 379 3812 vicisse.
394 3791 422 3799 -
435 3763 571 3820 Partim,
585 3763 715 3810 accusatis
721 3763 864 3824 archalque
874 3763 979 3810 devenu
990 3762 1107 3809 adverbe
1119 3777 1151 3802 =

145 3824 242 3887 ntiqui.
257 3851 287 3859 —
298 3824 431 3884 -Enim‚
446 3839 567 3873 annonce
579 3825 604 3872 la
616 3825 747 3871 ventable
759 3825 856 3872 raison.

571 3931 673 3982 -ttr
694 3959 728 3968 -
