<?xml version="1.0" encoding="UTF-8"?>
<!DOCTYPE html PUBLIC "-//W3C//DTD XHTML 1.0 Transitional//EN"
    "http://www.w3.org/TR/xhtml1/DTD/xhtml1-transitional.dtd">
<html xmlns="http://www.w3.org/1999/xhtml" xml:lang="en" lang="en">
 <head>
  <title>
</title>
<meta http-equiv="Content-Type" content="text/html;charset=utf-8" />
  <meta name='ocr-system' content='tesseract 3.04.00' />
  <meta name='ocr-capabilities' content='ocr_page ocr_carea ocr_par ocr_line ocrx_word'/>
</head>
<body>
  <div class='ocr_page' id='page_1' title='image "./depublicaprivat01arnagoog_0444.png"; bbox 0 0 2698 4234; ppageno 0'>
   <div class='ocr_carea' id='block_1_1' title="bbox 500 199 784 368">
    <p class='ocr_par' dir='ltr' id='par_1_1' title="bbox 500 199 784 368">
     <span class='ocr_line' id='line_1_1' title="bbox 500 199 784 259; baseline -0.004 -1"><span class='ocrx_word' id='word_1_1' title='bbox 500 199 710 259; x_wconf 77' lang='lat' dir='ltr'><strong>cHAPITRE</strong></span> <span class='ocrx_word' id='word_1_2' title='bbox 731 199 759 258; x_wconf 88' lang='lat' dir='ltr'>X</span> <span class='ocrx_word' id='word_1_3' title='bbox 779 239 784 256; x_wconf 56' lang='lat'><em>1</em></span> 
     </span>
     <span class='ocr_line' id='line_1_2' title="bbox 548 304 698 368; baseline -0.013 0"><span class='ocrx_word' id='word_1_4' title='bbox 548 304 698 368; x_wconf 78' lang='lat' dir='ltr'><strong>(Caputx.)</strong></span> 
     </span>
    </p>
   </div>
   <div class='ocr_carea' id='block_1_2' title="bbox 274 440 984 606">
    <p class='ocr_par' dir='ltr' id='par_1_2' title="bbox 274 440 984 606">
     <span class='ocr_line' id='line_1_3' title="bbox 326 440 929 498; baseline 0.005 -4"><span class='ocrx_word' id='word_1_5' title='bbox 326 440 477 497; x_wconf 69' lang='lat' dir='ltr'><strong>cossiars.</strong></span> <span class='ocrx_word' id='word_1_6' title='bbox 494 471 533 480; x_wconf 94' lang='lat'><strong>—-</strong></span> <span class='ocrx_word' id='word_1_7' title='bbox 548 441 684 497; x_wconf 72' lang='lat' dir='ltr'><strong>subruas.</strong></span> <span class='ocrx_word' id='word_1_8' title='bbox 700 471 739 481; x_wconf 89' lang='lat'><em>-</em></span> <span class='ocrx_word' id='word_1_9' title='bbox 754 458 929 498; x_wconf 72' lang='lat' dir='ltr'><strong>sacmrmas</strong></span> 
     </span>
     <span class='ocr_line' id='line_1_4' title="bbox 274 539 984 606; baseline 0.004 -19"><span class='ocrx_word' id='word_1_10' title='bbox 274 539 321 602; x_wconf 83' lang='lat' dir='ltr'><strong>(De</strong></span> <span class='ocrx_word' id='word_1_11' title='bbox 335 541 471 605; x_wconf 75' lang='lat' dir='ltr'><strong>Colleqiis.</strong></span> <span class='ocrx_word' id='word_1_12' title='bbox 486 568 515 578; x_wconf 88' lang='lat'>-</span> <span class='ocrx_word' id='word_1_13' title='bbox 528 542 565 590; x_wconf 87' lang='lat' dir='ltr'><strong>De</strong></span> <span class='ocrx_word' id='word_1_14' title='bbox 577 541 774 591; x_wconf 73' lang='lat' dir='ltr'><strong><em>Sacerdotibus.</em></strong></span> <span class='ocrx_word' id='word_1_15' title='bbox 786 569 815 578; x_wconf 93' lang='lat'>-</span> <span class='ocrx_word' id='word_1_16' title='bbox 827 543 865 591; x_wconf 85' lang='lat' dir='ltr'><strong>De</strong></span> <span class='ocrx_word' id='word_1_17' title='bbox 877 541 984 606; x_wconf 81' lang='lat' dir='ltr'><strong>Sacris.)</strong></span> 
     </span>
    </p>
   </div>
   <div class='ocr_carea' id='block_1_3' title="bbox 126 663 1043 736">
    <p class='ocr_par' dir='ltr' id='par_1_3' title="bbox 126 663 1043 736">
     <span class='ocr_line' id='line_1_5' title="bbox 126 663 1043 736; baseline 0 -15"><span class='ocrx_word' id='word_1_18' title='bbox 126 681 131 689; x_wconf 92' lang='lat'>·</span> <span class='ocrx_word' id='word_1_19' title='bbox 213 663 286 722; x_wconf 80' lang='grc'><strong>392</strong></span> <span class='ocrx_word' id='word_1_20' title='bbox 311 666 477 734; x_wconf 78' lang='lat' dir='ltr'><strong>collegas</strong></span> <span class='ocrx_word' id='word_1_21' title='bbox 491 665 673 736; x_wconf 74' lang='lat' dir='ltr'><strong>religieux</strong></span> <span class='ocrx_word' id='word_1_22' title='bbox 687 665 818 724; x_wconf 80' lang='lat' dir='ltr'><strong>rondes</strong></span> <span class='ocrx_word' id='word_1_23' title='bbox 831 680 902 735; x_wconf 82' lang='lat' dir='ltr'><strong>par</strong></span> <span class='ocrx_word' id='word_1_24' title='bbox 914 669 1043 724; x_wconf 82' lang='lat' dir='ltr'><strong>Numa.</strong></span> 
     </span>
    </p>
   </div>
   <div class='ocr_carea' id='block_1_4' title="bbox 321 760 1090 826">
    <p class='ocr_par' dir='ltr' id='par_1_4' title="bbox 321 760 1090 826">
     <span class='ocr_line' id='line_1_6' title="bbox 321 760 1090 826; baseline 0.003 -17"><span class='ocrx_word' id='word_1_25' title='bbox 321 760 367 823; x_wconf 88' lang='lat' dir='ltr'><strong>(Dc</strong></span> <span class='ocrx_word' id='word_1_26' title='bbox 378 762 547 809; x_wconf 80' lang='lat' dir='ltr'><strong>sacerdotum</strong></span> <span class='ocrx_word' id='word_1_27' title='bbox 559 761 681 826; x_wconf 72' lang='lat' dir='ltr'><strong>cotlcpiis</strong></span> <span class='ocrx_word' id='word_1_28' title='bbox 694 762 808 810; x_wconf 84' lang='lat' dir='ltr'><strong>aNume</strong></span> <span class='ocrx_word' id='word_1_29' title='bbox 820 761 937 826; x_wconf 81' lang='lat' dir='ltr'><strong>creatis.)</strong></span> <span class='ocrx_word' id='word_1_30' title='bbox 1020 817 1022 822; x_wconf 28' lang='lat'><strong>¹</strong></span> <span class='ocrx_word' id='word_1_31' title='bbox 1088 783 1090 792; x_wconf 72' lang='lat'>=</span> 
     </span>
    </p>
   </div>
   <div class='ocr_carea' id='block_1_5' title="bbox 36 890 1187 1843">
    <p class='ocr_par' dir='ltr' id='par_1_5' title="bbox 126 890 1187 1551">
     <span class='ocr_line' id='line_1_7' title="bbox 172 890 1187 974; baseline 0.004 -27"><span class='ocrx_word' id='word_1_32' title='bbox 172 890 248 948; x_wconf 91' lang='lat' dir='ltr'><strong>Tum</strong></span> <span class='ocrx_word' id='word_1_33' title='bbox 265 892 474 952; x_wconf 88' lang='lat' dir='ltr'><strong>sacerdotibus</strong></span> <span class='ocrx_word' id='word_1_34' title='bbox 491 894 631 953; x_wconf 84' lang='lat' dir='ltr'>creandis</span> <span class='ocrx_word' id='word_1_35' title='bbox 644 894 781 952; x_wconf 91' lang='lat' dir='ltr'><strong>animum</strong></span> <span class='ocrx_word' id='word_1_36' title='bbox 797 893 921 974; x_wconf 85' lang='lat' dir='ltr'><strong>adjecit,</strong></span> <span class='ocrx_word' id='word_1_37' title='bbox 943 913 1129 974; x_wconf 88' lang='lat' dir='ltr'><strong>quamquam</strong></span> <span class='ocrx_word' id='word_1_38' title='bbox 1146 899 1187 960; x_wconf 74' lang='grc' dir='ltr'><strong>4θ</strong></span> 
     </span>
     <span class='ocr_line' id='line_1_8' title="bbox 126 973 1132 1071; baseline 0.006 -29"><span class='ocrx_word' id='word_1_39' title='bbox 126 973 196 1064; x_wconf 84' lang='lat' dir='ltr'><strong>¹ipse</strong></span> <span class='ocrx_word' id='word_1_40' title='bbox 211 987 342 1066; x_wconf 90' lang='lat' dir='ltr'><strong>plurima</strong></span> <span class='ocrx_word' id='word_1_41' title='bbox 364 1010 448 1048; x_wconf 88' lang='lat' dir='ltr'><strong>sacra</strong></span> <span class='ocrx_word' id='word_1_42' title='bbox 468 990 583 1062; x_wconf 86' lang='lat' dir='ltr'><strong>obibat,</strong></span> <span class='ocrx_word' id='word_1_43' title='bbox 607 1012 642 1050; x_wconf 88' lang='lat' dir='ltr'><strong>ea</strong></span> <span class='ocrx_word' id='word_1_44' title='bbox 659 991 790 1050; x_wconf 86' lang='lat' dir='ltr'>maxime</span> <span class='ocrx_word' id='word_1_45' title='bbox 804 992 879 1071; x_wconf 70' lang='lat' dir='ltr'><strong>&#39;quae</strong></span> <span class='ocrx_word' id='word_1_46' title='bbox 898 1011 981 1049; x_wconf 92' lang='lat' dir='ltr'><strong>nunc</strong></span> <span class='ocrx_word' id='word_1_47' title='bbox 998 990 1035 1049; x_wconf 87' lang='lat' dir='ltr'><strong>ad</strong></span> <span class='ocrx_word' id='word_1_48' title='bbox 1060 991 1132 1049; x_wconf 89' lang='lat' dir='ltr'><strong>D1a-</strong></span> 
     </span>
     <span class='ocr_line' id='line_1_9' title="bbox 131 1082 1132 1166; baseline 0.004 -27"><span class='ocrx_word' id='word_1_49' title='bbox 131 1082 189 1141; x_wconf 88' lang='lat' dir='ltr'><strong>lem</strong></span> <span class='ocrx_word' id='word_1_50' title='bbox 222 1083 377 1144; x_wconf 90' lang='lat' dir='ltr'><strong>ssaminem</strong></span> <span class='ocrx_word' id='word_1_51' title='bbox 404 1087 571 1165; x_wconf 72' lang='lat' dir='ltr'>pertinent.</span> <span class='ocrx_word' id='word_1_52' title='bbox 600 1087 660 1146; x_wconf 86' lang='lat' dir='ltr'><strong>Sed</strong></span> <span class='ocrx_word' id='word_1_53' title='bbox 684 1088 756 1166; x_wconf 90' lang='lat' dir='ltr'><strong>quia</strong></span> <span class='ocrx_word' id='word_1_54' title='bbox 779 1087 811 1145; x_wconf 93' lang='lat' dir='ltr'><strong>in</strong></span> <span class='ocrx_word' id='word_1_55' title='bbox 835 1087 960 1147; x_wconf 86' lang='lat' dir='ltr'><strong>civitate</strong></span> <span class='ocrx_word' id='word_1_56' title='bbox 987 1087 1132 1146; x_wconf 88' lang='lat' dir='ltr'><strong>bellicosa</strong></span> 
     </span>
     <span class='ocr_line' id='line_1_10' title="bbox 131 1179 1133 1265; baseline 0.004 -29"><span class='ocrx_word' id='word_1_57' title='bbox 131 1179 235 1257; x_wconf 88' lang='lat' dir='ltr'><strong>plures</strong></span> <span class='ocrx_word' id='word_1_58' title='bbox 263 1181 390 1240; x_wconf 85' lang='lat' dir='ltr'><strong>Romuli</strong></span> <span class='ocrx_word' id='word_1_59' title='bbox 416 1204 508 1262; x_wconf 90' lang='lat' dir='ltr'><strong>quam</strong></span> <span class='ocrx_word' id='word_1_60' title='bbox 533 1184 641 1243; x_wconf 86' lang='lat' dir='ltr'><strong>Numae</strong></span> <span class='ocrx_word' id='word_1_61' title='bbox 666 1184 781 1242; x_wconf 87' lang='lat' dir='ltr'>similes</span> <span class='ocrx_word' id='word_1_62' title='bbox 805 1205 891 1261; x_wconf 87' lang='lat' dir='ltr'><strong>reges</strong></span> <span class='ocrx_word' id='word_1_63' title='bbox 913 1183 1043 1265; x_wconf 87' lang='lat' dir='ltr'><strong>putabat</strong></span> <span class='ocrx_word' id='word_1_64' title='bbox 1067 1182 1133 1240; x_wconf 89' lang='lat' dir='ltr'><strong>lore</strong></span> 
     </span>
     <span class='ocr_line' id='line_1_11' title="bbox 132 1277 1131 1359; baseline 0.004 -26"><span class='ocrx_word' id='word_1_65' title='bbox 132 1277 292 1357; x_wconf 88' lang='lat' dir='ltr'><strong>iturosque</strong></span> <span class='ocrx_word' id='word_1_66' title='bbox 306 1277 390 1357; x_wconf 92' lang='lat' dir='ltr'><strong>ipsos</strong></span> <span class='ocrx_word' id='word_1_67' title='bbox 406 1280 443 1338; x_wconf 90' lang='lat' dir='ltr'><strong>ad</strong></span> <span class='ocrx_word' id='word_1_68' title='bbox 456 1280 546 1352; x_wconf 88' lang='lat' dir='ltr'><strong>bella,</strong></span> <span class='ocrx_word' id='word_1_69' title='bbox 565 1302 601 1339; x_wconf 90' lang='lat' dir='ltr'><strong>ne</strong></span> <span class='ocrx_word' id='word_1_70' title='bbox 612 1301 696 1340; x_wconf 87' lang='lat' dir='ltr'><strong>sacra</strong></span> <span class='ocrx_word' id='word_1_71' title='bbox 714 1281 804 1359; x_wconf 76' lang='lat' dir='ltr'><strong>regiae</strong></span> <span class='ocrx_word' id='word_1_72' title='bbox 820 1282 896 1339; x_wconf 89' lang='lat' dir='ltr'><strong>vicis</strong></span> <span class='ocrx_word' id='word_1_73' title='bbox 907 1281 1131 1349; x_wconf 80' lang='lat' dir='ltr'><strong>desererentur,</strong></span> 
     </span>
     <span class='ocr_line' id='line_1_12' title="bbox 131 1373 1133 1455; baseline 0.005 -27"><span class='ocrx_word' id='word_1_74' title='bbox 131 1373 287 1432; x_wconf 87' lang='lat' dir='ltr'><strong>tlaminem</strong></span> <span class='ocrx_word' id='word_1_75' title='bbox 309 1375 380 1434; x_wconf 89' lang='lat' dir='ltr'><strong>Jovi</strong></span> <span class='ocrx_word' id='word_1_76' title='bbox 406 1377 580 1435; x_wconf 86' lang='lat' dir='ltr'><strong>assiduum*</strong></span> <span class='ocrx_word' id='word_1_77' title='bbox 602 1378 791 1436; x_wconf 85' lang='lat' dir='ltr'><strong>sacerdotem</strong></span> <span class='ocrx_word' id='word_1_78' title='bbox 814 1377 939 1452; x_wconf 87' lang='lat' dir='ltr'><strong>creavit,</strong></span> <span class='ocrx_word' id='word_1_79' title='bbox 958 1377 1133 1455; x_wconf 86' lang='lat' dir='ltr'><strong>insignique</strong></span> 
     </span>
     <span class='ocr_line' id='line_1_13' title="bbox 131 1472 1134 1551; baseline 0.001 -23"><span class='ocrx_word' id='word_1_80' title='bbox 131 1489 199 1528; x_wconf 86' lang='lat' dir='ltr'><strong>cum</strong></span> <span class='ocrx_word' id='word_1_81' title='bbox 213 1479 298 1530; x_wconf 88' lang='lat' dir='ltr'><strong>veste</strong></span> <span class='ocrx_word' id='word_1_82' title='bbox 314 1480 344 1530; x_wconf 87' lang='lat' dir='ltr'><strong>et</strong></span> <span class='ocrx_word' id='word_1_83' title='bbox 355 1473 452 1531; x_wconf 89' lang='lat' dir='ltr'><strong>curuli</strong></span> <span class='ocrx_word' id='word_1_84' title='bbox 464 1474 546 1551; x_wconf 90' lang='lat' dir='ltr'><strong>regia</strong></span> <span class='ocrx_word' id='word_1_85' title='bbox 558 1473 631 1532; x_wconf 89' lang='lat' dir='ltr'><strong>sella</strong></span> <span class='ocrx_word' id='word_1_86' title='bbox 647 1474 818 1533; x_wconf 88' lang='lat' dir='ltr'><strong>adornavit.</strong></span> <span class='ocrx_word' id='word_1_87' title='bbox 833 1474 914 1532; x_wconf 86' lang='lat' dir='ltr'><strong>Huic</strong></span> <span class='ocrx_word' id='word_1_88' title='bbox 926 1473 1022 1532; x_wconf 89' lang='lat' dir='ltr'><strong>duos*</strong></span> <span class='ocrx_word' id='word_1_89' title='bbox 1037 1472 1134 1531; x_wconf 87' lang='lat' dir='ltr'><strong>llami-</strong></span> 
     </span>
    </p>

    <p class='ocr_par' dir='ltr' id='par_1_6' title="bbox 36 1568 1134 1843">
     <span class='ocr_line' id='line_1_14' title="bbox 36 1568 1133 1652; baseline 0.003 -28"><span class='ocrx_word' id='word_1_90' title='bbox 36 1645 39 1652; x_wconf 19' lang='lat'><em>*</em></span> <span class='ocrx_word' id='word_1_91' title='bbox 134 1569 208 1626; x_wconf 81' lang='lat' dir='ltr'><strong>nes*</strong></span> <span class='ocrx_word' id='word_1_92' title='bbox 229 1568 354 1648; x_wconf 87' lang='lat' dir='ltr'><strong>adjecit,</strong></span> <span class='ocrx_word' id='word_1_93' title='bbox 377 1570 470 1628; x_wconf 89' lang='lat' dir='ltr'><strong>Marti</strong></span> <span class='ocrx_word' id='word_1_94' title='bbox 491 1591 598 1642; x_wconf 90' lang='lat' dir='ltr'><strong>unum,</strong></span> <span class='ocrx_word' id='word_1_95' title='bbox 620 1571 748 1629; x_wconf 83' lang='lat' dir='ltr'><strong>alierum</strong></span> <span class='ocrx_word' id='word_1_96' title='bbox 772 1570 915 1644; x_wconf 87' lang='lat' dir='ltr'><strong>Quirino;</strong></span> <span class='ocrx_word' id='word_1_97' title='bbox 936 1571 1133 1649; x_wconf 86' lang='lat' dir='ltr'><strong>virginesque</strong></span> 
     </span>
     <span class='ocr_line' id='line_1_15' title="bbox 130 1663 1134 1744; baseline 0.004 -24"><span class='ocrx_word' id='word_1_98' title='bbox 130 1663 232 1722; x_wconf 86' lang='lat' dir='ltr'><strong>Vestae</strong></span> <span class='ocrx_word' id='word_1_99' title='bbox 249 1664 338 1742; x_wconf 89' lang='lat' dir='ltr'><strong>legit,</strong></span> <span class='ocrx_word' id='word_1_100' title='bbox 354 1666 432 1724; x_wconf 88' lang='lat' dir='ltr'><strong>Alba</strong></span> <span class='ocrx_word' id='word_1_101' title='bbox 454 1667 619 1726; x_wconf 91' lang='lat' dir='ltr'><strong>oriundum</strong></span> <span class='ocrx_word' id='word_1_102' title='bbox 644 1667 848 1727; x_wconf 80' lang='lat' dir='ltr'><strong>sacerdotium</strong></span> <span class='ocrx_word' id='word_1_103' title='bbox 869 1673 901 1725; x_wconf 90' lang='lat' dir='ltr'><strong>et</strong></span> <span class='ocrx_word' id='word_1_104' title='bbox 928 1667 1010 1744; x_wconf 89' lang='lat' dir='ltr'><strong>genti</strong></span> <span class='ocrx_word' id='word_1_105' title='bbox 1028 1665 1134 1725; x_wconf 88' lang='lat' dir='ltr'><strong>condi-</strong></span> 
     </span>
     <span class='ocr_line' id='line_1_16' title="bbox 127 1761 1131 1843; baseline 0.002 -25"><span class='ocrx_word' id='word_1_106' title='bbox 127 1761 206 1818; x_wconf 86' lang='lat' dir='ltr'><strong>toris</strong></span> <span class='ocrx_word' id='word_1_107' title='bbox 218 1761 301 1820; x_wconf 91' lang='lat' dir='ltr'><strong>haud</strong></span> <span class='ocrx_word' id='word_1_108' title='bbox 312 1762 456 1823; x_wconf 88' lang='lat' dir='ltr'><strong>alienum.</strong></span> <span class='ocrx_word' id='word_1_109' title='bbox 471 1763 523 1836; x_wconf 91' lang='lat' dir='ltr'><strong>lis,</strong></span> <span class='ocrx_word' id='word_1_110' title='bbox 541 1772 575 1822; x_wconf 92' lang='lat' dir='ltr'><strong>ut</strong></span> <span class='ocrx_word' id='word_1_111' title='bbox 586 1764 716 1822; x_wconf 69' lang='lat' dir='ltr'><strong>assiduae</strong></span> <span class='ocrx_word' id='word_1_112' title='bbox 732 1764 837 1843; x_wconf 89' lang='lat' dir='ltr'><strong>templi</strong></span> <span class='ocrx_word' id='word_1_113' title='bbox 851 1764 1005 1823; x_wconf 86' lang='lat' dir='ltr'><strong>antistites</strong></span> <span class='ocrx_word' id='word_1_114' title='bbox 1020 1770 1131 1835; x_wconf 88' lang='lat' dir='ltr'><strong>essent,</strong></span> 
     </span>
    </p>
   </div>
   <div class='ocr_carea' id='block_1_6' title="bbox 132 1858 1135 2012">
    <p class='ocr_par' dir='ltr' id='par_1_7' title="bbox 132 1858 1135 2012">
     <span class='ocr_line' id='line_1_17' title="bbox 132 1858 1135 1942; baseline 0.002 -27"><span class='ocrx_word' id='word_1_115' title='bbox 132 1858 319 1936; x_wconf 88' lang='lat' dir='ltr'><strong>stipendium</strong></span> <span class='ocrx_word' id='word_1_116' title='bbox 331 1859 368 1918; x_wconf 89' lang='lat' dir='ltr'><strong>de</strong></span> <span class='ocrx_word' id='word_1_117' title='bbox 384 1859 509 1938; x_wconf 92' lang='lat' dir='ltr'><strong>publico</strong></span> <span class='ocrx_word' id='word_1_118' title='bbox 524 1861 642 1932; x_wconf 80' lang='lat' dir='ltr'><strong>statuit,</strong></span> <span class='ocrx_word' id='word_1_119' title='bbox 662 1861 839 1938; x_wconf 86' lang='lat' dir='ltr'><strong>virginitate</strong></span> <span class='ocrx_word' id='word_1_120' title='bbox 853 1860 983 1942; x_wconf 89' lang='lat' dir='ltr'><strong>aliisque</strong></span> <span class='ocrx_word' id='word_1_121' title='bbox 998 1861 1135 1919; x_wconf 80' lang='lat' dir='ltr'><strong>caerimo-</strong></span> 
     </span>
     <span class='ocr_line' id='line_1_18' title="bbox 138 1950 1133 2012; baseline 0.003 -6"><span class='ocrx_word' id='word_1_122' title='bbox 138 1950 197 2007; x_wconf 91' lang='lat' dir='ltr'><strong>niis</strong></span> <span class='ocrx_word' id='word_1_123' title='bbox 211 1951 403 2011; x_wconf 88' lang='lat' dir='ltr'><strong>venerabiles</strong></span> <span class='ocrx_word' id='word_1_124' title='bbox 420 1973 454 2011; x_wconf 91' lang='lat' dir='ltr'><strong>ac</strong></span> <span class='ocrx_word' id='word_1_125' title='bbox 478 1962 599 2012; x_wconf 85' lang='lat' dir='ltr'><strong>sanctas</strong></span> <span class='ocrx_word' id='word_1_126' title='bbox 621 1953 705 2012; x_wconf 87' lang='lat' dir='ltr'><strong>lecit.</strong></span> <span class='ocrx_word' id='word_1_127' title='bbox 732 1953 847 2012; x_wconf 86' lang='lat' dir='ltr'><strong>Salios*</strong></span> <span class='ocrx_word' id='word_1_128' title='bbox 871 1954 945 2012; x_wconf 89' lang='lat' dir='ltr'><strong>item</strong></span> <span class='ocrx_word' id='word_1_129' title='bbox 971 1952 1133 2012; x_wconf 85' lang='lat' dir='ltr'><strong>duodecim</strong></span> 
     </span>
    </p>
   </div>
   <div class='ocr_carea' id='block_1_7' title="bbox 123 2046 1138 2873">
    <p class='ocr_par' dir='ltr' id='par_1_8' title="bbox 123 2046 1138 2873">
     <span class='ocr_line' id='line_1_19' title="bbox 135 2046 1135 2130; baseline 0.003 -27"><span class='ocrx_word' id='word_1_130' title='bbox 135 2046 226 2104; x_wconf 88' lang='lat' dir='ltr'><strong>Marti</strong></span> <span class='ocrx_word' id='word_1_131' title='bbox 255 2047 392 2107; x_wconf 87' lang='lat' dir='ltr'><strong>Gradivo</strong></span> <span class='ocrx_word' id='word_1_132' title='bbox 421 2049 504 2128; x_wconf 87' lang='lat' dir='ltr'><strong>legit,</strong></span> <span class='ocrx_word' id='word_1_133' title='bbox 530 2050 706 2130; x_wconf 75' lang='lat' dir='ltr'><strong>tunicaeque</strong></span> <span class='ocrx_word' id='word_1_134' title='bbox 732 2050 823 2130; x_wconf 88' lang='lat' dir='ltr'><strong>piotae</strong></span> <span class='ocrx_word' id='word_1_135' title='bbox 852 2050 971 2128; x_wconf 85' lang='lat' dir='ltr'><strong>insigne</strong></span> <span class='ocrx_word' id='word_1_136' title='bbox 997 2048 1083 2108; x_wconf 88' lang='lat' dir='ltr'><strong>dedit</strong></span> <span class='ocrx_word' id='word_1_137' title='bbox 1105 2055 1135 2106; x_wconf 88' lang='lat' dir='ltr'><strong>et</strong></span> 
     </span>
     <span class='ocr_line' id='line_1_20' title="bbox 133 2144 1135 2225; baseline 0.002 -25"><span class='ocrx_word' id='word_1_138' title='bbox 133 2163 227 2222; x_wconf 89' lang='lat' dir='ltr'><strong>super</strong></span> <span class='ocrx_word' id='word_1_139' title='bbox 255 2144 391 2204; x_wconf 86' lang='lat' dir='ltr'><strong>tunicam</strong></span> <span class='ocrx_word' id='word_1_140' title='bbox 424 2167 542 2205; x_wconf 86' lang='lat' dir='ltr'><strong>aeneum</strong></span> <span class='ocrx_word' id='word_1_141' title='bbox 572 2147 688 2225; x_wconf 86' lang='lat' dir='ltr'><strong>pectori</strong></span> <span class='ocrx_word' id='word_1_142' title='bbox 723 2149 897 2225; x_wconf 86' lang='lat' dir='ltr'><strong>tegumen*,</strong></span> <span class='ocrx_word' id='word_1_143' title='bbox 941 2145 1135 2225; x_wconf 84' lang='lat' dir='ltr'><strong>caelestiaque</strong></span> 
     </span>
     <span class='ocr_line' id='line_1_21' title="bbox 134 2237 1135 2319; baseline 0.002 -27"><span class='ocrx_word' id='word_1_144' title='bbox 134 2256 231 2307; x_wconf 86' lang='lat' dir='ltr'><strong>arma,</strong></span> <span class='ocrx_word' id='word_1_145' title='bbox 249 2257 318 2316; x_wconf 90' lang='lat' dir='ltr'><strong>quae</strong></span> <span class='ocrx_word' id='word_1_146' title='bbox 340 2237 468 2296; x_wconf 82' lang='lat' dir='ltr'><strong>ancilia*</strong></span> <span class='ocrx_word' id='word_1_147' title='bbox 492 2239 698 2319; x_wconf 83' lang='lat' dir='ltr'><strong>appellantur,</strong></span> <span class='ocrx_word' id='word_1_148' title='bbox 723 2238 859 2297; x_wconf 87' lang='lat' dir='ltr'><strong>ferreae</strong></span> <span class='ocrx_word' id='word_1_149' title='bbox 882 2259 938 2318; x_wconf 88' lang='lat' dir='ltr'><strong>per</strong></span> <span class='ocrx_word' id='word_1_150' title='bbox 958 2238 1065 2297; x_wconf 90' lang='lat' dir='ltr'><strong>urbem</strong></span> <span class='ocrx_word' id='word_1_151' title='bbox 1091 2237 1135 2295; x_wconf 88' lang='lat' dir='ltr'><strong>ire</strong></span> 
     </span>
     <span class='ocr_line' id='line_1_22' title="bbox 134 2334 1133 2414; baseline 0.002 -25"><span class='ocrx_word' id='word_1_152' title='bbox 134 2339 279 2391; x_wconf 87' lang='lat' dir='ltr'><strong>canentes</strong></span> <span class='ocrx_word' id='word_1_153' title='bbox 290 2334 444 2393; x_wconf 87' lang='lat' dir='ltr'><strong>carmina*</strong></span> <span class='ocrx_word' id='word_1_154' title='bbox 459 2355 528 2394; x_wconf 90' lang='lat' dir='ltr'><strong>cum</strong></span> <span class='ocrx_word' id='word_1_155' title='bbox 538 2334 895 2414; x_wconf 88' lang='lat' dir='ltr'><strong>tripudiissollemnique</strong></span> <span class='ocrx_word' id='word_1_156' title='bbox 909 2335 1020 2394; x_wconf 87' lang='lat' dir='ltr'><strong>saltatu</strong></span> <span class='ocrx_word' id='word_1_157' title='bbox 1030 2334 1133 2413; x_wconf 85' lang='lat' dir='ltr'><strong>jussit.</strong></span> 
     </span>
     <span class='ocr_line' id='line_1_23' title="bbox 132 2427 1136 2510; baseline 0.002 -25"><span class='ocrx_word' id='word_1_158' title='bbox 132 2427 313 2488; x_wconf 86' lang='lat' dir='ltr'><strong>Pontificem</strong></span> <span class='ocrx_word' id='word_1_159' title='bbox 325 2429 435 2488; x_wconf 87' lang='lat' dir='ltr'><strong>deinde</strong></span> <span class='ocrx_word' id='word_1_160' title='bbox 446 2431 577 2489; x_wconf 90' lang='lat' dir='ltr'><strong>Numam</strong></span> <span class='ocrx_word' id='word_1_161' title='bbox 587 2431 750 2502; x_wconf 89' lang='lat' dir='ltr'><strong>Marcium,</strong></span> <span class='ocrx_word' id='word_1_162' title='bbox 764 2431 860 2489; x_wconf 87' lang='lat' dir='ltr'><strong>Marci</strong></span> <span class='ocrx_word' id='word_1_163' title='bbox 872 2431 980 2502; x_wconf 87' lang='lat' dir='ltr'><strong>filium,</strong></span> <span class='ocrx_word' id='word_1_164' title='bbox 994 2452 1030 2488; x_wconf 87' lang='lat' dir='ltr'><strong>ex</strong></span> <span class='ocrx_word' id='word_1_165' title='bbox 1043 2430 1136 2510; x_wconf 88' lang='lat' dir='ltr'><strong>patri-</strong></span> 
     </span>
     <span class='ocr_line' id='line_1_24' title="bbox 134 2523 1136 2606; baseline 0.002 -24"><span class='ocrx_word' id='word_1_166' title='bbox 134 2523 191 2582; x_wconf 88' lang='lat' dir='ltr'><strong>bus</strong></span> <span class='ocrx_word' id='word_1_167' title='bbox 220 2524 304 2604; x_wconf 86' lang='lat' dir='ltr'><strong>legit,</strong></span> <span class='ocrx_word' id='word_1_168' title='bbox 332 2527 421 2606; x_wconf 88' lang='lat' dir='ltr'><strong>eique</strong></span> <span class='ocrx_word' id='word_1_169' title='bbox 451 2548 535 2586; x_wconf 89' lang='lat' dir='ltr'><strong>sacra</strong></span> <span class='ocrx_word' id='word_1_170' title='bbox 566 2528 669 2586; x_wconf 89' lang='lat' dir='ltr'><strong>omnia</strong></span> <span class='ocrx_word' id='word_1_171' title='bbox 696 2527 870 2606; x_wconf 87' lang='lat' dir='ltr'><strong>exscripta*</strong></span> <span class='ocrx_word' id='word_1_172' title='bbox 898 2527 1136 2606; x_wconf 83' lang='lat' dir='ltr'><strong>exsignataque*</strong></span> 
     </span>
     <span class='ocr_line' id='line_1_25' title="bbox 138 2622 1134 2705; baseline 0.003 -27"><span class='ocrx_word' id='word_1_173' title='bbox 138 2622 291 2696; x_wconf 84' lang='lat' dir='ltr'><strong>attribuit,</strong></span> <span class='ocrx_word' id='word_1_174' title='bbox 308 2623 420 2702; x_wconf 90' lang='lat' dir='ltr'><strong>quibus</strong></span> <span class='ocrx_word' id='word_1_175' title='bbox 435 2623 574 2698; x_wconf 87' lang='lat' dir='ltr'><strong>hostiis*,</strong></span> <span class='ocrx_word' id='word_1_176' title='bbox 593 2624 704 2705; x_wconf 92' lang='lat' dir='ltr'><strong>quibus</strong></span> <span class='ocrx_word' id='word_1_177' title='bbox 719 2623 858 2695; x_wconf 82' lang='lat' dir='ltr'><strong>diebus*,</strong></span> <span class='ocrx_word' id='word_1_178' title='bbox 875 2624 912 2682; x_wconf 87' lang='lat' dir='ltr'><strong>ad</strong></span> <span class='ocrx_word' id='word_1_179' title='bbox 938 2644 1006 2703; x_wconf 84' lang='lat' dir='ltr'><strong>quae</strong></span> <span class='ocrx_word' id='word_1_180' title='bbox 1022 2623 1134 2701; x_wconf 83' lang='lat' dir='ltr'><strong>templa</strong></span> 
     </span>
     <span class='ocr_line' id='line_1_26' title="bbox 123 2719 1138 2800; baseline 0.003 -25"><span class='ocrx_word' id='word_1_181' title='bbox 123 2738 223 2776; x_wconf 74' lang='lat' dir='ltr'><strong>sacra</strong></span> <span class='ocrx_word' id='word_1_182' title='bbox 234 2719 353 2792; x_wconf 88' lang='lat' dir='ltr'><strong>fierent,</strong></span> <span class='ocrx_word' id='word_1_183' title='bbox 370 2726 462 2798; x_wconf 88' lang='lat' dir='ltr'><strong>atque</strong></span> <span class='ocrx_word' id='word_1_184' title='bbox 478 2720 601 2779; x_wconf 87' lang='lat' dir='ltr'><strong>undein</strong></span> <span class='ocrx_word' id='word_1_185' title='bbox 617 2741 669 2779; x_wconf 90' lang='lat' dir='ltr'><strong>eos</strong></span> <span class='ocrx_word' id='word_1_186' title='bbox 689 2727 830 2800; x_wconf 91' lang='lat' dir='ltr'><strong>sumptus</strong></span> <span class='ocrx_word' id='word_1_187' title='bbox 849 2721 981 2800; x_wconf 89' lang='lat' dir='ltr'><strong>pecunia</strong></span> <span class='ocrx_word' id='word_1_188' title='bbox 996 2739 1138 2797; x_wconf 86' lang='lat' dir='ltr'><strong>erogare·</strong></span> 
     </span>
     <span class='ocr_line' id='line_1_27' title="bbox 135 2823 195 2873; baseline 0.017 -1"><span class='ocrx_word' id='word_1_189' title='bbox 135 2823 195 2873; x_wconf 89' lang='lat' dir='ltr'><strong>tur.</strong></span> 
     </span>
    </p>
   </div>
   <div class='ocr_carea' id='block_1_8' title="bbox 164 2929 1198 3041">
    <p class='ocr_par' dir='ltr' id='par_1_9' title="bbox 164 2929 1198 3041">
     <span class='ocr_line' id='line_1_28' title="bbox 164 2929 1198 3041; baseline -0.002 -62"><span class='ocrx_word' id='word_1_190' title='bbox 164 2930 205 2979; x_wconf 84' lang='lat' dir='ltr'><strong>N⁰</strong></span> <span class='ocrx_word' id='word_1_191' title='bbox 223 2929 289 2981; x_wconf 79' lang='lat'><strong>392</strong></span> <span class='ocrx_word' id='word_1_192' title='bbox 303 2946 309 2979; x_wconf 78' lang='lat' dir='ltr'><strong><em>z</em></strong></span> <span class='ocrx_word' id='word_1_193' title='bbox 323 2931 511 2982; x_wconf 75' lang='lat' dir='ltr'><strong>Assiduum.</strong></span> <span class='ocrx_word' id='word_1_194' title='bbox 533 2933 568 2980; x_wconf 93' lang='lat' dir='ltr'><strong>Le</strong></span> <span class='ocrx_word' id='word_1_195' title='bbox 576 2932 680 3041; x_wconf 56' lang='lat' dir='ltr'><strong>t{lamcn</strong></span> <span class='ocrx_word' id='word_1_196' title='bbox 697 2931 780 2980; x_wconf 79' lang='lat' dir='ltr'><strong>Dialis</strong></span> <span class='ocrx_word' id='word_1_197' title='bbox 797 2946 829 2980; x_wconf 93' lang='lat' dir='ltr'><strong>ne</strong></span> <span class='ocrx_word' id='word_1_198' title='bbox 847 2932 959 2994; x_wconf 82' lang='lat' dir='ltr'><strong>pouvait</strong></span> <span class='ocrx_word' id='word_1_199' title='bbox 973 2947 1022 3000; x_wconf 83' lang='lat' dir='ltr'><strong>pas</strong></span> <span class='ocrx_word' id='word_1_200' title='bbox 1037 2932 1138 2993; x_wconf 89' lang='lat' dir='ltr'><strong>quitter</strong></span> <span class='ocrx_word' id='word_1_201' title='bbox 1197 2934 1198 2937; x_wconf 77' lang='grc'>’</span> 
     </span>
    </p>
   </div>
   <div class='ocr_carea' id='block_1_9' title="bbox 61 2991 1139 3920">
    <p class='ocr_par' dir='ltr' id='par_1_10' title="bbox 61 2991 1139 3795">
     <span class='ocr_line' id='line_1_29' title="bbox 134 2991 1136 3064; baseline 0.002 -27"><span class='ocrx_word' id='word_1_202' title='bbox 134 2991 227 3060; x_wconf 81' lang='lat' dir='ltr'><strong>Rome.</strong></span> <span class='ocrx_word' id='word_1_203' title='bbox 240 3019 271 3026; x_wconf 99' lang='lat'><em>-</em></span> <span class='ocrx_word' id='word_1_204' title='bbox 292 2992 401 3042; x_wconf 82' lang='lat' dir='ltr'><strong>Duos:</strong></span> <span class='ocrx_word' id='word_1_205' title='bbox 415 2993 432 3040; x_wconf 93' lang='lat' dir='ltr'><strong>il</strong></span> <span class='ocrx_word' id='word_1_206' title='bbox 452 3010 471 3064; x_wconf 78' lang='lat' dir='ltr'>y</span> <span class='ocrx_word' id='word_1_207' title='bbox 488 2995 560 3042; x_wconf 89' lang='lat' dir='ltr'><strong>avait</strong></span> <span class='ocrx_word' id='word_1_208' title='bbox 609 2993 728 3055; x_wconf 81' lang='lat' dir='ltr'><strong>l&#39;origine</strong></span> <span class='ocrx_word' id='word_1_209' title='bbox 745 2995 811 3041; x_wconf 90' lang='lat' dir='ltr'><strong>trois</strong></span> <span class='ocrx_word' id='word_1_210' title='bbox 827 2993 950 3057; x_wconf 77' lang='lat' dir='ltr'><strong>flamines</strong></span> <span class='ocrx_word' id='word_1_211' title='bbox 968 3007 1083 3055; x_wconf 60' lang='lat' dir='ltr'><strong>majores</strong></span> <span class='ocrx_word' id='word_1_212' title='bbox 1103 3008 1136 3040; x_wconf 91' lang='lat' dir='ltr'><strong>ou</strong></span> 
     </span>
     <span class='ocr_line' id='line_1_30' title="bbox 132 3052 1135 3116; baseline 0.001 -16"><span class='ocrx_word' id='word_1_213' title='bbox 132 3052 257 3115; x_wconf 72' lang='lat' dir='ltr'><strong>patruit,</strong></span> <span class='ocrx_word' id='word_1_214' title='bbox 282 3056 309 3100; x_wconf 87' lang='lat' dir='ltr'><strong>et</strong></span> <span class='ocrx_word' id='word_1_215' title='bbox 321 3055 404 3102; x_wconf 90' lang='lat' dir='ltr'><strong>douze</strong></span> <span class='ocrx_word' id='word_1_216' title='bbox 421 3069 550 3106; x_wconf 75' lang='lat' dir='ltr'><strong>minores.</strong></span> <span class='ocrx_word' id='word_1_217' title='bbox 561 3083 592 3090; x_wconf 95' lang='lat'>-</span> <span class='ocrx_word' id='word_1_218' title='bbox 605 3055 771 3105; x_wconf 82' lang='lat' dir='ltr'><strong>Flamines</strong></span> <span class='ocrx_word' id='word_1_219' title='bbox 791 3071 796 3104; x_wconf 94' lang='lat'>:</span> <span class='ocrx_word' id='word_1_220' title='bbox 815 3070 845 3102; x_wconf 89' lang='lat' dir='ltr'><strong>ce</strong></span> <span class='ocrx_word' id='word_1_221' title='bbox 859 3059 914 3102; x_wconf 90' lang='lat' dir='ltr'><strong>mot</strong></span> <span class='ocrx_word' id='word_1_222' title='bbox 925 3056 1000 3102; x_wconf 89' lang='lat' dir='ltr'><strong>vient</strong></span> <span class='ocrx_word' id='word_1_223' title='bbox 1017 3054 1049 3102; x_wconf 87' lang='lat' dir='ltr'><strong>de</strong></span> <span class='ocrx_word' id='word_1_224' title='bbox 1061 3055 1135 3116; x_wconf 67' lang='lat' dir='ltr'><strong>flare,</strong></span> 
     </span>
     <span class='ocr_line' id='line_1_31' title="bbox 135 3115 1137 3178; baseline 0.001 -17"><span class='ocrx_word' id='word_1_225' title='bbox 135 3115 243 3162; x_wconf 84' lang='lat' dir='ltr'><strong>souiller</strong></span> <span class='ocrx_word' id='word_1_226' title='bbox 267 3115 388 3174; x_wconf 87' lang='lat' dir='ltr'><strong>(allumer</strong></span> <span class='ocrx_word' id='word_1_227' title='bbox 409 3117 434 3164; x_wconf 88' lang='lat' dir='ltr'><strong>le</strong></span> <span class='ocrx_word' id='word_1_228' title='bbox 458 3117 501 3164; x_wconf 83' lang='lat' dir='ltr'><strong>teu</strong></span> <span class='ocrx_word' id='word_1_229' title='bbox 523 3118 568 3178; x_wconf 92' lang='lat' dir='ltr'><strong>qui</strong></span> <span class='ocrx_word' id='word_1_230' title='bbox 592 3118 667 3163; x_wconf 77' lang='lat' dir='ltr'><strong>brble</strong></span> <span class='ocrx_word' id='word_1_231' title='bbox 690 3133 735 3164; x_wconf 93' lang='lat' dir='ltr'><strong>sur</strong></span> <span class='ocrx_word' id='word_1_232' title='bbox 748 3117 836 3164; x_wconf 85' lang='lat' dir='ltr'><strong>l&#39;autel</strong></span> <span class='ocrx_word' id='word_1_233' title='bbox 856 3117 891 3163; x_wconf 92' lang='lat' dir='ltr'><strong>du</strong></span> <span class='ocrx_word' id='word_1_234' title='bbox 913 3117 981 3164; x_wconf 88' lang='lat' dir='ltr'><strong>Dieu</strong></span> <span class='ocrx_word' id='word_1_235' title='bbox 1001 3116 1137 3177; x_wconf 78' lang='lat' dir='ltr'><strong>auquelle</strong></span> 
     </span>
     <span class='ocr_line' id='line_1_32' title="bbox 61 3177 1137 3240; baseline 0.002 -18"><span class='ocrx_word' id='word_1_236' title='bbox 61 3201 66 3210; x_wconf 81' lang='grc'><em>·</em></span> <span class='ocrx_word' id='word_1_237' title='bbox 134 3177 239 3224; x_wconf 80' lang='lat' dir='ltr'><strong>flamine</strong></span> <span class='ocrx_word' id='word_1_238' title='bbox 253 3180 293 3224; x_wconf 87' lang='lat' dir='ltr'><strong>est</strong></span> <span class='ocrx_word' id='word_1_239' title='bbox 305 3177 451 3240; x_wconf 82' lang='lat' dir='ltr'><strong>consacre&#39;).</strong></span> <span class='ocrx_word' id='word_1_240' title='bbox 465 3179 500 3225; x_wconf 92' lang='lat' dir='ltr'><strong>La</strong></span> <span class='ocrx_word' id='word_1_241' title='bbox 511 3179 612 3239; x_wconf 84' lang='lat' dir='ltr'><strong>dignite&#39;</strong></span> <span class='ocrx_word' id='word_1_242' title='bbox 626 3179 751 3239; x_wconf 89' lang='lat' dir='ltr'><strong>s&#39;appelle</strong></span> <span class='ocrx_word' id='word_1_243' title='bbox 760 3178 953 3240; x_wconf 64' lang='lat' dir='ltr'><strong>flaminiumou</strong></span> <span class='ocrx_word' id='word_1_244' title='bbox 965 3177 1137 3240; x_wconf 61' lang='lat' dir='ltr'><strong>flamonium</strong></span> 
     </span>
     <span class='ocr_line' id='line_1_33' title="bbox 134 3239 1137 3301; baseline 0.004 -17"><span class='ocrx_word' id='word_1_245' title='bbox 134 3252 168 3285; x_wconf 95' lang='lat' dir='ltr'><strong>on</strong></span> <span class='ocrx_word' id='word_1_246' title='bbox 182 3253 214 3285; x_wconf 93' lang='lat' dir='ltr'><strong>ne</strong></span> <span class='ocrx_word' id='word_1_247' title='bbox 227 3241 292 3299; x_wconf 85' lang='lat' dir='ltr'><strong>peut</strong></span> <span class='ocrx_word' id='word_1_248' title='bbox 304 3239 327 3286; x_wconf 89' lang='lat' dir='ltr'><strong>la</strong></span> <span class='ocrx_word' id='word_1_249' title='bbox 360 3240 451 3299; x_wconf 86' lang='lat' dir='ltr'><strong>uitter,</strong></span> <span class='ocrx_word' id='word_1_250' title='bbox 465 3240 480 3285; x_wconf 79' lang='lat' dir='ltr'><strong>a</strong></span> <span class='ocrx_word' id='word_1_251' title='bbox 493 3241 578 3286; x_wconf 91' lang='lat' dir='ltr'><strong>moins</strong></span> <span class='ocrx_word' id='word_1_252' title='bbox 589 3240 622 3286; x_wconf 87' lang='lat' dir='ltr'><strong>de</strong></span> <span class='ocrx_word' id='word_1_253' title='bbox 633 3243 822 3301; x_wconf 87' lang='lat' dir='ltr'><strong>manqucment</strong></span> <span class='ocrx_word' id='word_1_254' title='bbox 835 3255 886 3286; x_wconf 87' lang='lat' dir='ltr'><strong>aux</strong></span> <span class='ocrx_word' id='word_1_255' title='bbox 899 3240 972 3286; x_wconf 89' lang='lat' dir='ltr'><strong>rites.</strong></span> <span class='ocrx_word' id='word_1_256' title='bbox 987 3266 1016 3274; x_wconf 95' lang='lat'>—</span> <span class='ocrx_word' id='word_1_257' title='bbox 1030 3239 1137 3288; x_wconf 81' lang='lat' dir='ltr'><strong>Salios</strong></span> 
     </span>
     <span class='ocr_line' id='line_1_34' title="bbox 135 3253 1138 3362; baseline 0.001 -17"><span class='ocrx_word' id='word_1_258' title='bbox 135 3299 233 3361; x_wconf 84' lang='lat' dir='ltr'><strong>(racine</strong></span> <span class='ocrx_word' id='word_1_259' title='bbox 248 3253 367 3362; x_wconf 65' lang='lat' dir='ltr'><strong>saltardl.</strong></span> <span class='ocrx_word' id='word_1_260' title='bbox 386 3301 435 3348; x_wconf 89' lang='lat' dir='ltr'><strong>Les</strong></span> <span class='ocrx_word' id='word_1_261' title='bbox 449 3300 554 3358; x_wconf 89' lang='lat' dir='ltr'><strong>saliens,</strong></span> <span class='ocrx_word' id='word_1_262' title='bbox 580 3303 682 3362; x_wconf 76' lang='lat' dir='ltr'><strong>pretres</strong></span> <span class='ocrx_word' id='word_1_263' title='bbox 692 3303 724 3348; x_wconf 87' lang='lat' dir='ltr'><strong>de</strong></span> <span class='ocrx_word' id='word_1_264' title='bbox 740 3302 812 3348; x_wconf 78' lang='lat' dir='ltr'><strong>biars</strong></span> <span class='ocrx_word' id='word_1_265' title='bbox 825 3301 969 3360; x_wconf 88' lang='lat' dir='ltr'><strong>Gradivus,</strong></span> <span class='ocrx_word' id='word_1_266' title='bbox 988 3301 1087 3347; x_wconf 88' lang='lat' dir='ltr'><strong>e&#39;taient</strong></span> <span class='ocrx_word' id='word_1_267' title='bbox 1104 3315 1138 3347; x_wconf 91' lang='lat' dir='ltr'><strong>au</strong></span> 
     </span>
     <span class='ocr_line' id='line_1_35' title="bbox 134 3362 1139 3424; baseline 0.001 -17"><span class='ocrx_word' id='word_1_268' title='bbox 134 3362 246 3408; x_wconf 91' lang='lat' dir='ltr'><strong>nombre</strong></span> <span class='ocrx_word' id='word_1_269' title='bbox 272 3363 305 3408; x_wconf 89' lang='lat' dir='ltr'><strong>de</strong></span> <span class='ocrx_word' id='word_1_270' title='bbox 325 3363 415 3409; x_wconf 90' lang='lat' dir='ltr'><strong>douze.</strong></span> <span class='ocrx_word' id='word_1_271' title='bbox 441 3363 475 3408; x_wconf 93' lang='lat' dir='ltr'><strong>Ils</strong></span> <span class='ocrx_word' id='word_1_272' title='bbox 497 3364 604 3410; x_wconf 84' lang='lat' dir='ltr'><strong>avaient</strong></span> <span class='ocrx_word' id='word_1_273' title='bbox 625 3363 649 3410; x_wconf 90' lang='lat' dir='ltr'><strong>la</strong></span> <span class='ocrx_word' id='word_1_274' title='bbox 668 3364 748 3424; x_wconf 82' lang='lat' dir='ltr'><strong>garde</strong></span> <span class='ocrx_word' id='word_1_275' title='bbox 767 3364 813 3409; x_wconf 89' lang='lat' dir='ltr'><strong>des</strong></span> <span class='ocrx_word' id='word_1_276' title='bbox 835 3362 933 3409; x_wconf 84' lang='lat' dir='ltr'><strong>ancilia</strong></span> <span class='ocrx_word' id='word_1_277' title='bbox 953 3377 987 3409; x_wconf 92' lang='lat' dir='ltr'><strong>ou</strong></span> <span class='ocrx_word' id='word_1_278' title='bbox 1005 3362 1139 3408; x_wconf 90' lang='lat' dir='ltr'><strong>boucliers</strong></span> 
     </span>
     <span class='ocr_line' id='line_1_36' title="bbox 135 3423 1138 3486; baseline 0.002 -18"><span class='ocrx_word' id='word_1_279' title='bbox 135 3423 232 3470; x_wconf 88' lang='lat' dir='ltr'><strong>sacre&#39;s.</strong></span> <span class='ocrx_word' id='word_1_280' title='bbox 255 3423 325 3470; x_wconf 90' lang='lat' dir='ltr'><strong>Leur</strong></span> <span class='ocrx_word' id='word_1_281' title='bbox 345 3428 465 3471; x_wconf 87' lang='lat' dir='ltr'><strong>costume</strong></span> <span class='ocrx_word' id='word_1_282' title='bbox 484 3438 511 3471; x_wconf 88' lang='lat' dir='ltr'><strong>se</strong></span> <span class='ocrx_word' id='word_1_283' title='bbox 527 3426 677 3486; x_wconf 77' lang='lat' dir='ltr'><strong>composuit</strong></span> <span class='ocrx_word' id='word_1_284' title='bbox 694 3426 772 3471; x_wconf 89' lang='lat' dir='ltr'><strong>d&#39;une</strong></span> <span class='ocrx_word' id='word_1_285' title='bbox 785 3426 896 3485; x_wconf 89' lang='lat' dir='ltr'><strong>tunique</strong></span> <span class='ocrx_word' id='word_1_286' title='bbox 910 3423 1010 3470; x_wconf 83' lang='lat' dir='ltr'><strong>brode&#39;e</strong></span> <span class='ocrx_word' id='word_1_287' title='bbox 1026 3424 1138 3470; x_wconf 74' lang='lat' dir='ltr'><strong>serrdea</strong></span> 
     </span>
     <span class='ocr_line' id='line_1_37' title="bbox 134 3484 1137 3548; baseline 0.003 -19"><span class='ocrx_word' id='word_1_288' title='bbox 134 3484 159 3530; x_wconf 92' lang='lat' dir='ltr'><strong>la</strong></span> <span class='ocrx_word' id='word_1_289' title='bbox 171 3484 243 3531; x_wconf 83' lang='lat' dir='ltr'><strong>tuille</strong></span> <span class='ocrx_word' id='word_1_290' title='bbox 261 3487 287 3531; x_wconf 88' lang='lat' dir='ltr'><strong>et</strong></span> <span class='ocrx_word' id='word_1_291' title='bbox 310 3489 436 3532; x_wconf 84' lang='lat' dir='ltr'><strong>converte</strong></span> <span class='ocrx_word' id='word_1_292' title='bbox 459 3486 536 3533; x_wconf 87' lang='lat' dir='ltr'><strong>d&#39;une</strong></span> <span class='ocrx_word' id='word_1_293' title='bbox 553 3489 670 3534; x_wconf 89' lang='lat' dir='ltr'><strong>cuirasse</strong></span> <span class='ocrx_word' id='word_1_294' title='bbox 693 3486 861 3548; x_wconf 76' lang='lat' dir='ltr'><strong>(pectoratci;</strong></span> <span class='ocrx_word' id='word_1_295' title='bbox 882 3500 985 3532; x_wconf 90' lang='lat' dir='ltr'><strong>comme</strong></span> <span class='ocrx_word' id='word_1_296' title='bbox 1004 3488 1137 3542; x_wconf 84' lang='lat' dir='ltr'><strong>manteau,</strong></span> 
     </span>
     <span class='ocr_line' id='line_1_38' title="bbox 134 3545 1139 3606; baseline 0 -14"><span class='ocrx_word' id='word_1_297' title='bbox 134 3545 167 3592; x_wconf 89' lang='lat' dir='ltr'><strong>ils</strong></span> <span class='ocrx_word' id='word_1_298' title='bbox 182 3546 289 3592; x_wconf 88' lang='lat' dir='ltr'><strong>avaient</strong></span> <span class='ocrx_word' id='word_1_299' title='bbox 308 3546 332 3592; x_wconf 94' lang='lat' dir='ltr'><strong>la</strong></span> <span class='ocrx_word' id='word_1_300' title='bbox 352 3547 459 3606; x_wconf 82' lang='lat' dir='ltr'><strong>trabea;</strong></span> <span class='ocrx_word' id='word_1_301' title='bbox 477 3548 549 3595; x_wconf 88' lang='lat' dir='ltr'><strong>leurs</strong></span> <span class='ocrx_word' id='word_1_302' title='bbox 562 3550 631 3596; x_wconf 76' lang='lat' dir='ltr'><strong>tetes</strong></span> <span class='ocrx_word' id='word_1_303' title='bbox 651 3549 751 3595; x_wconf 75' lang='lat' dir='ltr'><strong>etaient</strong></span> <span class='ocrx_word' id='word_1_304' title='bbox 769 3547 936 3595; x_wconf 84' lang='lat' dir='ltr'><strong>surmonte&#39;es</strong></span> <span class='ocrx_word' id='word_1_305' title='bbox 953 3545 1015 3593; x_wconf 88' lang='lat' dir='ltr'><strong>d&#39;un</strong></span> <span class='ocrx_word' id='word_1_306' title='bbox 1037 3547 1139 3593; x_wconf 82' lang='lat' dir='ltr'><strong>bonnet</strong></span> 
     </span>
     <span class='ocr_line' id='line_1_39' title="bbox 136 3607 1137 3671; baseline 0.001 -18"><span class='ocrx_word' id='word_1_307' title='bbox 136 3607 231 3668; x_wconf 92' lang='lat' dir='ltr'><strong>pointu</strong></span> <span class='ocrx_word' id='word_1_308' title='bbox 247 3607 351 3670; x_wconf 80' lang='lat' dir='ltr'><strong>(apeo);</strong></span> <span class='ocrx_word' id='word_1_309' title='bbox 370 3608 428 3656; x_wconf 89' lang='lat' dir='ltr'><strong>leur</strong></span> <span class='ocrx_word' id='word_1_310' title='bbox 451 3609 513 3656; x_wconf 82' lang='lat' dir='ltr'><strong>bras</strong></span> <span class='ocrx_word' id='word_1_311' title='bbox 530 3611 630 3671; x_wconf 89' lang='lat' dir='ltr'><strong>gauche</strong></span> <span class='ocrx_word' id='word_1_312' title='bbox 642 3611 726 3657; x_wconf 85' lang='lat' dir='ltr'><strong>tenuit</strong></span> <span class='ocrx_word' id='word_1_313' title='bbox 745 3625 780 3656; x_wconf 94' lang='lat' dir='ltr'><strong>un</strong></span> <span class='ocrx_word' id='word_1_314' title='bbox 799 3609 927 3665; x_wconf 90' lang='lat' dir='ltr'><strong>bouclier,</strong></span> <span class='ocrx_word' id='word_1_315' title='bbox 948 3611 975 3655; x_wconf 89' lang='lat' dir='ltr'><strong>et</strong></span> <span class='ocrx_word' id='word_1_316' title='bbox 994 3609 1051 3655; x_wconf 90' lang='lat' dir='ltr'><strong>leur</strong></span> <span class='ocrx_word' id='word_1_317' title='bbox 1067 3609 1137 3655; x_wconf 89' lang='lat' dir='ltr'><strong>main</strong></span> 
     </span>
     <span class='ocr_line' id='line_1_40' title="bbox 136 3668 1137 3732; baseline 0.003 -18"><span class='ocrx_word' id='word_1_318' title='bbox 136 3668 222 3716; x_wconf 89' lang='lat' dir='ltr'><strong>droite</strong></span> <span class='ocrx_word' id='word_1_319' title='bbox 238 3684 289 3715; x_wconf 90' lang='lat' dir='ltr'><strong>une</strong></span> <span class='ocrx_word' id='word_1_320' title='bbox 306 3669 382 3717; x_wconf 85' lang='lat' dir='ltr'><strong>lance</strong></span> <span class='ocrx_word' id='word_1_321' title='bbox 400 3686 434 3718; x_wconf 91' lang='lat' dir='ltr'><strong>ou</strong></span> <span class='ocrx_word' id='word_1_322' title='bbox 452 3686 503 3718; x_wconf 89' lang='lat' dir='ltr'><strong>une</strong></span> <span class='ocrx_word' id='word_1_323' title='bbox 523 3671 649 3732; x_wconf 77' lang='lat' dir='ltr'><strong>baguette</strong></span> <span class='ocrx_word' id='word_1_324' title='bbox 669 3686 733 3718; x_wconf 89' lang='lat' dir='ltr'><strong>avec</strong></span> <span class='ocrx_word' id='word_1_325' title='bbox 750 3671 863 3731; x_wconf 87' lang='lat' dir='ltr'><strong>laquelle</strong></span> <span class='ocrx_word' id='word_1_326' title='bbox 880 3669 913 3716; x_wconf 89' lang='lat' dir='ltr'><strong>ils</strong></span> <span class='ocrx_word' id='word_1_327' title='bbox 935 3671 1085 3731; x_wconf 82' lang='lat' dir='ltr'><strong>trappaient</strong></span> <span class='ocrx_word' id='word_1_328' title='bbox 1100 3672 1137 3717; x_wconf 90' lang='lat' dir='ltr'><strong>les</strong></span> 
     </span>
     <span class='ocr_line' id='line_1_41' title="bbox 136 3729 1137 3795; baseline 0.002 -19"><span class='ocrx_word' id='word_1_329' title='bbox 136 3729 269 3777; x_wconf 83' lang='lat' dir='ltr'><strong>boucliers</strong></span> <span class='ocrx_word' id='word_1_330' title='bbox 283 3731 371 3778; x_wconf 77' lang='lat' dir='ltr'><strong>sacrts</strong></span> <span class='ocrx_word' id='word_1_331' title='bbox 385 3760 416 3767; x_wconf 89' lang='lat'>—</span> <span class='ocrx_word' id='word_1_332' title='bbox 433 3733 605 3795; x_wconf 79' lang='lat' dir='ltr'><strong>Tegumen,</strong></span> <span class='ocrx_word' id='word_1_333' title='bbox 619 3733 757 3792; x_wconf 81' lang='lat' dir='ltr'><strong>baudrier3</strong></span> <span class='ocrx_word' id='word_1_334' title='bbox 772 3730 1011 3788; x_wconf 86' lang='lat' dir='ltr'><strong>suivantd&#39;autres,</strong></span> <span class='ocrx_word' id='word_1_335' title='bbox 1022 3733 1137 3779; x_wconf 86' lang='lat' dir='ltr'><strong>cuirassc</strong></span> 
     </span>
    </p>

    <p class='ocr_par' dir='ltr' id='par_1_11' title="bbox 116 3791 1138 3920">
     <span class='ocr_line' id='line_1_42' title="bbox 116 3791 1138 3900; baseline 0.002 -62"><span class='ocrx_word' id='word_1_336' title='bbox 116 3836 120 3844; x_wconf 93' lang='grc'><em>,</em></span> <span class='ocrx_word' id='word_1_337' title='bbox 136 3791 516 3900; x_wconf 34' lang='grc' dir='ltr'><strong>θρεοίονεάθ).11(11(’1)1ο((γε.1</strong></span> <span class='ocrx_word' id='word_1_338' title='bbox 534 3795 567 3852; x_wconf 88' lang='lat'><strong>11,</strong></span> <span class='ocrx_word' id='word_1_339' title='bbox 584 3800 621 3842; x_wconf 77' lang='lat'><strong>70.</strong></span> <span class='ocrx_word' id='word_1_340' title='bbox 637 3822 666 3829; x_wconf 98' lang='lat'><em>-</em></span> <span class='ocrx_word' id='word_1_341' title='bbox 684 3793 825 3844; x_wconf 82' lang='lat' dir='ltr'><strong>Ancilla.</strong></span> <span class='ocrx_word' id='word_1_342' title='bbox 846 3794 913 3840; x_wconf 90' lang='lat' dir='ltr'><strong>Voir</strong></span> <span class='ocrx_word' id='word_1_343' title='bbox 929 3794 1042 3850; x_wconf 87' lang='lat' dir='ltr'><strong>Varron,</strong></span> <span class='ocrx_word' id='word_1_344' title='bbox 1061 3794 1091 3840; x_wconf 87' lang='lat' dir='ltr'><strong>dc</strong></span> <span class='ocrx_word' id='word_1_345' title='bbox 1109 3795 1138 3840; x_wconf 86' lang='lat' dir='ltr'><strong>L.</strong></span> 
     </span>
     <span class='ocr_line' id='line_1_43' title="bbox 147 3853 1134 3920; baseline 0.002 -20"><span class='ocrx_word' id='word_1_346' title='bbox 147 3854 182 3901; x_wconf 85' lang='lat' dir='ltr'><strong>et.</strong></span> <span class='ocrx_word' id='word_1_347' title='bbox 197 3857 219 3913; x_wconf 84' lang='lat'><strong>7,</strong></span> <span class='ocrx_word' id='word_1_348' title='bbox 233 3856 271 3901; x_wconf 75' lang='grc'><strong>13.</strong></span> <span class='ocrx_word' id='word_1_349' title='bbox 282 3853 486 3906; x_wconf 81' lang='lat' dir='ltr'><strong>-Carmina.</strong></span> <span class='ocrx_word' id='word_1_350' title='bbox 504 3857 613 3920; x_wconf 88' lang='lat' dir='ltr'><strong>appele&#39;s</strong></span> <span class='ocrx_word' id='word_1_351' title='bbox 630 3858 779 3904; x_wconf 77' lang='lat' dir='ltr'><strong>coementa.</strong></span> <span class='ocrx_word' id='word_1_352' title='bbox 818 3855 1022 3918; x_wconf 80' lang='lat' dir='ltr'><strong>·Exscripta,</strong></span> <span class='ocrx_word' id='word_1_353' title='bbox 1036 3871 1066 3902; x_wconf 85' lang='lat' dir='ltr'><strong>ce</strong></span> <span class='ocrx_word' id='word_1_354' title='bbox 1078 3859 1134 3902; x_wconf 66' lang='lat' dir='ltr'><strong>sor*</strong></span> 
     </span>
    </p>
   </div>
   <div class='ocr_carea' id='block_1_10' title="bbox 558 3939 718 3988">
    <p class='ocr_par' dir='ltr' id='par_1_12' title="bbox 558 3939 718 3988">
     <span class='ocr_line' id='line_1_44' title="bbox 558 3939 718 3988; baseline -0.019 0"><span class='ocrx_word' id='word_1_355' title='bbox 558 3939 718 3988; x_wconf 75' lang='lat'><strong>-395-</strong></span> 
     </span>
    </p>
   </div>
   <div class='ocr_carea' id='block_1_11' title="bbox 0 0 1360 4234">
    <p class='ocr_par' dir='ltr' id='par_1_13' title="bbox 0 0 1360 4234">
     <span class='ocr_line' id='line_1_45' title="bbox 0 0 1360 4234; baseline 0 0"><span class='ocrx_word' id='word_1_356' title='bbox 0 0 1360 4234; x_wconf 95' lang='lat' dir='ltr'><strong> </strong></span> 
     </span>
    </p>
   </div>
  </div>
 </body>
</html>
