2658 4244
147 171 224 228 136.
246 173 317 230 Sur
329 172 532 235 Diocletien
547 177 583 232 et
598 173 797 232 Maximlen
810 171 979 228 Hercule.

241 267 288 331 (De
298 269 466 318 Diocletiano
478 273 504 318 ct
514 271 546 319 de
556 270 717 320 Maximiano
727 267 875 330 Herculio.)

26 382 29 391 '
111 379 274 462 Imperator
309 385 541 446 Diocletianus*
563 395 700 445 moratus
726 385 834 447 callide
865 382 934 452 suit,
970 398 1062 456 sagax
1076 374 1118 437 4⁸

78 485 223 553 praeterea,
243 489 274 540 et
288 482 453 541 admodum
476 484 616 542 subtilis*
632 483 767 560 ingenio.
787 481 907 539 Primus
933 475 1062 557 imperio

22 621 24 632 .
78 570 204 635 Romano
217 579 308 658 regiae
323 580 556 639 consuetudinis
571 582 699 639 sormam
720 580 817 656 magis
835 596 927 657 quam
949 573 1063 634 Roma-

76 688 116 728 nae
140 672 289 735 libertatis
312 678 440 750 invexit,
472 678 674 758 adorarique*
701 697 731 735 se
755 675 859 757 jussit,
895 692 964 732 cum
993 677 1065 728 ante

75 785 135 824 eum
146 773 247 831 cuncti
265 773 484 835 salutarentur.
502 775 690 834 Ornamenta
714 791 907 851 gemmarum
926 765 1065 826 vestibus

74 869 101 919 et
112 865 321 930 calceamentis
335 871 465 944 indidit,
483 893 553 929 nani
567 872 651 950 prius
665 870 786 950 imperii
799 869 918 946 insigne
934 867 966 923 in
981 863 1065 922 chla-

76 961 154 1038 myde
168 961 323 1046 purpurea
338 977 458 1026 tantum
475 969 548 1040 luit,
565 968 682 1048 reliqua
702 966 888 1026 communia.
904 961 1066 1023 Maximia-

75 1075 123 1115 nus
137 1070 237 1120 autem
252 1064 440 1124 Herculius*
458 1066 540 1124 ierus
560 1065 719 1144 propalam
735 1072 766 1122 et
782 1061 917 1122 incivilis
936 1057 1064 1136 ingenii,

22 1239 23 1242 Ἴ
74 1159 258 1233 asperitatem
272 1182 357 1221 suam
383 1163 474 1221 etiam
495 1162 600 1221 vultus
626 1162 753 1221 horrore
781 1159 968 1238 significans.
986 1155 1065 1213 Cum

22 1249 24 1320 ξ
76 1257 177 1328 tamen,
198 1257 442 1336 iingravescente
459 1281 536 1332 aevo,
555 1280 663 1340 parum
685 1280 716 1318 se
739 1258 884 1317 idoneum
901 1253 1067 1314 Diocletia-

22 1349 24 1380 ³
75 1368 124 1409 nus
140 1354 327 1415 moderando
345 1357 475 1436 imperio
490 1378 555 1416 esse
568 1357 706 1429 sentiret,
723 1363 831 1415 auctor
846 1352 992 1412 Herculio
1007 1351 1067 1409 fuit

22 1463 24 1488 ³
75 1448 146 1507 utin
168 1452 320 1530 privatam
341 1454 435 1513 vitam
459 1454 674 1524 concederent,
701 1461 732 1531 et
753 1452 918 1511 stationem
942 1448 1066 1508 tuendae

22 1535 24 1552 ³
76 1544 240 1623 reipublicae
253 1549 452 1610 viridioribus
458 1551 695 1631 junioribusque
709 1549 899 1609 mandarent.
913 1546 971 1606 Cui
986 1566 1066 1623 aegre
1124 1603 1126 1608 .

73 1641 180 1721 collega
212 1644 455 1727 obtemperavit;
482 1656 586 1706 tamen
617 1655 745 1726 uterque
779 1666 840 1703 una
863 1644 912 1701 die
944 1643 1066 1722 privato

22 1787 24 1806 ,
77 1734 171 1800 habitu
187 1742 308 1823 imperii
330 1745 449 1822 insigne
464 1745 608 1817 mutavit,
631 1743 818 1802 Nicomediae
841 1741 1063 1811 Diocletianus,

79 1833 229 1898 Herculius
261 1840 441 1912 Mediolani,
474 1848 754 1921 concesseruntque
793 1860 872 1897 unus
906 1838 1064 1909 Salonas*,

75 1930 141 1990 alter
156 1936 188 1994 in
203 1937 381 1998 Lucaniam.
400 1939 611 1997 Diocletianus
638 1939 670 1996 in
680 1938 764 2009 villa,
778 1957 847 2016 quae
863 1935 945 1994 haud
960 1933 1066 2013 proclu

75 2045 90 2084 a
108 2029 221 2092 Salonis
237 2042 294 2107 est,
309 2037 457 2114 praeclaro
471 2036 534 2094 otio
551 2035 662 2106 senuit,
686 2035 831 2092 inusitata
850 2033 964 2090 virtute
981 2052 1064 2103 usus,

22 2211 23 2214 Ἴ
79 2132 105 2183 ut
127 2129 207 2188 solus
232 2132 382 2204 omnium,
414 2140 484 2212 post
507 2132 665 2191 conditum
691 2132 865 2190 Romanum
889 2129 1063 2209 imperium,

22 2215 23 2220 ἵ
76 2241 107 2279 ex
123 2231 206 2286 lanto
221 2228 347 2306 fastigio
360 2237 469 2309 sponte
491 2228 529 2287 ad
555 2228 655 2287 civilis
680 2228 751 2288 vitae
769 2235 882 2286 statum
904 2231 1064 2284 remcaret.

76 2317 206 2402 Contigit
220 2324 317 2403 igitur
332 2325 359 2384 ei
375 2326 458 2404 quod
470 2325 549 2384 nulli
564 2334 634 2405 post
653 2333 741 2384 natos
756 2324 907 2395 homineS,
929 2330 974 2394 ut,
996 2341 1067 2380 cum

78 2418 204 2490 privatus
220 2423 360 2496 obiisset,
377 2424 459 2482 inter
476 2423 573 2481 Divos
591 2431 691 2481 tamen
705 2423 880 2480 referretur.

102 2585 138 2635 N⁰
153 2589 215 2640 136
231 2605 236 2637 :
250 2589 477 2640 Diocletianus
491 2589 620 2652 (ast-305).
630 2589 737 2637 Voirau
748 2590 854 2649 lenique
865 2587 967 2636 Notitia
980 2585 1068 2650 digni-

79 2645 159 2698 tatum.
175 2678 201 2685 -
216 2651 356 2701 subtilis
369 2667 374 2700 :
388 2653 407 2698 il
418 2652 484 2699 ctait
496 2653 537 2701 ills
551 2653 611 2698 d'un
621 2653 724 2699 esclave
735 2652 859 2698 dalmata.
874 2678 903 2685 -
914 2648 1066 2699 adorari.

76 2705 138 2757 C'est
163 2713 186 2759 la
208 2717 371 2782 προσκύνησις
400 2715 447 2761 des
469 2716 523 2761 rois
543 2715 575 2760 de
598 2713 685 2762 Perse.
705 2714 725 2760 ll
745 2713 839 2760 dtablit
857 2713 881 2760 la
901 2711 990 2759 divine
1011 2709 1068 2757 hid-

22 2797 24 2828 r
76 2781 180 2839 rarenie,
203 2788 230 2831 et
251 2783 281 2830 fit
304 2785 337 2831 dc
359 2799 387 2832 sa
409 2799 474 2832 cour
490 2799 541 2831 une
558 2799 623 2830 cour
647 2784 774 2830 om'cntale
794 2785 828 2829 ou
852 2783 875 2829 le
894 2781 1007 2830 roi-dieu
1027 2783 1068 2830 vit

76 2841 148 2889 cache
166 2845 232 2891 dans
249 2860 301 2892 une
321 2845 413 2893 ombre
430 2861 456 2892 m
478 2847 606 2892 stdricuse
624 2861 656 2893 au
667 2846 731 2892 fond
746 2845 808 2891 d'un
821 2845 906 2891 malnis
923 2844 1002 2904 gardc'
1019 2859 1068 2905 par

78 2913 120 2948 unc
130 2907 214 2952 armee
228 2907 392 2969 d'eunuques
403 2911 430 2955 et
442 2909 459 2954 d
469 2909 591 2967 otliciers.
604 2907 676 2955 Ceux
688 2908 733 2967 qui
744 2910 790 2953 ont
803 2906 904 2953 obtcnu
917 2907 952 2952 du
969 2906 1068 2968 magis-

79 2963 111 3008 ter
120 2966 267 3027 officiorum
277 2983 329 3015 une
340 2970 469 3016 audience
486 2970 622 3031 imperiale
635 2985 652 3030 y
666 2971 727 3015 sont
744 2968 834 3014 menes
855 2983 903 3028 par
919 2984 954 3015 un
973 2971 1068 3014 mattre

79 3023 117 3072 des
127 3029 299 3077 ccrc'monies.
312 3031 366 3078 Des
386 3029 462 3092 qu'ils
484 3036 531 3078 ont
549 3031 652 3078 franchi
667 3031 691 3077 la
733 3034 790 3077 ortc
808 3030 903 3089 gardc'e
916 3045 965 3090 par
980 3034 1068 3078 trente

78 3084 237 3150 silentinires,
252 3093 285 3139 ils
298 3107 325 3140 se
342 3097 514 3153 prosternent
533 3097 560 3140 et
579 3092 690 3139 adorent
710 3045 733 3142 li
750 3091 840 3153 uisage
854 3091 936 3149 sacre',
955 3096 1035 3139 osant
1053 3093 1068 3139 a

78 3150 146 3205 peine
160 3153 232 3200 lever
250 3153 289 3201 les
308 3169 386 3216 yeux.
401 3182 431 3189 —-
448 3153 632 3204 Herculius.
652 3153 801 3200 Dioclctien
822 3167 850 3199 se
867 3151 1016 3215 l'adJ'oignit
1035 3168 1068 3200 en

23 3223 24 3230 ¹
79 3212 141 3280 {861
164 3213 253 3264 c'e'tait
281 3217 305 3262 le
329 3215 371 3262 fils
397 3215 457 3262 d’un
486 3231 587 3278 paysan
613 3217 645 3262 dc
672 3215 805 3262 Sirmium.
837 3241 868 3248 -
895 3214 1037 3265 Salonas
1059 3230 1066 3263 :

22 3321 24 3326 ,
80 3267 170 3338 ¹halone,
182 3277 243 3324 ville
261 3277 294 3324 de
311 3277 444 3325 Dalmatie
468 3276 644 3338 tauJ'ourd'hui
660 3277 801 3339 Spalatro),
827 3277 871 3337 qui
900 3291 914 3322 a
939 3277 1068 3324 conserve

76 3335 186 3405 iusqu'au
205 3349 261 3385 xvr’
286 3339 366 3386 siecle
383 3341 421 3386 les
444 3343 529 3386 restes
547 3340 581 3385 du
605 3340 688 3400 palais
711 3341 745 3386 ou
768 3353 796 3385 se
818 3340 900 3386 rctira
917 3339 1067 3386 Dioclc'tien

81 3398 270 3468 ,itottmetres
288 3401 321 3447 de
345 3401 467 3462 suriaco).
488 3400 530 3448 Vu
549 3402 582 3448 de
602 3402 705 3458 dehors,
727 3398 816 3446 c'etait
839 3415 889 3446 unc
913 3401 1066 3460 forteresse,

80 3454 196 3509 detondue
219 3477 268 3524 par
289 3466 383 3524 quatre
402 3477 506 3524 grossos
528 3467 603 3510 tours
625 3466 652 3509 et
673 3463 708 3508 ou
724 3462 776 3509 l'on
794 3463 893 3508 entrait
907 3477 956 3523 par
974 3467 1068 3523 quatre

79 3521 143 3568 voies
159 3523 272 3572 bordees
284 3524 316 3571 de
329 3524 491 3572 colonnadcs
511 3539 543 3571 en
563 3525 650 3585 granit
662 3537 750 3582 rouge.
765 3523 922 3570 L'inte'rieur
936 3524 1069 3585 rappclait

79 3575 99 3624 le
112 3585 197 3642 prince
217 3601 223 3634 ι
243 3587 291 3633 des
306 3587 431 3646 thermes,
446 3601 481 3632 un
501 3587 596 3646 lorum,
615 3585 662 3632 dcs
682 3585 759 3631 sallcs
779 3585 811 3631 dc
823 3585 970 3646 „receptior
988 3590 1015 3633 ct
1034 3586 1067 3632 dc

80 3649 174 3708 conscil,
187 3650 234 3697 des
249 3663 329 3709 corps
342 3648 375 3695 de
387 3648 476 3710 garde,
494 3651 544 3696 etc.
559 3647 616 3694 Une
633 3647 736 3707 e'paisse
754 3647 873 3693 muroille
887 3647 953 3694 dont
969 3648 993 3694 le
1005 3647 1067 3708 pied

79 3699 173 3758 bordait
183 3711 207 3758 la
218 3725 275 3758 mer
287 3711 389 3771 portait
401 3724 453 3756 une
464 3711 560 3770 galerie
572 3710 587 3756 a
592 3709 654 3769 jour
666 3709 709 3754 lon
729 3723 761 3754 ue
774 3709 806 3754 de
818 3713 861 3754 180
875 3709 981 3769 metros,
991 3709 1068 3771 point

80 3763 107 3810 de
117 3781 162 3820 vue
173 3770 375 3834 incomparable
387 3786 433 3819 sur
442 3771 480 3819 les
493 3773 541 3818 iles
554 3771 586 3817 de
599 3770 624 3817 la
634 3771 694 3818 ecte
707 3723 831 3817 dalmata.

487 3967 523 3980 —
542 3940 591 3997 137
606 3969 646 3986 ...-
