2658 4244
297 158 353 216 94.
375 161 446 216 Les
465 158 683 216 conseillers
701 157 917 227 imperiaux.

412 255 459 318 (De
473 253 641 302 Conciliariis
656 253 799 318 augustis.)

145 375 305 448 Augustus
325 371 382 430 sibi
399 371 534 429 instituit
555 371 702 428 consilia*
720 370 822 429 sortiri
842 371 1020 430 semestria*
1036 391 1105 430 cum
1120 366 1162 429 4⁸·

4 517 5 544 ,
101 469 217 548 quibus
231 467 269 526 de
283 467 413 545 negotiis
426 468 463 526 ad
475 468 667 548 frequentem
684 468 830 526 Senatum
846 467 1013 526 referendis
1029 476 1106 526 trac-

5 631 6 640 ,
103 573 195 624 taret.
208 565 383 624 Sententias
392 565 430 623 de
440 565 556 645 majore
567 565 690 642 negotio
701 585 763 622 non
774 584 858 622 inore
869 571 961 644 atque
970 564 1105 635 ordine*,

4 649 6 718 J
101 662 156 720 sed
168 662 421 742 proutlibuisset,
435 661 630 741 pernegabat,
646 668 680 719 nt
689 661 816 740 perinde
827 662 956 741 quisque
970 661 1105 720 animum

4 753 6 842 Ξ
87 744 280 818 =intenderet
307 781 341 818 ac
368 760 392 817 si
421 759 609 817 censendum
636 759 732 836 magis
759 780 850 838 quam
876 759 1104 818 assentiendum

4 851 6 878 ²
100 863 195 916 esset.
213 857 355 914 Tiberius
374 877 497 935 quoque
515 877 606 935 super
626 863 744 914 veteres
759 857 873 914 amicos
890 876 925 915 ac
942 855 1105 914 familiares

4 977 6 1030 q
100 953 236 1032 viginti*
251 953 308 1012 sibi
319 975 335 1012 e
346 974 474 1012 numero
485 953 659 1032 principum
670 953 803 1011 civitatis
816 953 1006 1033 depoposcit,
1020 953 1106 1012 velut

4 1033 6 1122 l
99 1049 296 1109 consiliarios
325 1051 355 1108 in
385 1051 517 1128 negotiis
552 1051 693 1129 publicis.
732 1051 815 1109 Haec
843 1051 1034 1110 consuetudo
1067 1051 1105 1109 ab

102 1147 265 1206 Hadriano
292 1156 440 1206 renovata
475 1155 504 1206 et
540 1169 555 1206 a
585 1147 735 1226 Septimio
766 1148 879 1206 Severo
907 1148 1103 1228 amplificata.

99 1243 279 1303 Alexander
304 1246 435 1303 Severus
459 1244 574 1303 nullam
596 1245 867 1304 constitutionem*
884 1246 1015 1304 sacravit
1040 1246 1105 1304 sine

100 1341 213 1418 viginti
233 1341 321 1422 juris
341 1342 459 1421 peritis,
485 1349 516 1400 et
537 1341 721 1400 doctissimis
750 1363 785 1400 ac
813 1343 1002 1422 sapientibus
1031 1343 1105 1401 viris

4 1513 6 1526 ,
99 1438 273 1518 iisdemque
297 1438 506 1496 disertissimis
528 1459 589 1496 non
611 1439 712 1497 minus
734 1439 959 1518 quinquaginta
985 1459 992 1500 ι
1017 1447 1049 1498 et
1073 1439 1104 1498 id

4 1593 6 1612 ,
97 1535 227 1615 quidem
243 1536 296 1603 ita,
316 1543 351 1594 ut
365 1536 461 1594 iretur
476 1556 530 1614 per
545 1537 711 1594 sententias
727 1536 928 1613 singulorum,
941 1557 976 1596 ac
991 1535 1105 1596 scribe-

4 1661 5 1684 ;
100 1639 189 1691 retur
205 1632 280 1711 quid
298 1633 428 1712 quisque
446 1632 583 1704 dixisset,
602 1632 674 1692 dato
695 1640 795 1691 tamen
812 1634 911 1712 spatio
928 1633 966 1691 ad
987 1633 1105 1714 disqui-

98 1729 233 1788 rendum
252 1730 429 1808 priusquam
445 1730 592 1801 dicerent,
610 1750 648 1788 ne
663 1729 822 1806 incogitati
838 1729 939 1788 dicere
959 1751 1105 1808 cogeren-

99 1835 151 1885 tur
165 1825 204 1884 de
221 1827 312 1884 rebus
328 1827 516 1904 ingentibus.
537 1827 607 1884 Fuit
625 1834 773 1905 praeterea
788 1827 831 1884 illi
847 1828 1049 1898 consuetudo,
1070 1836 1105 1887 ut

97 1925 123 1982 si
136 1922 175 1980 de
187 1923 259 2003 jure
274 1930 328 1981 aut
340 1923 377 1982 de
393 1923 524 2001 negotiis
539 1930 695 1990 tractaret,
713 1924 793 1982 solos
809 1924 917 1982 doctos
929 1932 960 1983 et
972 1924 1103 1983 disertos

98 2020 278 2094 adhiberet3
297 2021 411 2079 sivero
427 2020 464 2078 de
480 2041 511 2078 re
529 2021 662 2092 militari,
681 2021 828 2080 militares
842 2028 961 2080 veteres
974 2029 1005 2080 et
1017 2043 1103 2080 senes

98 2117 333 2189 benemeritos,
356 2125 386 2176 et
405 2117 542 2175 locorum
558 2119 672 2196 peritos
693 2139 727 2176 ac
747 2126 928 2190 castrorum,
950 2127 981 2177 et
998 2140 1104 2178 omnes

97 2213 262 2274 litteratos,

128 2345 171 2394 ΙΨ
184 2346 248 2396 94:
265 2344 418 2395 Consilia.
437 2345 472 2393 Ce
491 2347 600 2404 conseil,
619 2340 679 2393 'com
700 2345 745 2393 ost
762 2345 870 2394 d'amici
888 2362 921 2393 ou
939 2347 1057 2406 comites,
1076 2351 1104 2397 et

97 2407 222 2468 organise
235 2421 284 2469 par
296 2408 417 2468 Auguste
432 2421 465 2454 en
479 2406 529 2454 l'an
542 2410 571 2453 13
584 2409 616 2455 de
629 2409 644 2455 J
649 2435 668 2454 .·
693 2444 708 2464 .,
723 2406 763 2455 n'a
775 2409 852 2470 point
866 2407 1027 2457 d'existence
1044 2410 1103 2456 otfr-

4 2491 6 2526 t
97 2469 176 2515 cielle
187 2467 336 2529 d'Anguste
349 2469 364 2514 a
376 2467 504 2516 Hadrien.
517 2471 540 2515 Α
551 2471 636 2530 partir
647 2467 802 2528 d‘Hadrien,
816 2485 860 2517 ces
874 2469 940 2517 amis
954 2474 1015 2519 sont
1028 2487 1105 2532 cons-

4 2527 5 2590 }
98 2530 182 2577 titues
195 2545 227 2576 en
238 2530 340 2577 conseil
352 2529 427 2591 privc
439 2530 602 2592 (consilium,
615 2530 781 2578 auditorium
794 2531 938 2593 Principis,
952 2531 1104 2581 consiliarii

96 2591 735 2702 ilfme'llululfi'lsifai‘ssll‘tffafgllifi
759 2608 825 2702 ⁵⁰l÷l
842 2593 1045 2703 lepdifffloe
1069 2596 1103 2643 ‘¹⁶

4 2729 5 2750 t
97 2669 208 2784 cenable
224 2690 478 2775 dc'jur'isconsultes
498 2669 678 2773 forniantpau
695 2670 798 2772 besbiii,
816 2670 867 2764 qu
886 2670 965 2764 bauti}
986 2670 1056 2764 dciii*s
1066 2671 1103 2764 qq

4 2783 6 2820 ἰ
94 2777 205 2838 justice.
219 2776 338 2838 Septime
351 2776 448 2823 severe
460 2775 549 2837 l'erige
562 2791 594 2823 en
613 2776 719 2824 Conseil
731 2776 828 2837 d'Etat,
846 2778 914 2825 rival
932 2779 1050 2826 hcureux
1066 2780 1103 2826 du

4 2871 6 2878 ·
97 2838 190 2886 senat.
202 2840 276 2884 Avec
285 2837 446 2896 Diocletien,
457 2853 519 2885 sous
530 2839 554 2885 le
563 2853 625 2885 nom
636 2840 668 2885 de
680 2838 837 2886 consistoire
851 2839 974 2902 imperial
986 2841 1103 2902 (sacrum

97 2898 311 2972 consistorium),
325 2900 343 2945 il
355 2900 487 3007 remplace
505 2901 519 2947 d
536 2915 586 3007 peu
604 2901 665 2970 pres
683 2901 890 2962 completement
907 2902 931 2949 le
947 2901 1036 2961 senat,
1057 2903 1103 2976 qui

97 2961 472 3093 biddlblllsZigiiriaiisqiibrlent
488 3024 521 3070 dc
539 3023 632 3084 quinze
649 3024 790 3082 membres,
809 3025 869 3086 plus
887 3026 949 3072 tard
968 3026 1001 3073 de
1017 3026 1102 3087 vingt,

96 3084 258 3131 renouvelds
271 3087 331 3131 tous
345 3085 383 3130 les
396 3099 437 3131 six
450 3085 518 3132 mois
531 3089 558 3132 et
571 3085 634 3131 tires
648 3100 681 3131 au
699 3089 763 3132 sort.
778 3112 807 3120 —
819 3086 949 3136 Ordine.
968 3087 1004 3134 Le
1018 3087 1105 3158 presi-

96 3147 165 3192 dent
180 3146 355 3193 introduisait
371 3146 395 3192 la
413 3147 537 3207 question
550 3147 594 3208 (ad
612 3149 733 3193 senatum
750 3147 872 3208 reterre).
890 3147 1067 3206 D'ordinarre,
1083 3149 1104 3197 il

4 3215 6 3222 ·
100 3208 262 3268 provoquait
279 3222 331 3254 une
349 3208 498 3254 discussion
516 3211 543 3254 et
560 3208 671 3255 donnait
689 3210 916 3258 successivement
934 3211 960 3257 la
976 3211 1068 3272 parole
1088 3212 1103 3258 a

97 3284 166 3315 ceux
183 3269 228 3329 qui
246 3269 383 3316 voulaicnt
400 3283 513 3329 exposer
529 3269 586 3316 leur
604 3271 670 3317 avis.
692 3271 727 3318 Le
740 3276 803 3318 vote
821 3286 848 3318 se
866 3271 956 3319 faisait
972 3273 1042 3320 alors
1055 3287 1105 3334 par

4 3375 5 3390 ,
98 3329 236 3386 discessio,
259 3328 425 3377 c‘est-a-dire
447 3346 498 3391 que
518 3331 556 3378 les
575 3332 709 3392 partisans
731 3331 880 3394 d'opinions
900 3333 1054 3381 differentes
1075 3349 1103 3382 se

97 3393 285 3453 partageaient
304 3406 336 3438 en
358 3393 428 3438 deux
450 3407 572 3453 groupes.
596 3394 715 3453 Auguste
735 3393 908 3454 interrogeait
930 3397 974 3457 qui
994 3396 1048 3443 bon
1065 3397 1104 3444 lui

97 3453 225 3500 semblait
238 3468 244 3500 :
258 3454 276 3500 il
289 3453 392 3500 voulnit
404 3469 455 3514 que
467 3454 569 3516 chaque
581 3454 705 3501 senateur
717 3470 744 3501 se
756 3457 807 3502 tint
819 3457 878 3517 pret
888 3457 903 3502 d
915 3457 1043 3504 formuler
1054 3473 1104 3505 son

96 3517 164 3562 avis.
184 3514 247 3562 Cela
260 3516 419 3576 supprimait
433 3516 471 3562 les
484 3516 605 3562 discours
617 3517 735 3574 inutiles,
748 3520 774 3564 et
786 3517 882 3574 forcait
895 3521 956 3566 tous
968 3519 1007 3566 les
1021 3520 1104 3566 Stna·

96 3582 172 3624 teurs
193 3577 348 3624 dressc'chir
366 3591 417 3623 aux
434 3578 546 3636 grandes
561 3579 698 3638 questions
718 3579 762 3638 qui
777 3578 938 3627 inte'ressent
952 3581 976 3626 le
993 3581 1055 3628 bien
1070 3582 1104 3628 de

96 3640 187 3686 l'Etat.
213 3665 242 3672 -
266 3637 401 3699 Viginti.
421 3639 486 3685 Voir
509 3639 587 3695 Dion,
611 3639 690 3690 LVII,
713 3644 733 3685 7.
754 3667 784 3674 -
803 3640 1073 3692 constitutionem
1096 3657 1102 3690 ι

96 3701 285 3748 ordonnances
295 3699 448 3761 politiques,
464 3701 638 3748 instructions
649 3702 663 3746 a
676 3700 773 3762 l'usage
784 3702 831 3748 des
840 3703 868 3763 ju
888 3718 916 3751 es
929 3718 963 3750 ou
976 3704 1003 3750 re
1025 3719 1103 3752 enses

96 3763 110 3809 d
121 3764 170 3809 des
183 3763 331 3808 demandes
344 3760 503 3824 (rescripta),
517 3762 576 3823 plus
590 3763 648 3809 tard
661 3763 741 3809 codes
753 3767 779 3810 et
793 3718 909 3812 novatio
921 3719 1071 3828 (nacoliae).

419 2962 533 3008 econsci
557 2962 700 3023 municipal
714 2963 746 3008 de
760 2963 852 3010 Rome.
868 2991 898 2998 -
912 2963 1103 3015 Semestma,

530 3914 668 3963 -935-
