2664 4234
129 135 215 193 474.
231 131 403 202 Papirius
416 132 500 188 0110
514 131 671 201 gordien
684 133 750 188 des
763 131 907 200 poulets
918 127 1060 186 sacres.

412 217 460 282 (De
474 218 583 284 Papirio
594 219 619 266 et
628 217 769 280 pullario.)

134 333 260 392 Nullum
277 341 342 393 erat
356 334 626 411 genushominum
640 333 672 390 in
687 333 794 392 castris
812 332 960 390 intactum
977 329 1097 409 cupidi·
1112 326 1152 388 3⁰

93 438 157 489 tate
182 449 321 510 pugnae:
344 430 454 489 summi
475 430 635 509 infimique
657 450 744 508 aeque
770 429 880 486 intenti
905 434 1008 500 erant;
1035 427 1097 485 dux

92 528 258 597 militum*,
274 527 360 586 miles
376 527 462 586 ducis
473 527 611 586 ardorem
626 525 794 606 spectabat.
812 527 841 582 ls
855 525 945 584 ardor
959 524 1096 582 omnium

92 625 186 682 etiam
201 623 239 682 ad
254 645 317 695 eos,
335 624 386 703 qui
398 604 535 703 auspicio
552 624 730 694 intererant,
753 622 905 702 pervenit.
929 622 1006 679 Nam
1026 639 1096 678 cum

94 720 171 800 pulli
201 741 268 778 11011
295 728 503 800 pascerentur,
542 720 700 799 pullarius,
740 719 932 798 auspicium*
973 716 1097 775 mentiri

93 834 187 874 ausus
222 817 392 896 tripudium
426 817 633 876 solistimum*
667 816 785 875 consuli
820 815 984 873 nuntiavit.
1016 814 1096 891 Ergo

12 954 15 962 ·
95 914 238 992 Papirius
259 915 368 992 signa*
394 914 480 973 ocius
512 914 663 993 proferri*
685 913 793 992 jubet;
822 911 1019 989 subsidiaque
1034 910 1097 968 suis

94 1031 226 1088 quaeque
250 1010 326 1069 locis
350 1015 380 1070 et
404 1011 565 1090 praeiectos
595 1009 739 1068 subsidiis
768 1009 919 1067 attribuit.
945 1009 1025 1065 Dum
1050 1007 1108 1065 his.

95 1107 233 1165 intentus
254 1115 331 1179 erat,
356 1107 515 1166 altercatio
538 1108 616 1164 inter
643 1105 790 1185 pullarios
808 1113 874 1164 orta
899 1105 936 1163 de
960 1104 1097 1182 auspicio

94 1203 161 1282 ejus
177 1203 248 1274 diei,
262 1204 467 1283 exauditaque
478 1204 516 1264 ab
527 1203 683 1283 equitibus
696 1202 856 1274 Romanis,
869 1202 920 1282 qui
936 1221 998 1259 rem
1015 1200 1097 1258 haud
1164 1281 1165 1284 Ἴ

95 1300 299 1378 spernendam
316 1301 384 1372 rati,
403 1301 454 1380 Sp.
473 1301 607 1379 Papirio,
625 1300 727 1358 fratris
746 1299 810 1356 filio
823 1298 968 1368 consulis,
984 1297 1097 1374 ambigi

95 1397 133 1454 de
144 1397 280 1476 auspicio
299 1397 566 1456 renuntiaverunt.
583 1396 723 1467 invenie,
748 1403 819 1455 ante
839 1395 1011 1454 doctrinam
1024 1394 1097 1452 deos

95 1499 292 1572 spernentem
307 1496 430 1566 natus*,
447 1515 510 1552 rem
526 1494 715 1572 inquisitam,
733 1513 770 1550 ne
786 1492 860 1572 quid
873 1493 1097 1570 incompertum
1126 1487 1128 1492 ’

96 1569 308 1662 (101011·01,”’11(1
337 1591 495 1648 consulem
519 1590 640 1669 detulit.
672 1589 730 1648 Cui
758 1589 809 1646 ille
840 1607 846 1647 :
875 1613 888 1642 «
902 1589 945 1646 Tu
973 1587 1097 1667 quidem

95 1688 217 1744 macte*
237 1688 352 1745 virtute
376 1687 595 1767 diligentiaque
613 1694 689 1745 esto,
712 1686 856 1745 Ceterum
885 1685 937 1765 qui
960 1685 1098 1764 auspicio

95 1784 192 1854 adest,
217 1783 241 1842 si
264 1784 336 1862 quid
358 1785 425 1842 ialsi
453 1785 583 1853 nuntiat,
614 1784 645 1842 in
668 1783 891 1862 semetipsum*
917 1777 1097 1858 religionem

97 1879 310 1959 recipitMihi
321 1881 446 1961 quidem
459 1881 629 1960 tripudium
640 1877 816 1939 nuntiatum
828 1879 942 1958 populo
957 1879 1097 1938 Romano

96 1977 305 2055 exercituique
336 1979 492 2055 egregium
521 1977 691 2056 auspicium
720 1985 805 2035 est.»
835 1975 1098 2035 Centurionibus*

96 2072 206 2131 deinde
225 2074 387 2152 imperavit
404 2081 437 2133 ut
451 2075 596 2153 pullarios
614 2074 694 2132 inter
709 2073 806 2152 prima
820 2072 906 2151 signa'
929 2073 1098 2131 constitue-

96 2177 175 2227 rent.
202 2171 384 2248 Priusquam
421 2171 555 2229 clamor*
584 2170 754 2241 tolleretur,
791 2176 1095 2248 concurrereturque‚

96 2267 207 2324 emisso
224 2263 336 2325 temere
349 2267 411 2346 pilo
427 2268 505 2325 ictus
521 2266 669 2345 pullarius
682 2274 752 2324 aute
766 2266 853 2343 signa
868 2265 979 2326 cecidit
1009 2265 1097 2332 Quod

97 2363 149 2422 ubi
173 2362 292 2421 consuli
318 2365 493 2422 nuntiatum
517 2371 584 2424 est:
610 2387 623 2417 «
641 2363 691 2421 Dii
707 2363 737 2420 in
755 2362 867 2441 proelio
882 2368 964 2434 sunt,
979 2360 1094 2441 inquit;

96 2460 190 2517 habet
200 2481 323 2538 poenam
338 2461 462 2518 noxium
483 2468 586 2539 caput.
599 2485 613 2514 n

127 2600 167 2649 Νο
188 2599 255 2649 474
276 2615 281 2646 :
299 2601 451 2659 Militum
472 2601 665 2649 sous-entendu
695 2599 828 2648 ardorem.
848 2625 877 2636 ·-
905 2599 1097 2660 Auspicium

99 2683 108 2703 (ι
122 2662 156 2708 La
181 2662 290 2722 religion
314 2664 431 2709 romaine
451 2667 490 2710 est
507 2662 629 2710 dominee
653 2677 701 2723 par
717 2666 787 2709 cette
807 2661 864 2708 idee
889 2677 940 2721 que
957 2663 995 2708 les
1018 2662 1097 2708 dieux

99 2722 215 2770 n'aident
227 2738 274 2784 pas
287 2723 561 2785 l'hommeelpene'trer
574 2723 691 2782 l'avenir,
703 2725 769 2770 mais
782 2722 907 2785 qu'avant
921 2726 995 2770 toute
1009 2727 1096 2770 entre-

98 2785 177 2845 prise,
191 2785 297 2845 Jupiter
310 2787 449 2832 manifeste
463 2801 510 2832 son
524 2785 701 2847 approbation
719 2800 752 2832 ou
770 2801 798 2831 sa
818 2785 1052 2846 ddsapprobation,
1071 2788 1097 2832 et

97 2860 148 2923 que
159 2861 207 2906 par
225 2847 294 2893 suite
314 2862 380 2894 nous
399 2860 521 2908 pouvons
538 2851 593 2895 etro
609 2849 667 2893 surs
684 2847 699 2892 11
715 2845 833 2916 l’avance
851 2848 886 2893 du
903 2847 995 2915 succes
1012 2861 1045 2892 ou
1064 2847 1096 2893 de
1166 2917 1169 2922 .

97 2908 235 2954 iiusucces
248 2909 280 2954 de
290 2923 337 2967 nos
351 2912 422 2955 actes
435 2930 445 2950 n
467 2910 634 2969 (Mommsen,
656 2908 733 2955 Drort
747 2908 841 2970 public
856 2923 967 2966 romain,
981 2908 1001 2966 l.
1013 2910 1050 2962 87,
1063 2908 1096 2954 de

97 2971 120 3016 la
149 2969 320 3026 traduction').
345 2996 374 3004 -
390 2970 598 3020 solistimum.
619 2990 628 3011 ι(
641 2968 681 3017 011
701 2971 836 3030 apportait
853 2971 899 3016 des
933 2970 1096 3016 ouletsdans

97 3031 143 3076 des
154 3044 245 3090 cagcs;
259 3045 292 3076 on
306 3032 343 3078 les
364 3031 461 3079 1110111111
485 3036 511 3078 et
525 3047 558 3078 on
576 3032 633 3078 leur
649 3032 756 3092 jetaita
776 3046 891 3091 manger.
931 3047 946 3077 11
959 3031 1097 3078 observait

97 3093 166 3138 alors
179 3092 249 3137 leurs
260 3093 356 3139 aliures
370 3096 396 3139 et
413 3093 470 3140 leur
490 3093 601 3154 appetit.
620 3093 655 3138 Le
675 3093 747 3153 signe
767 3093 790 3138 le
804 3092 863 3154 plus
880 3093 1016 3140 lavorable
1031 3093 1097 3139 enm

97 3154 121 3199 ic
135 3152 285 3214 tripudium
297 3153 468 3210 solistimum,
478 3155 522 3215 qui
537 3169 564 3201 se
577 3155 726 3214 produisait
736 3155 842 3215 lorsque
855 3155 878 3200 le
891 3155 983 3215 poulet
994 3154 1097 3201 laissait

98 3214 233 3261 retombcr
245 3216 277 3261 de
291 3231 338 3262 son
351 3216 409 3274 bec,
426 3231 474 3277 par
494 3221 553 3277 trop
569 3216 602 3261 dc
620 3216 689 3272 huto,
710 3217 747 3262 les
762 3215 852 3262 bribcs
865 3216 897 3262 (le
910 3216 934 3262 la
945 3216 1095 3263 nourriture

97 3276 189 3322 otl'erte
210 3296 220 3316 »
242 3276 320 3337 (Dict.
339 3277 384 3324 des
405 3277 490 3339 antiq.
514 3277 533 3334 1,
555 3277 616 3336 556).
639 3304 666 3312 —
684 3276 786 3338 Signa
804 3277 912 3338 ddsigne
932 3278 965 3323 ici
989 3291 1040 3324 non
1058 3277 1096 3324 les

97 3338 242 3398 enseignes‚
263 3339 329 3385 mais
350 3339 388 3385 les
401 3339 501 3385 soldats
518 3339 611 3399 quites
625 3339 739 3386 suivent.
754 3366 783 3374 -
796 3338 950 3387 Proferri.
969 3337 1096 3398 Proserre

98 3402 123 3444 et
136 3413 301 3460 promouere,
318 3400 451 3458 signifient
461 3415 574 3446 avaneer
585 3415 616 3446 cn
629 3401 707 3446 ordre
718 3401 750 3446 de
761 3400 877 3446 bataillc.
886 3400 1042 3449 --uatus
1055 3400 1095 3447 On

97 3461 154 3506 voit
164 3461 229 3506 dans
242 3465 312 3508 cette
325 3463 420 3522 phrase
433 3463 457 3508 la
471 3463 506 3508 l'oi
519 3465 546 3508 et
557 3461 579 3508 le
595 3462 760 3522 patriotisme
773 3461 846 3509 deT.
861 3462 974 3509 11110-
985 3462 1095 3511 Macte

97 3522 209 3583 (vocatis
220 3523 253 3568 de
265 3537 339 3584 maye
353 3523 456 3582 auctus)
471 3543 501 3564 =
514 3524 567 3570 sois
584 3524 700 3570 heureux
713 3524 727 3570 (1
744 3537 823 3570 cause
841 3524 882 3570 de.
904 3524 969 3569 Voir
989 3524 1094 3570 version

97 3593 124 3628 n⁰
137 3587 164 3628 37
178 3581 357 3644 l'explication
369 3586 400 3630 de
418 3600 447 3632 ce
460 3589 524 3632 mot.
544 3586 620 3634 —In
638 3585 858 3646 semetipsum,
878 3585 986 3645 indique
1001 3599 1052 3646 que
1071 3583 1095 3632 lc

98 3659 237 3703 mcnsonge
251 3646 284 3706 (lc
300 3645 435 3708 sacrilege)
451 3647 600 3693 retombera
617 3661 699 3692 surse
713 3648 775 3694 tete.
789 3674 820 3681 —
833 3646 1093 3696 centurionibus.

98 3706 130 3752 Le
153 3707 292 3753 centurion
315 3707 381 3754 dtait
401 3708 425 3754 le
447 3709 635 3755 commendant
661 3707 738 3754 d‘unc
760 3709 873 3754 division
898 3709 930 3754 de
950 3708 974 3754 la
998 3708 1093 3769 legion,

98 3767 217 3813 nominee
228 3769 356 3827 centurie,
370 3773 396 3816 et
409 3771 452 3831 qui
474 3770 540 3816 e‘tait
558 3770 583 3816 la
601 3770 691 3816 moitid
707 3771 742 3816 du
759 3770 899 3831 manipule.
919 3770 1026 3818 Comme
1041 3771 1059 3816 il
1076 3785 1095 3832 y

515 3886 673 3934 -477-
