2756 4238
124 185 207 244 296.
229 190 381 245 Peut·on
407 191 645 256 continuerat
669 192 816 260 plaider
839 195 962 262 quand
989 205 1035 248 on
1062 194 1120 248 est

467 277 604 336 nomme
627 279 780 336 tribun‘?

359 390 410 453 (An
423 391 551 440 tribunus
566 407 659 441 causas
672 407 752 456 apere
765 393 888 456 delicati)

165 554 307 614 Consulis
333 558 392 616 an*
414 559 584 618 existimem
609 568 639 618 te
661 560 692 618 in
715 560 874 618 tribunatu
903 580 1010 618 causas
1034 578 1122 634 agere
1139 556 1179 617 3⁰

124 650 246 711 debere.
264 652 433 712 Plurimum
448 655 541 714 refert
556 657 707 736 quidesse
719 657 909 715 tribunatum
926 664 1016 735 putes
1036 674 1042 714 :
1058 655 1123 711 ina-

124 768 194 806 nem
210 749 349 809 umbram
365 760 395 810 et
410 752 475 810 sine
492 752 610 811 honore
626 774 750 826 nomen,
766 774 805 812 an
822 761 1004 833 potestatem
1023 771 1124 810 sacro-

125 850 272 916 sanctam,
287 854 317 905 et
332 869 423 926 quam
441 849 472 906 in
486 849 625 908 ordinem
641 851 709 927 cogi
719 852 740 922 *,
757 858 822 908 uta
839 850 933 921 nullo,
951 851 992 907 ita
1012 870 1048 906 ne
1062 869 1078 906 a
1094 868 1125 905 se

124 941 248 1019 quidem
261 943 377 1004 deceat.
397 947 465 1024 lpse
479 966 548 1005 cum
565 947 724 1005 tribunus*
738 967 835 1005 essem
854 947 1051 1025 (erraverim*
1066 946 1125 1003 for-

124 1045 217 1110 tasse,
241 1041 293 1120 qui
314 1062 362 1100 me
383 1063 448 1101 csse
470 1042 589 1122 aliquid
612 1045 742 1124 putavi),
761 1044 812 1102 scd
835 1052 991 1122 tamquam
1016 1062 1124 1114 essem,
1157 1091 1160 1098 ,

125 1135 260 1196 abstinui
272 1141 373 1197 causis
388 1139 515 1216 agendis
533 1158 539 1199 ε
558 1141 689 1219 primum
702 1142 784 1220 quod
797 1141 933 1199 deforme
944 1139 1124 1198 arbitrabar,

124 1231 173 1290 cui
185 1253 353 1312 assurgere,
370 1237 420 1294 cui
431 1236 499 1294 loco
514 1237 623 1295 cedere
636 1258 742 1296 omnes
753 1245 920 1317 oporteret,
934 1237 1016 1295 hunc
1027 1235 1127 1294 omni-

124 1328 183 1387 bus
198 1329 376 1390 sedentibus
393 1341 473 1392 stare
485 1335 513 1402 *;
536 1342 567 1393 et
583 1335 637 1414 qui
653 1335 761 1413 jubere
781 1342 885 1413 posset
902 1342 1003 1392 tacere
1021 1353 1128 1413 quem-

124 1445 257 1505 cumque
269 1428 290 1500 *,
305 1428 378 1487 huic
388 1429 544 1488 silentium
560 1430 742 1510 clepsydra*
757 1431 870 1502 indici;
887 1438 918 1489 et
931 1452 1022 1510 quem
1035 1431 1129 1487 inter-

124 1522 203 1580 fari*
214 1525 299 1584 nefas
314 1533 404 1594 esset,
419 1526 501 1586 hunc
513 1521 604 1586 eliam
618 1529 756 1587 convicia
766 1532 778 1554 ¹*
792 1528 899 1586 audire
913 1547 919 1598 ;
937 1535 978 1593 et,
994 1528 1017 1585 si
1030 1527 1126 1585 inulla
1164 1597 1172 1613 ,-

125 1626 293 1700 pateretur,
307 1623 448 1696 inertem,
467 1625 491 1682 si
510 1625 719 1696 ulcisceretur,
737 1624 918 1682 insolentem
933 1624 1041 1682 videri.
1057 1624 1126 1681 Erat

125 1716 176 1776 hic
195 1721 339 1799 quoque*
358 1723 474 1779 aestus*
495 1728 566 1781 ante
588 1723 704 1794 oculos,
729 1722 753 1779 si
774 1722 853 1779 forte
875 1741 923 1779 me
945 1721 1124 1800 appellasset

125 1813 175 1872 vel
189 1814 239 1874 ille
254 1816 303 1874 cui
319 1818 455 1876 adessem
480 1818 529 1876 vel
540 1823 542 1831 ¹
554 1818 603 1876 ille
617 1839 707 1897 quem
727 1820 864 1885 contra*,
886 1805 1128 1876 intercederem*

126 1917 157 1969 et
167 1912 315 1971 auxilium
329 1914 451 1986 ferrem,
466 1936 502 1974 an
516 1916 703 1994 quiescerem
716 1914 910 1993 silercmque,
925 1921 955 1972 et
965 1915 1052 1995 quasi
1065 1914 1128 1993 eju·

125 2016 194 2067 rato
215 2011 397 2088 magistratu
418 2013 595 2091 privatum*
614 2013 678 2090 ipse
696 2032 743 2069 me
761 2012 904 2070 facerem.
925 2012 981 2068 His
1001 2011 1129 2070 rationi-

126 2105 184 2164 bus
205 2114 317 2178 motus,
339 2108 434 2166 malui
456 2129 503 2166 me
525 2109 684 2167 tribunum
707 2107 849 2166 omnibus
864 2108 1019 2180 exhibere,
1037 2129 1127 2187 quam

128 2204 234 2282 paucis
244 2203 427 2263 advocatum
437 2207 459 2264 *.
476 2205 535 2263 Sed
553 2211 585 2263 tu
606 2205 727 2283 (iterum
746 2205 855 2283 dicam)
875 2204 1041 2284 plurimum
1053 2206 1128 2262 inte-

127 2307 190 2359 rest
202 2299 277 2380 quid
292 2321 357 2359 csse
373 2303 561 2360 tribunatum
574 2308 674 2381 puteS,
685 2321 775 2380 quam
787 2322 948 2380 personam
963 2302 1017 2360 tibi
1032 2302 1130 2380 impo-

129 2417 195 2473 nas,
212 2417 280 2478 quae
296 2398 428 2476 sapienti
443 2399 511 2456 viro
526 2399 568 2457 ita
583 2397 715 2477 aptanda
728 2406 785 2470 est,
800 2406 835 2455 ut
851 2398 1032 2476 perferatur.

162 2575 203 2626 ΙΨ
218 2577 285 2628 296
298 2593 303 2626 :
315 2577 366 2627 An
380 2592 430 2626 :on
445 2579 578 2626 attendait
595 2592 668 2625 num.
680 2603 710 2612 -
725 2575 812 2638 cogi,
827 2577 982 2638 expression
997 2578 1120 2626 militaire

128 2639 195 2686 faire
207 2641 311 2686 rentrer
323 2641 388 2687 dans
400 2640 424 2686 le
438 2654 516 2702 rang;
535 2654 584 2702 par
596 2640 673 2696 suite,
692 2638 820 2698 abaisser,
834 2639 919 2687 avilir.
934 2637 1077 2687 L'autorile'
1095 2642 1130 2688 du

129 2701 221 2748 triburi
234 2701 339 2749 devrait
351 2703 407 2748 etre
420 2702 598 2750 sacrosancta.
613 2727 643 2736 -
655 2699 833 2750 Tribunus.
850 2701 923 2748 Pline
936 2702 1009 2748 avait
1024 2701 1065 2748 tte
1084 2703 1130 2747 tri-

129 2762 184 2810 bun
198 2763 232 2809 du
246 2764 342 2825 peuple
355 2777 387 2810 en
398 2767 436 2812 92.
451 2763 517 2810 Voir
532 2778 565 2810 au
580 2763 684 2824 lexique
699 2761 825 2809 tribunus
834 2762 931 2824 plebis.
947 2789 976 2797 -
989 2763 1131 2812 Errave-

129 2823 201 2873 rim.
216 2824 251 2871 Le
264 2825 361 2935 garsaii
376 2825 411 2871 du
424 2825 573 2886 subjonctif
583 2825 699 2886 exprime
710 2824 811 2885 parfois
823 2838 874 2872 une
889 2824 1050 2872 affirmation
1062 2825 1131 2872 atle'-

129 2885 206 2933 nuee.
219 2912 250 2920 -
287 2887 361 2936 tare
375 2900 380 2932 ε
395 2901 443 2947 par
456 2886 595 2934 de'ference
610 2887 724 2946 (comme
741 2887 798 2933 ecla
814 2901 842 2932 se
856 2886 903 2932 fait
916 2901 1011 2934 encore
1026 2887 1131 2947 aujour-

130 2947 278 3017 d'hui).·On
291 2948 348 2995 voit
364 2962 437 2995 assez
455 2949 488 2995 ici
505 2948 529 2996 la
550 2947 639 2995 vanite'
657 2949 690 2994 de
713 2948 794 2994 Pline.
815 2975 845 2983 —
865 2947 1104 3010 Quemcumque
1124 2963 1128 2996 :

130 3008 1043 3132 uuilfuul,lituulumituu‘lusuitulus
1054 3011 1131 3118 flu

131 3147 159 3180 sa
191 3132 229 3179 ier
243 3147 248 3179 :
263 3133 280 3178 il
290 3133 389 3179 servait
401 3134 415 3179 d
425 3147 543 3180 mesurer
552 3133 576 3179 le
585 3135 672 3193 temps
683 3133 697 3178 a
708 3133 811 3193 chaque
824 3136 926 3180 avocat.
941 3133 960 3179 ll
969 3133 1052 3180 fallait
1066 3134 1130 3180 trois

130 3194 284 3256 clepsydres
296 3209 365 3255 pour
381 3195 445 3240 faire
458 3209 509 3240 une
527 3195 616 3240 heure.
629 3221 659 3228 -
676 3193 863 3243 Interfari...
881 3193 1033 3247 convicia
1049 3209 1054 3241 :
1072 3198 1131 3242 tout

131 3259 228 3302 evocat
239 3257 280 3302 est
293 3255 391 3316 exposci
406 3256 498 3303 acela.
513 3281 544 3290 -—
556 3253 618 3304 Hic
638 3267 765 3317 quoque
784 3253 867 3303 :c'est
883 3256 908 3301 le
925 3257 1024 3302 second
1044 3258 1128 3315 motis,

131 3316 232 3379 oppose
245 3317 260 3364 a
268 3316 389 3378 primum
400 3317 481 3378 quod.
495 3343 525 3353 -
537 3316 649 3367 AEstus
663 3331 669 3364 ε
682 3317 706 3362 le
718 3320 774 3364 mot
783 3319 825 3363 est
838 3317 892 3363 tres
905 3317 966 3374 fort,
979 3319 993 3364 d
1006 3333 1085 3365 cause
1098 3319 1130 3365 de

130 3380 157 3426 la
169 3378 259 3425 vanite'
269 3379 301 3426 de
317 3379 399 3426 Pline.
413 3405 443 3414 -
457 3377 557 3438 Quem
571 3381 687 3428 contra
701 3393 706 3426 :
721 3379 890 3439 anastrophe.
905 3405 936 3413 -
948 3379 1131 3428 Interoede-

131 3452 200 3491 rem
213 3440 315 3502 (utrum
330 3455 350 3487 s.
363 3441 436 3501 ent).
451 3439 492 3486 Un
510 3441 617 3502 citoyen
630 3441 742 3502 pouvait
758 3441 822 3487 faire
833 3441 911 3501 appel
928 3439 1081 3502 (appellare)
1097 3456 1130 3488 au

132 3503 246 3565 pouvoir
262 3502 423 3549 tribunicien
436 3505 528 3549 contre
544 3502 583 3549 les
597 3503 675 3563 juges
708 3502 733 3549 le
749 3502 840 3548 tribun
859 3502 930 3548 usait
944 3503 1015 3548 alors
1032 3503 1064 3548 de
1082 3517 1130 3549 son

133 3565 204 3612 droit
218 3565 251 3611 de
267 3566 327 3611 veto
345 3562 520 3627 (intercessio)
540 3567 567 3611 et
586 3564 688 3624 porlait
708 3577 816 3610 secours
841 3577 874 3609 au
890 3563 997 3624 citoyen
1023 3565 1130 3612 menncd

133 3625 241 3690 (ausilii
257 3624 340 3688 latio).
355 3653 387 3660 -
399 3625 572 3676 Privatum
585 3625 708 3686 explique
722 3624 749 3671 in
762 3624 884 3672 ordinem
899 3624 966 3687 copi.
983 3652 1009 3660 -
1023 3625 1131 3675 Advo-

134 3690 245 3740 catum
273 3701 278 3734 :
302 3688 316 3735 d
339 3686 466 3749 l'origine,
486 3687 677 3749 jurisconsulte
703 3686 735 3732 de
760 3687 909 3747 profession
938 3687 982 3746 qui
1012 3688 1131 3734 assislait

131 3749 258 3808 l'accuse;
271 3750 314 3810 ici,
326 3752 430 3809 avocat,
445 3763 595 3811 synonyme
608 3749 640 3794 de
654 3749 796 3809 patronus.
813 3747 881 3795 Sous
900 3745 1033 3808 l'Empirc,
1049 3751 1081 3795 ou
1094 3751 1130 3796 les

123 3815 254 3917 ppateuis
266 3815 328 3858 sont
337 3811 607 3872 desjurisconsultes,
625 3810 649 3856 la
667 3809 824 3857 distinction
844 3808 957 3856 s'ellace.
974 3811 1012 3857 Cf.
1030 3811 1130 3866 'Facite

157 3872 213 3930 iat,
226 3877 247 3921 1.

554 3961 586 3971 --
606 3933 656 3984 299
675 3949 709 3971 ὲ
