2756 4238
158 179 242 238 242.
262 181 319 238 Un
336 179 513 237 senateur
532 181 735 239 convaincu
756 183 799 237 de
818 179 967 250 pecuiat
988 179 1157 237 continue

326 267 492 339 asiager
506 270 601 327 dans
620 269 789 326 lesenat
808 267 989 338 imperial.

158 372 280 444 ¹(Senator
290 372 409 438 quidarn,
419 374 563 438 peculatus
571 373 739 436 manifestus,
751 373 779 422 iu
791 373 873 422 Curia
884 372 1056 438 imperatoria
1065 372 1158 421 sedere

567 454 743 518 perseverat.)

199 603 528 665 Firminus*induotus
538 603 569 663 in
580 605 727 664 Senatum
736 604 919 685 *respondit
928 604 1049 663 crimini
1064 611 1154 664 noto:
1170 603 1213 666 4⁶

159 707 272 759 secutae
293 708 365 760 sunt
383 700 511 760 diversae
532 701 691 761 sententiae
708 701 869 760 consulum
891 702 1122 780 designatorum
1133 701 1155 759 *.

159 797 314 856 Tertullus
329 799 449 858 censuit
468 799 576 857 ordine
591 799 778 858 movendum
788 797 818 871 *¹3
837 799 986 858 Acutius*
999 799 1110 869 Nerva,
1126 798 1159 856 in

160 895 321 954 sortitione
341 895 509 974 provinciae
531 897 681 955 rationem
701 897 767 976 ejus
789 917 857 955 non·
874 895 1057 954 habendam.
1084 895 1159 961 Quae

159 992 322 1061 sententia,
345 998 499 1071 tamquam
518 993 633 1064 mitior,
649 993 736 1062 vicit,
754 1014 823 1052 cum
839 993 878 1052 sit
897 993 1033 1072 alioquin
1053 991 1160 1054 durior

159 1089 349 1169 tristiorque.
364 1089 444 1155 Quid
454 1091 534 1148 enim
546 1090 687 1149 miserius
698 1110 790 1170 quam
801 1097 957 1148 exsectum
969 1091 980 1113 *
996 1097 1159 1167 etexemp-

160 1194 225 1244 tum
241 1185 410 1245 honoribus
425 1187 596 1260 senatoriis,
616 1186 720 1246 labore
736 1193 766 1246 et
781 1187 941 1245 molestia*
956 1207 1018 1245 non
1035 1187 1160 1244 carere?

159 1282 240 1349 Quid
257 1283 382 1360 gravius
397 1304 487 1363 quam
504 1291 588 1342 tanta
606 1284 774 1361 ignominia
792 1285 944 1354 allectum,
961 1303 1023 1342 non
1042 1284 1072 1341 in
1088 1271 1160 1341 soli-

159 1379 266 1438 tudine
288 1379 393 1452 latere,
421 1381 474 1439 sed
500 1381 531 1440 in
558 1381 615 1440 hac
635 1381 782 1440 altissima
805 1381 948 1460 specula*
969 1380 1160 1460 conspicien-

159 1477 232 1535 dum
247 1498 278 1536 se
293 1477 587 1558 monstrandumque
603 1479 760 1557 praebere?
779 1479 927 1536 Praeterea
948 1477 1021 1558 quid
1040 1477 1160 1556 publice

159 1575 262 1633 minus
281 1581 335 1633 aut
356 1595 529 1652 congruens
549 1582 602 1633 aut
626 1575 782 1649 decorum,
801 1582 941 1634 notatum
962 1596 977 1633 a
998 1582 1106 1636 senatu
1128 1575 1160 1632 in

160 1678 268 1730 senatu
283 1671 410 1732 sedere?
423 1672 559 1751 ipsisque
570 1672 639 1745 illis,
657 1693 673 1730 a
691 1672 803 1750 quibus
817 1673 858 1730 sit
872 1679 1008 1743 notatus,
1022 1671 1160 1750 aequari?

160 1775 347 1827 summotum
368 1790 384 1827 a
405 1769 636 1848 proconsulatu,
661 1770 730 1849 quia
747 1789 778 1828 se
801 1769 832 1827 in
857 1769 1008 1846 legatione
1030 1769 1161 1849 turpiter

126 1883 129 1890 ’
160 1872 305 1943 gesserat,
325 1864 364 1923 de
383 1866 618 1945 proconsulibus
635 1867 818 1946 judicare*?
839 1866 1079 1946 damnatumque
1098 1885 1162 1923 sor-

160 1962 244 2020 dium
261 1961 309 2021 vel
327 1962 475 2022 damnare
494 1963 570 2022 alios
591 1963 638 2020 vel
658 1962 841 2022 absolvere?
864 1963 923 2021 Sed
946 1963 1004 2021 hoc
1022 1961 1161 2042 pluribus

159 2058 260 2117 visum
274 2066 330 2117 est.
349 2059 558 2139 Numerantur
572 2059 653 2117 enim
672 2059 842 2132 sententiae,
858 2079 918 2117 non
931 2047 1159 2138 ponderantun

160 2175 218 2214 nec
232 2155 315 2214 aliud
333 2154 365 2213 in
383 2155 508 2236 publico
523 2155 652 2214 consilio
673 2164 774 2235 potest
795 2157 872 2226 fieri,
888 2157 920 2214 in
940 2178 1001 2236 quo
1021 2155 1096 2214 nihil
1116 2160 1163 2213 est

160 2262 222 2311 tam
237 2253 388 2332 inaequale
403 2273 494 2332 quam
512 2253 671 2333 aequalitas
688 2253 755 2332 ipsa
777 2271 784 2313 :
808 2274 889 2326 nam,
912 2275 982 2312 cum
1005 2254 1045 2311 sit
1063 2253 1163 2333 impar

161 2349 337 2428 prudentia,
355 2370 410 2429 par
421 2350 560 2408 omnium
571 2349 622 2428 jus
635 2357 691 2407 est.

191 2525 233 2574 ΙΨ
251 2524 335 2576 242:
349 2523 514 2574 Firminus
528 2538 534 2572 τ
547 2524 695 2572 lieutenant
704 2525 741 2572 du
751 2525 894 2586 proconsul
907 2523 1045 2588 d'Atrique
1062 2527 1163 2575 Marius

161 2586 277 2645 Priscus,
291 2585 386 2634 accuse
399 2600 502 2634 comme
514 2585 550 2633 lui
564 2587 596 2633 de
625 2587 713 2633 eculat
725 2589 752 2634 et
764 2585 862 2635 d'actes
873 2587 906 2634 de
919 2588 1036 2636 cruaute.
1050 2589 1123 2636 Pline
1136 2593 1164 2636 et

161 2649 253 2697 Tacite
267 2648 356 2697 iurent
368 2648 478 2709 charges
490 2663 538 2709 par
548 2648 571 2696 le
585 2601 666 2694 Sinat
676 2649 708 2694 dc
721 2647 823 2709 plaider
835 2649 859 2695 la
873 2663 953 2697 cause
968 2651 1015 2696 des
1026 2650 1163 2699 habitants

161 2711 194 2757 de
207 2713 277 2758 cette
289 2710 425 2771 province.
440 2736 468 2744 -
482 2709 647 2762 Senatum.
663 2710 728 2757 Voir
740 2725 773 2757 au
787 2711 890 2771 lenique
906 2711 1025 2786 cognitio
1040 2715 1067 2758 et
1079 2711 1163 2760 cousi-

163 2771 238 2819 lium.
254 2798 284 2806 -
297 2770 560 2833 Designatorum.
576 2772 677 2832 Depuis
695 2771 719 2819 le
734 2772 796 2832 jour
813 2773 845 2818 de
860 2773 917 2820 leur
933 2773 1046 2821 electiori
1057 2772 1163 2835 iusqu'a

161 2833 219 2881 leur
233 2833 324 2881 entree
337 2847 369 2880 en
386 2833 492 2894 charge,
510 2834 548 2880 les
564 2833 703 2880 candidate
718 2833 775 2880 elus
788 2833 888 2881 etaient
907 2834 1042 2897 designati
1060 2849 1065 2882 :
1085 2833 1162 2883 c'est-

162 2896 245 2942 d-dire
260 2893 338 2956 qu‘ils
351 2895 458 2942 avaient
475 2894 673 2942 virtuellemcnt
685 2899 747 2942 tous
762 2895 800 2942 les
810 2896 937 2956 pouvoirs
948 2896 1069 2944 attachus
1082 2898 1096 2943 a
1107 2897 1164 2944 leur

161 2955 272 3018 dignite.
290 2954 334 3004 S'il
347 2972 365 3018 y
378 2957 450 3004 avait
461 2956 620 3016 interregne,
638 2957 670 3004 ils
687 2957 820 3003 entraient
835 2972 866 3003 en
885 2958 979 3019 charge
997 2958 1163 3006 immediato-

161 3020 243 3067 meut.
255 3043 285 3054 -
297 3017 502 3068 Movendum.
513 3016 614 3069 ,curan
629 3016 789 3065 d'ordinaire
805 3017 899 3065 l'office
916 3019 951 3066 du
969 3033 1080 3066 censeur
1095 3021 1164 3080 (voir

164 3081 226 3127 nota
237 3094 271 3128 au
283 3079 407 3141 lexique).
420 3106 451 3114 -
463 3078 613 3137 Acutius,
627 3080 659 3126 de
674 3081 699 3126 la
714 3095 777 3140 gens
796 3081 901 3128 Acutia.
919 3107 949 3115 -
964 3082 1142 3131 Exsectum
1156 3097 1161 3129 :

150 3141 233 3189 'meta
254 3142 318 3188 hore
335 3142 465 3188 heureuse
478 3141 544 3188 tirde
557 3143 589 3188 de
606 3142 630 3188 la
647 3141 787 3202 chirurgio.
806 3169 835 3176 —
853 3141 1008 3192 Molossia
1026 3158 1031 3190 :
1050 3144 1164 3190 allusion

162 3218 213 3250 aux
237 3203 361 3251 onctions
373 3203 407 3250 de
420 3202 552 3250 senateur.
571 3229 600 3237 -
613 3202 763 3273 Specula,
783 3203 890 3263 designo
905 3204 929 3250 le
946 3204 1035 3252 Sdnat.
1055 3205 1095 3252 On
1112 3206 1164 3253 soit

162 3265 223 3326 quel
235 3264 395 3326 magnifique
404 3263 477 3325 eloge
488 3279 520 3311 en
531 3279 545 3311 a
557 3265 606 3311 tait
618 3264 727 3311 Ciceron
742 3265 804 3318 (Pro
818 3265 922 3312 Milone.
936 3268 975 3326 90)
991 3281 996 3313 :
1009 3287 1019 3309 a
1033 3268 1164 3329 templum

163 3326 325 3385 sanctitatis,
338 3325 532 3387 amplitudinis,
547 3326 652 3385 mentis,
666 3327 770 3373 consilii
782 3327 892 3388 publici,
906 3331 986 3388 caput
996 3329 1079 3386 urbis,
1091 3344 1164 3376 aram

163 3388 306 3446 sociorum,
317 3392 424 3448 portum
435 3388 552 3434 omnium
566 3389 692 3449 gentium.
708 3407 719 3430 »
733 3388 792 3435 Lirc
803 3389 873 3435 aussi
886 3389 910 3435 le
922 3391 1094 3437 merveillcux
1104 3392 1165 3438 cha-

163 3449 232 3510 pitre
252 3449 289 3496 Vl
309 3450 342 3495 de
356 3448 381 3496 la
400 3449 541 3496 Grandeur
553 3451 579 3496 ct
598 3449 758 3507 De'cadcuce,
777 3451 811 3496 ou
829 3450 1015 3512 Montesquieu
1033 3467 1046 3499 a
1061 3453 1165 3500 montre'

163 3513 299 3558 comment
313 3511 337 3557 le
354 3510 436 3558 Stnat
450 3512 550 3572 dirigea
567 3525 632 3558 avec
646 3526 697 3558 une
715 3511 831 3558 habuere
844 3513 1041 3574 incomparable
1056 3513 1164 3561 l'oeuvre

163 3575 196 3622 de
217 3574 349 3634 conqutte
367 3576 395 3620 et
414 3571 615 3620 d'assimilation
635 3573 649 3619 a
668 3573 781 3633 laquelle
801 3573 883 3620 Rome
902 3575 960 3621 doit
978 3587 1006 3622 sa
1026 3576 1116 3636 gloire.
1135 3603 1165 3612 -

162 3634 332 3685 Judicars.
346 3633 386 3681 En
404 3637 448 3680 149
465 3637 546 3681 avant
562 3634 638 3692 J.-C.‚
656 3635 682 3682 la
699 3634 740 3681 lca
758 3633 905 3696 Calpurnia
922 3638 995 3683 avait
1015 3637 1096 3684 etahli
1113 3652 1165 3684 une

163 3711 229 3744 cour
246 3699 418 3757 permanente
438 3694 570 3772 (quaestio
585 3695 733 3756 ordinaria)
752 3711 820 3757 pour
835 3697 912 3758 juger
926 3697 964 3746 les
984 3711 1165 3759 gouverneurs

163 3759 197 3828 de
212 3758 353 3850 provinces
372 3771 481 3805 accuses
503 3758 535 3804 de
551 3757 747 3819 prevarication
765 3757 895 3822 (quaestio
915 3761 1076 3823 repetundae
1088 3775 1167 3823 pecu·

164 3834 241 3881 nice.

587 3945 743 3996 -245-
