2714 4236
103 15 263 89 W

98 180 187 237 462.
207 167 483 244 L’immorsame
496 184 540 238 de
555 183 672 246 Peme,
687 182 860 240 sanction
871 184 915 238 de
928 181 967 238 la
981 186 1104 237 verta.

242 276 374 340 (Optimus
387 277 504 341 quisque
517 279 551 326 ad
565 278 794 326 immortalitatem
807 277 963 340 contendit.)

143 391 255 450 Nescio
268 414 329 471 quo
346 391 437 451 modo
454 393 593 453 inhaeret
605 394 636 452 in
657 393 811 452 mentibus
829 393 915 473 quasi
931 392 1101 451 saeclorum
1119 389 1159 453 2⁸

83 488 259 566 ‘quoddam
278 490 441 567 augurium
454 491 659 562 luturorum*,
677 489 768 569 idque
782 490 813 548 in
835 489 997 548 maximis*
1019 488 1102 566 inge·

102 584 162 642 niis
185 585 401 665 altissimisque
427 587 536 645 animis
560 594 591 647 et
617 587 737 645 exsistit
760 587 891 668 maxime
922 594 952 644 et
976 585 1102 666 adparet

101 681 258 740 facillime.
273 682 340 749 Quo
356 683 480 763 quidem
496 684 633 763 dempto,
651 684 718 764 quis
734 692 797 742 tam
819 690 899 742 esset
923 703 1027 740 amens
1049 681 1101 759 qui

98 798 224 856 semper
240 779 271 836 in
287 779 442 838 laboribus
460 780 645 860 etpericulis
661 781 952 858 viveret*?Loquor
966 779 1004 837 de
1020 779 1101 857 prin-

99 873 238 954 cipibus;
268 876 362 955 quid?
391 884 500 956 poetae
531 897 633 936 nonne
665 885 735 957 post
768 885 903 960 'mortem
944 875 1101 935 nobilitari

99 971 233 1032 volunt?
248 972 335 1031 Unde
348 994 421 1052 ergo
435 973 530 1034 illud?

87 1098 89 1101 ·
147 1069 288 1149 Aspicite,
302 1091 320 1128 o
333 1071 427 1139 cives,
442 1071 522 1128 senis
541 1071 618 1129 Enni
637 1071 800 1148 imaginis*
812 1071 967 1131 formam:

184 1166 242 1224 Hic
257 1169 412 1225 vestrum*
427 1168 535 1247 panxit
550 1169 681 1226 maxima
694 1169 774 1226 laeta
790 1168 941 1246 patrum*.

144 1263 242 1321 Nemo
255 1284 302 1321 me
318 1263 451 1322 lacrimis
467 1265 590 1323 decoret
607 1286 662 1323 nec
679 1265 785 1323 lunera
802 1265 875 1323 lletu

184 1360 300 1420 Faxit&
318 1361 402 1419 Cur?
418 1361 513 1419 volito
531 1361 636 1419 vivos*
652 1382 773 1440 perora
788 1361 917 1420 virum*.
933 1353 935 1356 ¹

98 1457 164 1516 Sed
183 1457 257 1538 quid
272 1459 416 1536 poetas*?
434 1457 565 1538 Opifiees
578 1467 647 1537 post
664 1467 793 1516 mortem
811 1458 967 1516 nobilitari
981 1456 1100 1515 volunt.

97 1553 183 1621 Quid
199 1555 281 1612 enim
303 1554 426 1612 Phidias
446 1555 492 1613 sui
507 1555 635 1612 similem
656 1553 787 1634 speciem
810 1554 936 1614 inclusit
955 1555 985 1612 in
1004 1553 1103 1632 clipeo

101 1651 286 1710 Minervae?
315 1651 415 1718 Quid?
436 1652 533 1710 nostri
558 1652 733 1730 philosophi
762 1672 863 1710 nonne
886 1651 918 1710 in
955 1651 990 1708 iis
1019 1651 1104 1708 libris

100 1748 188 1827 ipsis,
207 1769 283 1827 quos
305 1747 444 1806 scribunt
466 1748 503 1806 de
527 1748 750 1806 contemnenda
771 1749 878 1825 gloria,
905 1769 959 1807 sua
980 1749 1103 1805 nomina

102 1845 305 1906 ascribunt*?
318 1845 405 1912 Quod
426 1846 451 1904 si
469 1847 553 1904 omni
563 1867 612 1904 um
630 1867 796 1905 consensus
817 1853 943 1905 naturae
965 1866 1025 1904 vox
1045 1853 1101 1914 est,

98 1962 271 2023 omnesque
288 1943 339 2022 qui
354 1943 468 2022 ubique
486 1951 558 2002 sunt
578 1943 777 2001 consentiunt
797 1964 860 2001 esse
882 1941 998 2022 aliquid
1021 1942 1104 2021 quod

100 2039 142 2097 ad
163 2060 214 2098 eos
231 2040 385 2119 pertineat
424 2040 477 2119 qui
501 2040 563 2098 vita
588 2041 745 2112 cesserint,
770 2040 857 2098 nobis
879 2060 1001 2119 quoque
1022 2039 1103 2097 idem

101 2135 342 2195 existimandum
357 2145 422 2209 est;
437 2143 467 2195 et
484 2138 519 2208 si,
542 2157 672 2216 quorum
691 2145 743 2195 aut
764 2137 887 2212 ingenio
913 2143 966 2194 aut
988 2137 1104 2194 virtute
1163 2165 1165 2168 ·

102 2232 224 2291 animus
240 2233 372 2302 excellit,
387 2254 439 2292 eos
459 2233 652 2303 arbitramur,
674 2234 743 2312 quia
762 2242 868 2290 natura
889 2233 1005 2311 optima
1030 2233 1102 2304 sint,

103 2349 228 2388 cernere
252 2338 378 2388 naturae
396 2329 458 2386 vim
479 2329 620 2400 maxime,
643 2331 707 2387 veri
729 2329 827 2387 simile
849 2335 905 2399 est,
933 2349 1001 2386 eum
1026 2328 1105 2406 opti-

102 2445 173 2484 mus
201 2427 330 2507 quisque
363 2427 495 2485 maxime
529 2427 701 2506 posteritati
735 2427 858 2497 serviat,
895 2447 959 2484 esse
989 2424 1105 2504 aliquid

65 2569 67 2574 .
101 2523 193 2602 eujus
206 2523 231 2581 is
243 2526 454 2603 postmortem
468 2543 589 2582 sensum
606 2525 646 2581 sit
663 2523 834 2582 habiturus

135 2638 176 2687 N⁰
190 2638 274 2687 462:
293 2639 500 2688 Futurorum.
516 2638 554 2685 Cl'.
575 2637 928 2699 Tne-Live(xxv111,as):
944 2657 954 2678 a
969 2638 1105 2705 tamquam

103 2713 159 2746 aon
171 2699 278 2761 tonpins
298 2715 379 2762 quam
397 2701 529 2762 quantum
548 2699 616 2747 vitae
634 2701 766 2746 humanae
785 2699 901 2760 spatium
916 2701 955 2746 est
972 2697 1104 2760 cupiditas

100 2760 209 2824 pieriae
223 2761 383 2808 extendatur
396 2761 564 2824 maximaque
575 2776 639 2822 pars
653 2761 712 2824 ejus
725 2760 752 2807 ia
767 2761 921 2808 memoriam
938 2775 968 2807 ae
989 2763 1105 2822 posteri·

105 2823 186 2870 tatem
193 2821 346 2884 promineat
365 2843 386 2870 a.
402 2849 432 2858 -
449 2822 615 2874 Maximis.
630 2823 739 2870 Ciodron
762 2837 776 2870 a
799 2825 910 2869 souvent
930 2822 1055 2882 exprime,
1079 2825 1106 2868 et

103 2885 226 2945 touj0urs
243 2899 308 2931 avec
330 2884 459 2944 bonheur,
478 2887 548 2932 cette
572 2885 630 2932 ide'e
652 2886 695 2945 qui
718 2885 754 2931 lui
776 2884 842 2931 e'tait
861 2883 1105 2945 particulierement

102 2946 193 2992 chere.
211 2945 250 2993 cf.
267 2945 319 2992 Pro
337 2945 454 3004 Rabirio,
469 2952 497 2992 29
514 2961 519 2993 :
535 2965 545 2988 a
561 2946 663 3008 Itaque,
684 2960 744 2992 cum
765 2944 857 2992 multis
879 2944 940 2993 aliis
965 2944 995 2991 de
1018 2944 1105 2991 causis

105 3007 226 3055 uirorum
239 3006 372 3054 bonorum
386 3007 595 3056 mentesdiviaae
607 3007 762 3068 militatque
772 3009 894 3054 aeternae
906 3006 1032 3053 videntur
1041 3021 1104 3064 esse,

104 3071 162 3116 tum
189 3069 301 3116 manime
325 3069 397 3131 quod
417 3067 510 3131 optimi
526 3071 551 3115 et
575 3067 765 3130 sapientissimi
787 3067 920 3131 cujusque
941 3068 1046 3114 animus
1070 3067 1105 3114 ita

103 3130 286 3192 praesentitur
294 3131 442 3192 posterum,
456 3134 484 3177 ut
496 3129 821 3192 nihitnisisempiternum
831 3143 938 3191 sperare
951 3129 1074 3176 uideatur
1083 3149 1104 3176 a.

107 3192 125 3236 ll
141 3191 195 3238 s‘en
217 3195 272 3240 sert
289 3194 374 3238 meme
396 3192 438 3254 (de
459 3193 569 3248 Seneca,
593 3193 630 3244 23]
651 3205 718 3252 pour
736 3190 1050 3252 prouverl'immortalite'
1072 3191 1105 3237 de

105 3252 180 3300 l'hme
195 3268 200 3299 :
217 3254 290 3301 «Sed
305 3253 458 3316 nescioquo
476 3254 553 3301 modo
573 3254 677 3300 animus
695 3252 800 3314 eriperis
818 3267 844 3300 se
865 3253 1049 3314 posteritatem
1069 3251 1105 3298 ita

105 3328 210 3376 semper
224 3314 415 3377 prospiciebat,
438 3315 524 3388 quasi,
547 3330 607 3362 eam
627 3314 778 3361 excessisset
798 3314 889 3371 evita,
910 3317 966 3360 tam
989 3313 1106 3375 denique

104 3375 227 3424 bicturus
240 3379 308 3424 esset
321 3397 342 3424 ».
358 3403 385 3412 -
407 3377 552 3426 Viveret.
575 3376 614 3424 Ct'.
636 3375 687 3422 Pro
703 3376 812 3432 Archia,
835 3381 871 3422 29.
892 3403 921 3410 -
937 3374 1103 3436 Imaginis.

107 3436 234 3485 L'shnale
245 3442 287 3486 est
299 3437 443 3500 apocopte,
461 3453 563 3486 comme
580 3439 646 3485 dans
663 3438 735 3484 vivos
751 3453 819 3498 pour
836 3438 919 3495 vivus,
940 3438 972 3483 dc
994 3438 1070 3493 lacon
1091 3437 1105 3482 rt

106 3512 135 3544 ce
152 3514 203 3560 que
216 3499 244 3546 l'i
257 3501 288 3546 de
304 3500 345 3548 nis
358 3503 385 3546 et
404 3500 435 3546 l'o
453 3501 485 3548 de
503 3514 547 3547 aas
563 3501 650 3546 soient
671 3499 751 3546 bret's.
768 3499 808 3546 On
830 3500 882 3546 snit
901 3496 1053 3559 qu'Ennius,
1072 3513 1105 3544 en

104 3560 379 3608 cre'antl'hexametre
392 3561 465 3621 latin,
477 3576 571 3623 essaya
585 3562 617 3608 de
636 3562 701 3608 tlxer
717 3562 741 3607 la
759 3560 879 3622 quantitc'·
898 3561 943 3606 des
962 3560 1061 3608 sinales.
1076 3585 1105 3594 -

106 3621 269 3682 Vestrum,
281 3638 350 3689 pour
361 3625 520 3670 vestrorum.
535 3650 563 3658 -
576 3623 720 3672 Patrum.
736 3623 784 3670 Les
797 3627 823 3668 rs
834 3624 914 3668 lirres
928 3623 974 3668 tlcs
988 3621 1105 3668 Arinates

28 3699 37 3714 ¹·
108 3687 172 3731 vont
182 3686 228 3730 des
241 3685 356 3744 origines
367 3686 399 3731 de
411 3685 493 3732 Rome
504 3686 517 3731 ὲ
528 3686 552 3731 la
566 3691 588 3729 2e
600 3699 691 3744 guerre
705 3685 829 3744 puniquc.
844 3711 872 3717 —
884 3683 984 3733 rexit
996 3702 1026 3724 z
1036 3682 1106 3742 tere·

29 3757 31 3778 t
107 3743 152 3792 rit.
167 3773 196 3781 -
209 3747 318 3795 Vivus.
336 3747 371 3793 Le
385 3761 398 3793 v
413 3750 440 3792 et
450 3747 483 3792 l'u
499 3745 606 3807 n'ayant
616 3745 694 3806 qu'un
709 3747 782 3806 signe
797 3745 848 3806 ,Vt
865 3747 891 3791 et
904 3745 927 3790 le
941 3745 1005 3791 latin
1023 3747 1106 3805 ayant

29 3799 31 3843 l
106 3807 227 3868 toujours
242 3823 275 3856 eu
289 3824 339 3855 une
353 3809 470 3856 certaine
487 3807 621 3868 repulsion
635 3822 703 3868 pour
715 3808 738 3853 la
750 3809 890 3854 rencontre
904 3807 936 3853 de
956 3807 1024 3853 deux
1047 3805 1104 3863 VV,

531 3923 683 3974 -tttt-
