<?xml version="1.0" encoding="UTF-8"?>
<!DOCTYPE html PUBLIC "-//W3C//DTD XHTML 1.0 Transitional//EN"
    "http://www.w3.org/TR/xhtml1/DTD/xhtml1-transitional.dtd">
<html xmlns="http://www.w3.org/1999/xhtml" xml:lang="en" lang="en">
 <head>
  <title>
</title>
<meta http-equiv="Content-Type" content="text/html;charset=utf-8" />
  <meta name='ocr-system' content='tesseract 3.04.00' />
  <meta name='ocr-capabilities' content='ocr_page ocr_carea ocr_par ocr_line ocrx_word'/>
</head>
<body>
  <div class='ocr_page' id='page_1' title='image "./depublicaprivat01arnagoog_0551.png"; bbox 0 0 2664 4234; ppageno 0'>
   <div class='ocr_carea' id='block_1_1' title="bbox 124 512 165 573">
    <p class='ocr_par' dir='ltr' id='par_1_1' title="bbox 124 512 165 573">
     <span class='ocr_line' id='line_1_1' title="bbox 124 512 165 573; baseline 0 -23"><span class='ocrx_word' id='word_1_1' title='bbox 124 512 165 573; x_wconf 76' lang='lat'>40</span> 
     </span>
    </p>
   </div>
   <div class='ocr_carea' id='block_1_2' title="bbox 467 120 895 182">
    <p class='ocr_par' dir='ltr' id='par_1_2' title="bbox 467 120 895 182">
     <span class='ocr_line' id='line_1_2' title="bbox 467 120 895 182; baseline -0.012 0"><span class='ocrx_word' id='word_1_2' title='bbox 467 125 552 182; x_wconf 83' lang='lat'><strong>499.</strong></span> <span class='ocrx_word' id='word_1_3' title='bbox 570 126 672 182; x_wconf 77' lang='lat' dir='ltr'>Haut</span> <span class='ocrx_word' id='word_1_4' title='bbox 685 124 741 180; x_wconf 88' lang='lat' dir='ltr'>les</span> <span class='ocrx_word' id='word_1_5' title='bbox 756 120 895 180; x_wconf 84' lang='lat' dir='ltr'>ooeurst</span> 
     </span>
    </p>
   </div>
   <div class='ocr_carea' id='block_1_3' title="bbox 564 280 806 338">
    <p class='ocr_par' dir='ltr' id='par_1_3' title="bbox 564 280 806 338">
     <span class='ocr_line' id='line_1_3' title="bbox 564 280 806 338; baseline -0.004 -8"><span class='ocrx_word' id='word_1_6' title='bbox 564 281 686 336; x_wconf 78' lang='lat' dir='ltr'>(Sursum</span> <span class='ocrx_word' id='word_1_7' title='bbox 698 280 806 338; x_wconf 78' lang='lat' dir='ltr'>eordell</span> 
     </span>
    </p>
   </div>
   <div class='ocr_carea' id='block_1_4' title="bbox 178 542 1192 2076">
    <p class='ocr_par' dir='ltr' id='par_1_4' title="bbox 178 542 1192 2076">
     <span class='ocr_line' id='line_1_4' title="bbox 219 542 1192 628; baseline -0.007 -22"><span class='ocrx_word' id='word_1_8' title='bbox 219 545 414 628; x_wconf 89' lang='lat' dir='ltr'>Quicumque</span> <span class='ocrx_word' id='word_1_9' title='bbox 434 553 585 608; x_wconf 84' lang='lat' dir='ltr'>rationem</span> <span class='ocrx_word' id='word_1_10' title='bbox 609 553 727 606; x_wconf 83' lang='lat' dir='ltr'>naturae</span> <span class='ocrx_word' id='word_1_11' title='bbox 747 566 809 605; x_wconf 85' lang='lat' dir='ltr'>suae</span> <span class='ocrx_word' id='word_1_12' title='bbox 829 546 940 605; x_wconf 86' lang='lat' dir='ltr'>nititur</span> <span class='ocrx_word' id='word_1_13' title='bbox 953 543 1102 615; x_wconf 84' lang='lat' dir='ltr'>obtinere,</span> <span class='ocrx_word' id='word_1_14' title='bbox 1121 542 1192 622; x_wconf 88' lang='lat' dir='ltr'>ipse</span> 
     </span>
     <span class='ocr_line' id='line_1_5' title="bbox 179 642 1191 718; baseline -0.003 -17"><span class='ocrx_word' id='word_1_15' title='bbox 179 663 212 702; x_wconf 84' lang='lat' dir='ltr'>se</span> <span class='ocrx_word' id='word_1_16' title='bbox 225 642 263 702; x_wconf 87' lang='lat' dir='ltr'>ab</span> <span class='ocrx_word' id='word_1_17' title='bbox 278 644 373 703; x_wconf 93' lang='lat' dir='ltr'>humo</span> <span class='ocrx_word' id='word_1_18' title='bbox 391 643 551 716; x_wconf 86' lang='lat' dir='ltr'>suscitet*,</span> <span class='ocrx_word' id='word_1_19' title='bbox 569 648 610 718; x_wconf 91' lang='lat' dir='ltr'>et,</span> <span class='ocrx_word' id='word_1_20' title='bbox 630 650 731 702; x_wconf 89' lang='lat' dir='ltr'>erecta</span> <span class='ocrx_word' id='word_1_21' title='bbox 753 650 866 714; x_wconf 90' lang='lat' dir='ltr'>mente,</span> <span class='ocrx_word' id='word_1_22' title='bbox 883 642 1011 701; x_wconf 78' lang='lat' dir='ltr'>oculos*</span> <span class='ocrx_word' id='word_1_23' title='bbox 1029 660 1103 700; x_wconf 90' lang='lat' dir='ltr'>suos</span> <span class='ocrx_word' id='word_1_24' title='bbox 1120 649 1191 698; x_wconf 89' lang='lat' dir='ltr'>ten-</span> 
     </span>
     <span class='ocr_line' id='line_1_6' title="bbox 180 737 1192 820; baseline -0.001 -24"><span class='ocrx_word' id='word_1_25' title='bbox 180 737 233 797; x_wconf 92' lang='lat' dir='ltr'>dat</span> <span class='ocrx_word' id='word_1_26' title='bbox 247 737 279 796; x_wconf 90' lang='lat' dir='ltr'>in</span> <span class='ocrx_word' id='word_1_27' title='bbox 293 739 413 799; x_wconf 89' lang='lat' dir='ltr'>caelum.</span> <span class='ocrx_word' id='word_1_28' title='bbox 439 740 508 798; x_wconf 91' lang='lat' dir='ltr'>Non</span> <span class='ocrx_word' id='word_1_29' title='bbox 531 740 589 800; x_wconf 83' lang='lat' dir='ltr'>sub</span> <span class='ocrx_word' id='word_1_30' title='bbox 609 738 740 820; x_wconf 88' lang='lat' dir='ltr'>pedibus</span> <span class='ocrx_word' id='word_1_31' title='bbox 757 747 875 820; x_wconf 87' lang='lat' dir='ltr'>quaerat</span> <span class='ocrx_word' id='word_1_32' title='bbox 892 739 1002 810; x_wconf 92' lang='lat' dir='ltr'>Deum,</span> <span class='ocrx_word' id='word_1_33' title='bbox 1019 757 1076 797; x_wconf 90' lang='lat' dir='ltr'>nec</span> <span class='ocrx_word' id='word_1_34' title='bbox 1089 757 1105 796; x_wconf 90' lang='lat' dir='ltr'>a</span> <span class='ocrx_word' id='word_1_35' title='bbox 1119 755 1192 795; x_wconf 88' lang='lat' dir='ltr'>ves·</span> 
     </span>
     <span class='ocr_line' id='line_1_7' title="bbox 180 833 1191 918; baseline -0.002 -25"><span class='ocrx_word' id='word_1_36' title='bbox 180 834 263 914; x_wconf 83' lang='lat' dir='ltr'>tigiis</span> <span class='ocrx_word' id='word_1_37' title='bbox 275 836 338 894; x_wconf 84' lang='lat' dir='ltr'>suis</span> <span class='ocrx_word' id='word_1_38' title='bbox 352 843 440 896; x_wconf 87' lang='lat' dir='ltr'>eruat</span> <span class='ocrx_word' id='word_1_39' title='bbox 454 836 537 916; x_wconf 93' lang='lat' dir='ltr'>quod</span> <span class='ocrx_word' id='word_1_40' title='bbox 556 835 663 897; x_wconf 87' lang='lat' dir='ltr'>adoret</span> <span class='ocrx_word' id='word_1_41' title='bbox 677 855 684 898; x_wconf 76' lang='grc' dir='ltr'><em>τ</em></span> <span class='ocrx_word' id='word_1_42' title='bbox 697 837 770 918; x_wconf 88' lang='lat' dir='ltr'>quia</span> <span class='ocrx_word' id='word_1_43' title='bbox 783 835 934 916; x_wconf 91' lang='lat' dir='ltr'>quidquid</span> <span class='ocrx_word' id='word_1_44' title='bbox 948 834 1066 894; x_wconf 91' lang='lat' dir='ltr'>homini</span> <span class='ocrx_word' id='word_1_45' title='bbox 1082 833 1191 914; x_wconf 90' lang='lat' dir='ltr'>subja·</span> 
     </span>
     <span class='ocr_line' id='line_1_8' title="bbox 179 931 1187 1012; baseline 0.001 -23"><span class='ocrx_word' id='word_1_46' title='bbox 179 938 239 1004; x_wconf 89' lang='lat' dir='ltr'>cet,</span> <span class='ocrx_word' id='word_1_47' title='bbox 257 931 335 992; x_wconf 83' lang='lat' dir='ltr'>inira</span> <span class='ocrx_word' id='word_1_48' title='bbox 347 934 526 992; x_wconf 86' lang='lat' dir='ltr'>*hominem</span> <span class='ocrx_word' id='word_1_49' title='bbox 540 934 581 992; x_wconf 86' lang='lat' dir='ltr'>sit</span> <span class='ocrx_word' id='word_1_50' title='bbox 593 954 717 993; x_wconf 85' lang='lat' dir='ltr'>neeesse</span> <span class='ocrx_word' id='word_1_51' title='bbox 728 940 785 993; x_wconf 89' lang='lat' dir='ltr'>est.</span> <span class='ocrx_word' id='word_1_52' title='bbox 799 932 859 992; x_wconf 85' lang='lat' dir='ltr'>Sed</span> <span class='ocrx_word' id='word_1_53' title='bbox 870 940 989 1012; x_wconf 88' lang='lat' dir='ltr'>quaerat</span> <span class='ocrx_word' id='word_1_54' title='bbox 999 932 1029 989; x_wconf 93' lang='lat' dir='ltr'>in</span> <span class='ocrx_word' id='word_1_55' title='bbox 1043 947 1187 990; x_wconf 87' lang='lat' dir='ltr'>summo:</span> 
     </span>
     <span class='ocr_line' id='line_1_9' title="bbox 179 1026 1189 1111; baseline 0 -25"><span class='ocrx_word' id='word_1_56' title='bbox 179 1026 252 1108; x_wconf 92' lang='lat' dir='ltr'>quia</span> <span class='ocrx_word' id='word_1_57' title='bbox 265 1028 343 1087; x_wconf 86' lang='lat' dir='ltr'>nihil</span> <span class='ocrx_word' id='word_1_58' title='bbox 357 1037 459 1109; x_wconf 89' lang='lat' dir='ltr'>potest</span> <span class='ocrx_word' id='word_1_59' title='bbox 476 1030 600 1090; x_wconf 91' lang='lat' dir='ltr'>homine</span> <span class='ocrx_word' id='word_1_60' title='bbox 613 1030 714 1111; x_wconf 83' lang='lat' dir='ltr'>majus</span> <span class='ocrx_word' id='word_1_61' title='bbox 727 1051 803 1103; x_wconf 89' lang='lat' dir='ltr'>esse,</span> <span class='ocrx_word' id='word_1_62' title='bbox 820 1029 879 1088; x_wconf 91' lang='lat' dir='ltr'>nisi</span> <span class='ocrx_word' id='word_1_63' title='bbox 892 1028 975 1109; x_wconf 93' lang='lat' dir='ltr'>quod</span> <span class='ocrx_word' id='word_1_64' title='bbox 989 1028 1083 1087; x_wconf 87' lang='lat' dir='ltr'>luerit</span> <span class='ocrx_word' id='word_1_65' title='bbox 1092 1046 1189 1107; x_wconf 84' lang='lat' dir='ltr'>supra</span> 
     </span>
     <span class='ocr_line' id='line_1_10' title="bbox 179 1124 1187 1207; baseline -0.002 -25"><span class='ocrx_word' id='word_1_66' title='bbox 179 1124 346 1186; x_wconf 91' lang='lat' dir='ltr'>hominem.</span> <span class='ocrx_word' id='word_1_67' title='bbox 365 1126 449 1186; x_wconf 88' lang='lat' dir='ltr'>Deus</span> <span class='ocrx_word' id='word_1_68' title='bbox 466 1135 570 1186; x_wconf 85' lang='lat' dir='ltr'>autem</span> <span class='ocrx_word' id='word_1_69' title='bbox 584 1127 684 1207; x_wconf 87' lang='lat' dir='ltr'>major</span> <span class='ocrx_word' id='word_1_70' title='bbox 697 1135 745 1186; x_wconf 86' lang='lat' dir='ltr'>esi</span> <span class='ocrx_word' id='word_1_71' title='bbox 756 1126 896 1197; x_wconf 82' lang='lat' dir='ltr'>homine3</span> <span class='ocrx_word' id='word_1_72' title='bbox 913 1146 1005 1206; x_wconf 87' lang='lat' dir='ltr'>supra</span> <span class='ocrx_word' id='word_1_73' title='bbox 1019 1145 1103 1202; x_wconf 86' lang='lat' dir='ltr'>ergo,</span> <span class='ocrx_word' id='word_1_74' title='bbox 1122 1143 1187 1182; x_wconf 92' lang='lat' dir='ltr'>nou</span> 
     </span>
     <span class='ocr_line' id='line_1_11' title="bbox 178 1221 1187 1302; baseline 0 -24"><span class='ocrx_word' id='word_1_75' title='bbox 178 1221 258 1280; x_wconf 84' lang='lat' dir='ltr'>inira</span> <span class='ocrx_word' id='word_1_76' title='bbox 278 1228 339 1296; x_wconf 81' lang='lat' dir='ltr'>est3</span> <span class='ocrx_word' id='word_1_77' title='bbox 360 1244 416 1282; x_wconf 90' lang='lat' dir='ltr'>neo</span> <span class='ocrx_word' id='word_1_78' title='bbox 431 1223 464 1281; x_wconf 92' lang='lat' dir='ltr'>in</span> <span class='ocrx_word' id='word_1_79' title='bbox 479 1224 551 1298; x_wconf 87' lang='lat' dir='ltr'>ime,</span> <span class='ocrx_word' id='word_1_80' title='bbox 573 1223 626 1283; x_wconf 88' lang='lat' dir='ltr'>sed</span> <span class='ocrx_word' id='word_1_81' title='bbox 648 1225 680 1282; x_wconf 94' lang='lat' dir='ltr'>in</span> <span class='ocrx_word' id='word_1_82' title='bbox 698 1244 817 1283; x_wconf 90' lang='lat' dir='ltr'>summa</span> <span class='ocrx_word' id='word_1_83' title='bbox 837 1224 962 1300; x_wconf 83' lang='lat' dir='ltr'>regione</span> <span class='ocrx_word' id='word_1_84' title='bbox 981 1222 1187 1302; x_wconf 78' lang='lat' dir='ltr'>quaerendus*</span> 
     </span>
     <span class='ocr_line' id='line_1_12' title="bbox 178 1317 1188 1391; baseline -0.001 -15"><span class='ocrx_word' id='word_1_85' title='bbox 178 1325 235 1377; x_wconf 87' lang='lat' dir='ltr'>est.</span> <span class='ocrx_word' id='word_1_86' title='bbox 251 1317 481 1378; x_wconf 87' lang='lat' dir='ltr'>Praelerendum</span> <span class='ocrx_word' id='word_1_87' title='bbox 495 1328 542 1380; x_wconf 90' lang='lat' dir='ltr'>est</span> <span class='ocrx_word' id='word_1_88' title='bbox 558 1342 664 1380; x_wconf 91' lang='lat' dir='ltr'>verum</span> <span class='ocrx_word' id='word_1_89' title='bbox 684 1321 826 1380; x_wconf 88' lang='lat' dir='ltr'>omnibus</span> <span class='ocrx_word' id='word_1_90' title='bbox 849 1319 948 1391; x_wconf 87' lang='lat' dir='ltr'>iactis,</span> <span class='ocrx_word' id='word_1_91' title='bbox 966 1317 1112 1378; x_wconf 85' lang='lat' dir='ltr'>calcanda</span> <span class='ocrx_word' id='word_1_92' title='bbox 1126 1324 1188 1376; x_wconf 87' lang='lat' dir='ltr'>ter-</span> 
     </span>
     <span class='ocr_line' id='line_1_13' title="bbox 178 1414 1188 1497; baseline 0 -25"><span class='ocrx_word' id='word_1_93' title='bbox 178 1434 261 1487; x_wconf 86' lang='lat' dir='ltr'>rena,</span> <span class='ocrx_word' id='word_1_94' title='bbox 284 1423 318 1472; x_wconf 92' lang='lat' dir='ltr'>ut</span> <span class='ocrx_word' id='word_1_95' title='bbox 341 1415 475 1475; x_wconf 84' lang='lat' dir='ltr'>caelestia</span> <span class='ocrx_word' id='word_1_96' title='bbox 496 1438 733 1497; x_wconf 79' lang='lat' dir='ltr'><strong>consequamur.</strong></span> <span class='ocrx_word' id='word_1_97' title='bbox 748 1418 796 1477; x_wconf 87' lang='lat' dir='ltr'>lta</span> <span class='ocrx_word' id='word_1_98' title='bbox 815 1417 896 1476; x_wconf 90' lang='lat' dir='ltr'>enirn</span> <span class='ocrx_word' id='word_1_99' title='bbox 917 1437 966 1475; x_wconf 89' lang='lat' dir='ltr'>res</span> <span class='ocrx_word' id='word_1_100' title='bbox 983 1414 1133 1487; x_wconf 87' lang='lat' dir='ltr'>sehabet,</span> <span class='ocrx_word' id='word_1_101' title='bbox 1151 1421 1188 1472; x_wconf 94' lang='lat' dir='ltr'>ut</span> 
     </span>
     <span class='ocr_line' id='line_1_14' title="bbox 178 1510 1187 1594; baseline -0.002 -24"><span class='ocrx_word' id='word_1_102' title='bbox 178 1511 320 1591; x_wconf 88' lang='lat' dir='ltr'>quisquis</span> <span class='ocrx_word' id='word_1_103' title='bbox 335 1512 469 1571; x_wconf 88' lang='lat' dir='ltr'>animam</span> <span class='ocrx_word' id='word_1_104' title='bbox 485 1534 583 1587; x_wconf 90' lang='lat' dir='ltr'>suam,</span> <span class='ocrx_word' id='word_1_105' title='bbox 598 1515 688 1594; x_wconf 87' lang='lat' dir='ltr'>cujus</span> <span class='ocrx_word' id='word_1_106' title='bbox 708 1515 794 1592; x_wconf 86' lang='lat' dir='ltr'>origo</span> <span class='ocrx_word' id='word_1_107' title='bbox 810 1513 847 1572; x_wconf 94' lang='lat' dir='ltr'>de</span> <span class='ocrx_word' id='word_1_108' title='bbox 860 1513 935 1572; x_wconf 84' lang='lat' dir='ltr'>eaelo</span> <span class='ocrx_word' id='word_1_109' title='bbox 951 1519 1007 1586; x_wconf 87' lang='lat' dir='ltr'>est,</span> <span class='ocrx_word' id='word_1_110' title='bbox 1026 1510 1064 1570; x_wconf 89' lang='lat' dir='ltr'>ad</span> <span class='ocrx_word' id='word_1_111' title='bbox 1080 1511 1187 1569; x_wconf 86' lang='lat' dir='ltr'>infima</span> 
     </span>
     <span class='ocr_line' id='line_1_15' title="bbox 178 1607 1187 1691; baseline -0.001 -24"><span class='ocrx_word' id='word_1_112' title='bbox 178 1615 210 1668; x_wconf 89' lang='lat' dir='ltr'>et</span> <span class='ocrx_word' id='word_1_113' title='bbox 221 1615 343 1669; x_wconf 88' lang='lat' dir='ltr'>terrena</span> <span class='ocrx_word' id='word_1_114' title='bbox 353 1611 566 1688; x_wconf 77' lang='lat' dir='ltr'>prostraverit,</span> <span class='ocrx_word' id='word_1_115' title='bbox 583 1630 619 1670; x_wconf 91' lang='lat' dir='ltr'>eo</span> <span class='ocrx_word' id='word_1_116' title='bbox 635 1611 726 1670; x_wconf 86' lang='lat' dir='ltr'>cadat</span> <span class='ocrx_word' id='word_1_117' title='bbox 738 1631 800 1690; x_wconf 91' lang='lat' dir='ltr'>quo</span> <span class='ocrx_word' id='word_1_118' title='bbox 811 1631 842 1669; x_wconf 89' lang='lat' dir='ltr'>se</span> <span class='ocrx_word' id='word_1_119' title='bbox 857 1610 1034 1691; x_wconf 87' lang='lat' dir='ltr'>dejecerit*.</span> <span class='ocrx_word' id='word_1_120' title='bbox 1049 1607 1187 1688; x_wconf 80' lang='lat' dir='ltr'>Ideoque</span> 
     </span>
     <span class='ocr_line' id='line_1_16' title="bbox 178 1705 1186 1784; baseline 0 -20"><span class='ocrx_word' id='word_1_121' title='bbox 178 1712 311 1784; x_wconf 77' lang='lat' dir='ltr'>oportet,</span> <span class='ocrx_word' id='word_1_122' title='bbox 324 1706 452 1765; x_wconf 86' lang='lat' dir='ltr'>rationis</span> <span class='ocrx_word' id='word_1_123' title='bbox 466 1728 500 1765; x_wconf 85' lang='lat' dir='ltr'>ac</span> <span class='ocrx_word' id='word_1_124' title='bbox 512 1714 609 1766; x_wconf 84' lang='lat' dir='ltr'>status</span> <span class='ocrx_word' id='word_1_125' title='bbox 621 1709 667 1766; x_wconf 94' lang='lat' dir='ltr'>sui</span> <span class='ocrx_word' id='word_1_126' title='bbox 679 1729 858 1780; x_wconf 80' lang='lat' dir='ltr'>memorem,</span> <span class='ocrx_word' id='word_1_127' title='bbox 868 1706 990 1766; x_wconf 90' lang='lat' dir='ltr'>nonnisi</span> <span class='ocrx_word' id='word_1_128' title='bbox 1003 1705 1043 1765; x_wconf 88' lang='lat' dir='ltr'>ed</span> <span class='ocrx_word' id='word_1_129' title='bbox 1053 1725 1186 1784; x_wconf 89' lang='lat' dir='ltr'>superna</span> 
     </span>
     <span class='ocr_line' id='line_1_17' title="bbox 179 1801 1184 1883; baseline 0.002 -25"><span class='ocrx_word' id='word_1_130' title='bbox 179 1801 235 1859; x_wconf 93' lang='lat' dir='ltr'>niti</span> <span class='ocrx_word' id='word_1_131' title='bbox 249 1822 370 1881; x_wconf 87' lang='lat' dir='ltr'>semper</span> <span class='ocrx_word' id='word_1_132' title='bbox 382 1824 417 1861; x_wconf 89' lang='lat' dir='ltr'>ac</span> <span class='ocrx_word' id='word_1_133' title='bbox 429 1804 553 1862; x_wconf 84' lang='lat' dir='ltr'>tendere</span> <span class='ocrx_word' id='word_1_134' title='bbox 562 1807 585 1864; x_wconf 87' lang='lat'>*.</span> <span class='ocrx_word' id='word_1_135' title='bbox 596 1803 686 1870; x_wconf 88' lang='lat' dir='ltr'>Quod</span> <span class='ocrx_word' id='word_1_136' title='bbox 700 1805 753 1883; x_wconf 92' lang='lat' dir='ltr'>qui</span> <span class='ocrx_word' id='word_1_137' title='bbox 765 1805 881 1876; x_wconf 86' lang='lat' dir='ltr'>lecerit,</span> <span class='ocrx_word' id='word_1_138' title='bbox 891 1803 941 1862; x_wconf 86' lang='lat' dir='ltr'>hie</span> <span class='ocrx_word' id='word_1_139' title='bbox 951 1803 1040 1883; x_wconf 89' lang='lat' dir='ltr'>plane</span> <span class='ocrx_word' id='word_1_140' title='bbox 1052 1803 1184 1881; x_wconf 87' lang='lat' dir='ltr'>sapiens,</span> 
     </span>
     <span class='ocr_line' id='line_1_18' title="bbox 179 1897 1184 1980; baseline 0.003 -25"><span class='ocrx_word' id='word_1_141' title='bbox 179 1897 229 1957; x_wconf 91' lang='lat' dir='ltr'>hie</span> <span class='ocrx_word' id='word_1_142' title='bbox 237 1897 354 1977; x_wconf 73' lang='lat' dir='ltr'>justuS,</span> <span class='ocrx_word' id='word_1_143' title='bbox 365 1897 414 1957; x_wconf 91' lang='lat' dir='ltr'>hic</span> <span class='ocrx_word' id='word_1_144' title='bbox 431 1900 535 1972; x_wconf 89' lang='lat' dir='ltr'>homo,</span> <span class='ocrx_word' id='word_1_145' title='bbox 551 1901 600 1959; x_wconf 90' lang='lat' dir='ltr'>hio</span> <span class='ocrx_word' id='word_1_146' title='bbox 617 1901 750 1980; x_wconf 91' lang='lat' dir='ltr'>denique</span> <span class='ocrx_word' id='word_1_147' title='bbox 764 1901 839 1960; x_wconf 84' lang='lat' dir='ltr'>caelo</span> <span class='ocrx_word' id='word_1_148' title='bbox 855 1899 965 1978; x_wconf 86' lang='lat' dir='ltr'>dignus</span> <span class='ocrx_word' id='word_1_149' title='bbox 974 1897 1184 1980; x_wconf 86' lang='lat' dir='ltr'>judicabitur;</span> 
     </span>
     <span class='ocr_line' id='line_1_19' title="bbox 179 1997 1187 2076; baseline 0.002 -24"><span class='ocrx_word' id='word_1_150' title='bbox 179 2014 270 2074; x_wconf 89' lang='lat' dir='ltr'>quem</span> <span class='ocrx_word' id='word_1_151' title='bbox 286 2015 359 2054; x_wconf 90' lang='lat' dir='ltr'>suus</span> <span class='ocrx_word' id='word_1_152' title='bbox 373 2016 483 2076; x_wconf 86' lang='lat' dir='ltr'>parens</span> <span class='ocrx_word' id='word_1_153' title='bbox 497 2018 558 2056; x_wconf 92' lang='lat' dir='ltr'>non</span> <span class='ocrx_word' id='word_1_154' title='bbox 572 1998 730 2070; x_wconf 91' lang='lat' dir='ltr'>humilem,</span> <span class='ocrx_word' id='word_1_155' title='bbox 746 2019 802 2056; x_wconf 89' lang='lat' dir='ltr'>nec</span> <span class='ocrx_word' id='word_1_156' title='bbox 817 1997 856 2056; x_wconf 89' lang='lat' dir='ltr'>ad</span> <span class='ocrx_word' id='word_1_157' title='bbox 872 2004 995 2068; x_wconf 87' lang='lat' dir='ltr'>terram,</span> <span class='ocrx_word' id='word_1_158' title='bbox 1012 2016 1097 2054; x_wconf 89' lang='lat' dir='ltr'>more</span> <span class='ocrx_word' id='word_1_159' title='bbox 1112 2016 1187 2076; x_wconf 90' lang='lat' dir='ltr'>qua-</span> 
     </span>
    </p>
   </div>
   <div class='ocr_carea' id='block_1_5' title="bbox 178 2090 1188 2268">
    <p class='ocr_par' dir='ltr' id='par_1_5' title="bbox 178 2090 1188 2268">
     <span class='ocr_line' id='line_1_20' title="bbox 178 2090 1188 2174; baseline 0.001 -24"><span class='ocrx_word' id='word_1_160' title='bbox 178 2090 363 2172; x_wconf 88' lang='lat' dir='ltr'>drupedum,</span> <span class='ocrx_word' id='word_1_161' title='bbox 376 2093 388 2118; x_wconf 84' lang='lat'><strong>*</strong></span> <span class='ocrx_word' id='word_1_162' title='bbox 400 2093 566 2173; x_wconf 84' lang='lat' dir='ltr'>abjectum,</span> <span class='ocrx_word' id='word_1_163' title='bbox 581 2093 634 2153; x_wconf 90' lang='lat' dir='ltr'>sed</span> <span class='ocrx_word' id='word_1_164' title='bbox 648 2102 779 2153; x_wconf 87' lang='lat' dir='ltr'>stantem</span> <span class='ocrx_word' id='word_1_165' title='bbox 792 2094 908 2174; x_wconf 80' lang='lat' dir='ltr'>potine,</span> <span class='ocrx_word' id='word_1_166' title='bbox 922 2115 957 2154; x_wconf 84' lang='lat' dir='ltr'>ao</span> <span class='ocrx_word' id='word_1_167' title='bbox 966 2100 1096 2165; x_wconf 88' lang='lat' dir='ltr'>rectum,</span> <span class='ocrx_word' id='word_1_168' title='bbox 1107 2093 1188 2152; x_wconf 87' lang='lat' dir='ltr'>sicut</span> 
     </span>
     <span class='ocr_line' id='line_1_21' title="bbox 179 2189 536 2268; baseline 0.011 -22"><span class='ocrx_word' id='word_1_169' title='bbox 179 2207 249 2246; x_wconf 92' lang='lat' dir='ltr'>eum</span> <span class='ocrx_word' id='word_1_170' title='bbox 262 2189 347 2263; x_wconf 87' lang='lat' dir='ltr'>lecit,</span> <span class='ocrx_word' id='word_1_171' title='bbox 365 2190 536 2268; x_wconf 82' lang='lat' dir='ltr'>agnoverit.</span> 
     </span>
    </p>
   </div>
   <div class='ocr_carea' id='block_1_6' title="bbox 178 2336 1208 3817">
    <p class='ocr_par' dir='ltr' id='par_1_6' title="bbox 178 2336 1208 3817">
     <span class='ocr_line' id='line_1_22' title="bbox 210 2336 1189 2402; baseline -0.001 -15"><span class='ocrx_word' id='word_1_172' title='bbox 210 2337 251 2387; x_wconf 65' lang='grc' dir='ltr'>ΙΨ</span> <span class='ocrx_word' id='word_1_173' title='bbox 271 2338 339 2390; x_wconf 88' lang='grc'>499</span> <span class='ocrx_word' id='word_1_174' title='bbox 351 2353 357 2388; x_wconf 94' lang='lat'><strong>:</strong></span> <span class='ocrx_word' id='word_1_175' title='bbox 374 2338 528 2390; x_wconf 77' lang='lat' dir='ltr'>Suscitet.</span> <span class='ocrx_word' id='word_1_176' title='bbox 547 2340 607 2388; x_wconf 88' lang='lat' dir='ltr'>Lire</span> <span class='ocrx_word' id='word_1_177' title='bbox 621 2341 659 2390; x_wconf 91' lang='lat' dir='ltr'>les</span> <span class='ocrx_word' id='word_1_178' title='bbox 674 2341 760 2388; x_wconf 82' lang='lat' dir='ltr'>beaux</span> <span class='ocrx_word' id='word_1_179' title='bbox 778 2355 839 2388; x_wconf 84' lang='lat' dir='ltr'>vers</span> <span class='ocrx_word' id='word_1_180' title='bbox 852 2341 885 2388; x_wconf 91' lang='lat' dir='ltr'>de</span> <span class='ocrx_word' id='word_1_181' title='bbox 898 2340 1001 2388; x_wconf 85' lang='lat' dir='ltr'>Musset</span> <span class='ocrx_word' id='word_1_182' title='bbox 1015 2336 1143 2402; x_wconf 81' lang='lat' dir='ltr'>(l&#39;Espoir</span> <span class='ocrx_word' id='word_1_183' title='bbox 1155 2354 1189 2388; x_wconf 88' lang='lat' dir='ltr'>en</span> 
     </span>
     <span class='ocr_line' id='line_1_23' title="bbox 178 2398 1189 2463; baseline 0.002 -17"><span class='ocrx_word' id='word_1_184' title='bbox 178 2398 279 2462; x_wconf 84' lang='lat' dir='ltr'>Dieu):</span> <span class='ocrx_word' id='word_1_185' title='bbox 299 2419 310 2443; x_wconf 90' lang='lat'>«</span> <span class='ocrx_word' id='word_1_186' title='bbox 323 2400 355 2449; x_wconf 83' lang='lat' dir='ltr'>Je</span> <span class='ocrx_word' id='word_1_187' title='bbox 372 2401 499 2448; x_wconf 82' lang='lat' dir='ltr'>voudrais</span> <span class='ocrx_word' id='word_1_188' title='bbox 516 2403 600 2460; x_wconf 88' lang='lat' dir='ltr'>vivre,</span> <span class='ocrx_word' id='word_1_189' title='bbox 623 2403 714 2463; x_wconf 87' lang='lat' dir='ltr'>aimer,</span> <span class='ocrx_word' id='word_1_190' title='bbox 737 2400 945 2450; x_wconf 85' lang='lat' dir='ltr'>m&#39;uccoutumer</span> <span class='ocrx_word' id='word_1_191' title='bbox 959 2417 1012 2449; x_wconf 86' lang='lat' dir='ltr'>aux</span> <span class='ocrx_word' id='word_1_192' title='bbox 1026 2401 1189 2459; x_wconf 88' lang='lat' dir='ltr'>hommes‚...</span> 
     </span>
     <span class='ocr_line' id='line_1_24' title="bbox 179 2461 1189 2532; baseline 0.001 -24"><span class='ocrx_word' id='word_1_193' title='bbox 179 2461 213 2508; x_wconf 82' lang='lat' dir='ltr'>Et</span> <span class='ocrx_word' id='word_1_194' title='bbox 230 2462 356 2532; x_wconf 75' lang='lat' dir='ltr'>regarder</span> <span class='ocrx_word' id='word_1_195' title='bbox 373 2463 397 2510; x_wconf 90' lang='lat' dir='ltr'>le</span> <span class='ocrx_word' id='word_1_196' title='bbox 417 2463 467 2510; x_wconf 88' lang='lat' dir='ltr'>ciel</span> <span class='ocrx_word' id='word_1_197' title='bbox 485 2479 545 2511; x_wconf 88' lang='lat' dir='ltr'>sans</span> <span class='ocrx_word' id='word_1_198' title='bbox 566 2465 633 2510; x_wconf 83' lang='lat' dir='ltr'>m&#39;en</span> <span class='ocrx_word' id='word_1_199' title='bbox 651 2465 792 2526; x_wconf 74' lang='lat' dir='ltr'>inquieier.</span> <span class='ocrx_word' id='word_1_200' title='bbox 810 2465 841 2511; x_wconf 86' lang='lat' dir='ltr'>Je</span> <span class='ocrx_word' id='word_1_201' title='bbox 859 2479 892 2510; x_wconf 91' lang='lat' dir='ltr'>ne</span> <span class='ocrx_word' id='word_1_202' title='bbox 906 2465 967 2526; x_wconf 89' lang='lat' dir='ltr'>puis</span> <span class='ocrx_word' id='word_1_203' title='bbox 981 2479 987 2510; x_wconf 89' lang='lat'><strong>:</strong></span> <span class='ocrx_word' id='word_1_204' title='bbox 1003 2463 1102 2525; x_wconf 78' lang='lat' dir='ltr'>malgre</span> <span class='ocrx_word' id='word_1_205' title='bbox 1123 2463 1189 2521; x_wconf 90' lang='lat' dir='ltr'>moi,</span> 
     </span>
     <span class='ocr_line' id='line_1_25' title="bbox 179 2522 1190 2573; baseline 0.005 -6"><span class='ocrx_word' id='word_1_206' title='bbox 179 2522 272 2569; x_wconf 83' lang='lat' dir='ltr'>l&#39;inlini</span> <span class='ocrx_word' id='word_1_207' title='bbox 285 2537 327 2570; x_wconf 92' lang='lat' dir='ltr'>me</span> <span class='ocrx_word' id='word_1_208' title='bbox 340 2526 493 2572; x_wconf 85' lang='lat' dir='ltr'>lourmente</span> <span class='ocrx_word' id='word_1_209' title='bbox 507 2545 528 2573; x_wconf 80' lang='lat' dir='ltr'>v.</span> <span class='ocrx_word' id='word_1_210' title='bbox 538 2525 577 2572; x_wconf 89' lang='lat' dir='ltr'>Cf.</span> <span class='ocrx_word' id='word_1_211' title='bbox 587 2525 782 2573; x_wconf 84' lang='lat' dir='ltr'>l&#39;Immortalite&#39;</span> <span class='ocrx_word' id='word_1_212' title='bbox 790 2524 984 2573; x_wconf 83' lang='lat' dir='ltr'>etl&#39;lsoiement</span> <span class='ocrx_word' id='word_1_213' title='bbox 993 2526 1025 2572; x_wconf 90' lang='lat' dir='ltr'>de</span> <span class='ocrx_word' id='word_1_214' title='bbox 1036 2525 1190 2572; x_wconf 86' lang='lat' dir='ltr'>Lamartine</span> 
     </span>
     <span class='ocr_line' id='line_1_26' title="bbox 182 2583 1188 2694; baseline 0.005 -64"><span class='ocrx_word' id='word_1_215' title='bbox 182 2583 382 2694; x_wconf 54' lang='lat' dir='ltr'>(lle‘ditntionpp.</span> <span class='ocrx_word' id='word_1_216' title='bbox 392 2612 421 2621; x_wconf 92' lang='lat'>—</span> <span class='ocrx_word' id='word_1_217' title='bbox 430 2586 557 2636; x_wconf 85' lang='lat' dir='ltr'>Oculos.</span> <span class='ocrx_word' id='word_1_218' title='bbox 567 2587 591 2632; x_wconf 92' lang='lat' dir='ltr'>V</span> <span class='ocrx_word' id='word_1_219' title='bbox 593 2588 633 2633; x_wconf 84' lang='lat' dir='ltr'>oir</span> <span class='ocrx_word' id='word_1_220' title='bbox 645 2588 683 2634; x_wconf 84' lang='lat' dir='ltr'>les</span> <span class='ocrx_word' id='word_1_221' title='bbox 696 2592 772 2635; x_wconf 87' lang='lat' dir='ltr'>notes</span> <span class='ocrx_word' id='word_1_222' title='bbox 785 2588 818 2634; x_wconf 91' lang='lat' dir='ltr'>de</span> <span class='ocrx_word' id='word_1_223' title='bbox 830 2588 855 2634; x_wconf 87' lang='lat' dir='ltr'>lu</span> <span class='ocrx_word' id='word_1_224' title='bbox 866 2588 971 2634; x_wconf 88' lang='lat' dir='ltr'>version</span> <span class='ocrx_word' id='word_1_225' title='bbox 982 2590 1034 2634; x_wconf 75' lang='lat'>498.</span> <span class='ocrx_word' id='word_1_226' title='bbox 1044 2615 1073 2621; x_wconf 97' lang='lat'>—</span> <span class='ocrx_word' id='word_1_227' title='bbox 1084 2585 1188 2635; x_wconf 79' lang='lat' dir='ltr'>Infra.</span> 
     </span>
     <span class='ocr_line' id='line_1_27' title="bbox 180 2646 1191 2711; baseline 0.002 -19"><span class='ocrx_word' id='word_1_228' title='bbox 180 2646 221 2694; x_wconf 89' lang='lat' dir='ltr'>Cl&#39;.</span> <span class='ocrx_word' id='word_1_229' title='bbox 237 2647 262 2692; x_wconf 90' lang='lat' dir='ltr'>le</span> <span class='ocrx_word' id='word_1_230' title='bbox 278 2649 335 2694; x_wconf 89' lang='lat' dir='ltr'>mot</span> <span class='ocrx_word' id='word_1_231' title='bbox 373 2647 517 2696; x_wconf 84' lang='lat' dir='ltr'>eJuvenal</span> <span class='ocrx_word' id='word_1_232' title='bbox 536 2663 581 2696; x_wconf 84' lang='lat' dir='ltr'>sur</span> <span class='ocrx_word' id='word_1_233' title='bbox 600 2649 637 2696; x_wconf 89' lang='lat' dir='ltr'>les</span> <span class='ocrx_word' id='word_1_234' title='bbox 657 2649 782 2696; x_wconf 76' lang='lat' dir='ltr'>divinites</span> <span class='ocrx_word' id='word_1_235' title='bbox 800 2649 992 2711; x_wconf 79' lang='lat' dir='ltr'>egyptiennes:</span> <span class='ocrx_word' id='word_1_236' title='bbox 1010 2648 1060 2696; x_wconf 86' lang='grc' dir='ltr'>«Ο</span> <span class='ocrx_word' id='word_1_237' title='bbox 1082 2650 1191 2696; x_wconf 83' lang='lat' dir='ltr'>sanctas</span> 
     </span>
     <span class='ocr_line' id='line_1_28' title="bbox 180 2708 1189 2815; baseline 0 -60"><span class='ocrx_word' id='word_1_238' title='bbox 180 2711 274 2815; x_wconf 57' lang='lat' dir='ltr'>{entes</span> <span class='ocrx_word' id='word_1_239' title='bbox 288 2708 387 2770; x_wconf 90' lang='lat' dir='ltr'>quibus</span> <span class='ocrx_word' id='word_1_240' title='bbox 398 2709 464 2756; x_wconf 88' lang='lat' dir='ltr'>haec</span> <span class='ocrx_word' id='word_1_241' title='bbox 482 2714 630 2758; x_wconf 89' lang='lat' dir='ltr'>nascuntur</span> <span class='ocrx_word' id='word_1_242' title='bbox 647 2711 675 2758; x_wconf 90' lang='lat' dir='ltr'>in</span> <span class='ocrx_word' id='word_1_243' title='bbox 690 2711 775 2758; x_wconf 91' lang='lat' dir='ltr'>hortis</span> <span class='ocrx_word' id='word_1_244' title='bbox 793 2711 908 2757; x_wconf 83' lang='lat' dir='ltr'>Numina</span> <span class='ocrx_word' id='word_1_245' title='bbox 920 2711 989 2770; x_wconf 86' lang='lat' dir='ltr'>(XV,</span> <span class='ocrx_word' id='word_1_246' title='bbox 1001 2711 1054 2772; x_wconf 73' lang='lat'>10),</span> <span class='ocrx_word' id='word_1_247' title='bbox 1072 2725 1106 2758; x_wconf 92' lang='lat' dir='ltr'>ou</span> <span class='ocrx_word' id='word_1_248' title='bbox 1119 2709 1189 2757; x_wconf 87' lang='lat' dir='ltr'>celui</span> 
     </span>
     <span class='ocr_line' id='line_1_29' title="bbox 200 2769 1192 2834; baseline 0.003 -17"><span class='ocrx_word' id='word_1_249' title='bbox 200 2783 214 2817; x_wconf 88' lang='lat' dir='ltr'>e</span> <span class='ocrx_word' id='word_1_250' title='bbox 227 2769 343 2818; x_wconf 84' lang='lat' dir='ltr'>Bossuet</span> <span class='ocrx_word' id='word_1_251' title='bbox 355 2783 361 2819; x_wconf 93' lang='lat'><strong>:</strong></span> <span class='ocrx_word' id='word_1_252' title='bbox 378 2789 389 2814; x_wconf 80' lang='lat' dir='ltr'>u</span> <span class='ocrx_word' id='word_1_253' title='bbox 403 2769 474 2819; x_wconf 83' lang='lat' dir='ltr'>Tout</span> <span class='ocrx_word' id='word_1_254' title='bbox 487 2771 554 2820; x_wconf 77' lang='lat' dir='ltr'>etait</span> <span class='ocrx_word' id='word_1_255' title='bbox 567 2772 645 2832; x_wconf 88' lang='lat' dir='ltr'>Dieu,</span> <span class='ocrx_word' id='word_1_256' title='bbox 658 2772 768 2834; x_wconf 76' lang='lat' dir='ltr'>excepte</span> <span class='ocrx_word' id='word_1_257' title='bbox 782 2773 849 2819; x_wconf 89' lang='lat' dir='ltr'>Dieu</span> <span class='ocrx_word' id='word_1_258' title='bbox 863 2773 999 2820; x_wconf 83' lang='lat' dir='ltr'>lui-meme</span> <span class='ocrx_word' id='word_1_259' title='bbox 1014 2792 1034 2820; x_wconf 74' lang='lat' dir='ltr'>n.</span> <span class='ocrx_word' id='word_1_260' title='bbox 1048 2798 1074 2807; x_wconf 96' lang='lat'><em>-</em></span> <span class='ocrx_word' id='word_1_261' title='bbox 1084 2772 1192 2832; x_wconf 84' lang='lat' dir='ltr'>Quae·</span> 
     </span>
     <span class='ocr_line' id='line_1_30' title="bbox 180 2830 1191 2894; baseline 0.001 -15"><span class='ocrx_word' id='word_1_262' title='bbox 180 2831 303 2882; x_wconf 83' lang='lat' dir='ltr'>rendus</span> <span class='ocrx_word' id='word_1_263' title='bbox 320 2833 379 2881; x_wconf 81' lang='lat' dir='ltr'>est.</span> <span class='ocrx_word' id='word_1_264' title='bbox 396 2830 467 2880; x_wconf 87' lang='lat' dir='ltr'>C&#39;est</span> <span class='ocrx_word' id='word_1_265' title='bbox 485 2847 533 2894; x_wconf 83' lang='lat' dir='ltr'>par</span> <span class='ocrx_word' id='word_1_266' title='bbox 550 2848 585 2880; x_wconf 95' lang='lat' dir='ltr'>un</span> <span class='ocrx_word' id='word_1_267' title='bbox 600 2835 799 2881; x_wconf 85' lang='lat' dir='ltr'>raisonnement</span> <span class='ocrx_word' id='word_1_268' title='bbox 813 2837 873 2882; x_wconf 83' lang='lat' dir='ltr'>tout</span> <span class='ocrx_word' id='word_1_269' title='bbox 889 2834 1034 2881; x_wconf 81' lang='lat' dir='ltr'>semblable</span> <span class='ocrx_word' id='word_1_270' title='bbox 1051 2847 1102 2894; x_wconf 88' lang='lat' dir='ltr'>que</span> <span class='ocrx_word' id='word_1_271' title='bbox 1120 2833 1191 2880; x_wconf 89' lang='lat' dir='ltr'>Des-</span> 
     </span>
     <span class='ocr_line' id='line_1_31' title="bbox 180 2892 1189 2957; baseline 0.001 -17"><span class='ocrx_word' id='word_1_272' title='bbox 180 2895 268 2940; x_wconf 87' lang='lat' dir='ltr'>cartes</span> <span class='ocrx_word' id='word_1_273' title='bbox 288 2907 390 2955; x_wconf 90' lang='lat' dir='ltr'>prouve</span> <span class='ocrx_word' id='word_1_274' title='bbox 406 2892 559 2943; x_wconf 82' lang='lat' dir='ltr'>l&#39;existence</span> <span class='ocrx_word' id='word_1_275' title='bbox 576 2895 609 2942; x_wconf 92' lang='lat' dir='ltr'>de</span> <span class='ocrx_word' id='word_1_276' title='bbox 632 2894 700 2942; x_wconf 89' lang='lat' dir='ltr'>Dieu</span> <span class='ocrx_word' id='word_1_277' title='bbox 722 2910 771 2957; x_wconf 89' lang='lat' dir='ltr'>pur</span> <span class='ocrx_word' id='word_1_278' title='bbox 791 2894 867 2942; x_wconf 79' lang='lat' dir='ltr'>l&#39;idde</span> <span class='ocrx_word' id='word_1_279' title='bbox 886 2897 919 2942; x_wconf 90' lang='lat' dir='ltr'>de</span> <span class='ocrx_word' id='word_1_280' title='bbox 941 2895 1015 2943; x_wconf 77' lang='lat' dir='ltr'>l&#39;etre</span> <span class='ocrx_word' id='word_1_281' title='bbox 1034 2894 1140 2956; x_wconf 80' lang='lat' dir='ltr'>perluit.</span> <span class='ocrx_word' id='word_1_282' title='bbox 1160 2921 1189 2928; x_wconf 97' lang='lat'>-</span> 
     </span>
     <span class='ocr_line' id='line_1_32' title="bbox 180 2953 1191 3020; baseline -0.001 -17"><span class='ocrx_word' id='word_1_283' title='bbox 180 2953 357 3017; x_wconf 70' lang='lat' dir='ltr'>Dejeeerilt.</span> <span class='ocrx_word' id='word_1_284' title='bbox 371 2955 410 3003; x_wconf 78' lang='lat' dir='ltr'>Cf.</span> <span class='ocrx_word' id='word_1_285' title='bbox 422 2955 536 3004; x_wconf 85' lang='lat' dir='ltr'>Salluste</span> <span class='ocrx_word' id='word_1_286' title='bbox 547 2957 646 3018; x_wconf 68' lang='lat' dir='ltr'>(Catil,</span> <span class='ocrx_word' id='word_1_287' title='bbox 657 2957 677 3019; x_wconf 87' lang='lat'>1)</span> <span class='ocrx_word' id='word_1_288' title='bbox 688 2971 713 3004; x_wconf 83' lang='lat' dir='ltr'>z«</span> <span class='ocrx_word' id='word_1_289' title='bbox 729 2957 820 3004; x_wconf 87' lang='lat' dir='ltr'>Omnis</span> <span class='ocrx_word' id='word_1_290' title='bbox 830 2956 1005 3020; x_wconf 79' lang='lat' dir='ltr'>borninerqui</span> <span class='ocrx_word' id='word_1_291' title='bbox 1013 2971 1069 3004; x_wconf 83' lang='lat' dir='ltr'>sese</span> <span class='ocrx_word' id='word_1_292' title='bbox 1079 2955 1191 3004; x_wconf 82' lang='lat' dir='ltr'>student</span> 
     </span>
     <span class='ocr_line' id='line_1_33' title="bbox 178 3016 1208 3082; baseline 0.004 -20"><span class='ocrx_word' id='word_1_293' title='bbox 178 3017 319 3078; x_wconf 73' lang='lat' dir='ltr'>praestare</span> <span class='ocrx_word' id='word_1_294' title='bbox 331 3016 428 3064; x_wconf 82' lang='lat' dir='ltr'>ceteris</span> <span class='ocrx_word' id='word_1_295' title='bbox 439 3017 612 3076; x_wconf 81' lang='lat' dir='ltr'>animalibus,</span> <span class='ocrx_word' id='word_1_296' title='bbox 621 3033 724 3065; x_wconf 81' lang='lat' dir='ltr'>summa</span> <span class='ocrx_word' id='word_1_297' title='bbox 735 3034 784 3082; x_wconf 87' lang='lat' dir='ltr'>ope</span> <span class='ocrx_word' id='word_1_298' title='bbox 794 3018 844 3066; x_wconf 85' lang='lat' dir='ltr'>niti</span> <span class='ocrx_word' id='word_1_299' title='bbox 856 3019 930 3066; x_wconf 85' lang='lat' dir='ltr'>decet</span> <span class='ocrx_word' id='word_1_300' title='bbox 943 3034 975 3066; x_wconf 90' lang='lat' dir='ltr'>ne</span> <span class='ocrx_word' id='word_1_301' title='bbox 989 3017 1070 3066; x_wconf 82' lang='lat' dir='ltr'>uitam</span> <span class='ocrx_word' id='word_1_302' title='bbox 1080 3017 1190 3066; x_wconf 81' lang='lat' dir='ltr'>silentio</span> <span class='ocrx_word' id='word_1_303' title='bbox 1206 3051 1208 3054; x_wconf 93' lang='lat'>-</span> 
     </span>
     <span class='ocr_line' id='line_1_34' title="bbox 182 3077 1190 3144; baseline 0.002 -20"><span class='ocrx_word' id='word_1_304' title='bbox 182 3077 321 3125; x_wconf 79' lang='lat' dir='ltr'>transeant</span> <span class='ocrx_word' id='word_1_305' title='bbox 340 3077 424 3126; x_wconf 83' lang='lat' dir='ltr'>veluti</span> <span class='ocrx_word' id='word_1_306' title='bbox 432 3093 539 3141; x_wconf 82' lang='lat' dir='ltr'>peoora,</span> <span class='ocrx_word' id='word_1_307' title='bbox 555 3095 624 3144; x_wconf 85' lang='lat' dir='ltr'>quae</span> <span class='ocrx_word' id='word_1_308' title='bbox 639 3082 737 3128; x_wconf 81' lang='lat' dir='ltr'>natura</span> <span class='ocrx_word' id='word_1_309' title='bbox 751 3095 840 3144; x_wconf 83' lang='lat' dir='ltr'>prona</span> <span class='ocrx_word' id='word_1_310' title='bbox 850 3083 931 3144; x_wconf 83' lang='lat' dir='ltr'>atque</span> <span class='ocrx_word' id='word_1_311' title='bbox 944 3079 1032 3128; x_wconf 85' lang='lat' dir='ltr'>uentri</span> <span class='ocrx_word' id='word_1_312' title='bbox 1044 3079 1190 3127; x_wconf 84' lang='lat' dir='ltr'>oboedien-</span> 
     </span>
     <span class='ocr_line' id='line_1_35' title="bbox 181 3138 1190 3202; baseline 0.002 -16"><span class='ocrx_word' id='word_1_313' title='bbox 181 3138 218 3186; x_wconf 77' lang='lat' dir='ltr'>tn</span> <span class='ocrx_word' id='word_1_314' title='bbox 235 3139 324 3200; x_wconf 71' lang='lat' dir='ltr'>finxit.</span> <span class='ocrx_word' id='word_1_315' title='bbox 344 3159 355 3184; x_wconf 83' lang='lat' dir='ltr'>v</span> <span class='ocrx_word' id='word_1_316' title='bbox 372 3140 412 3188; x_wconf 87' lang='lat' dir='ltr'>Ci.</span> <span class='ocrx_word' id='word_1_317' title='bbox 432 3142 465 3188; x_wconf 92' lang='lat' dir='ltr'>de</span> <span class='ocrx_word' id='word_1_318' title='bbox 482 3141 611 3202; x_wconf 86' lang='lat' dir='ltr'>Laprude,</span> <span class='ocrx_word' id='word_1_319' title='bbox 631 3143 653 3190; x_wconf 89' lang='lat' dir='ltr'><strong><em>A</em></strong></span> <span class='ocrx_word' id='word_1_320' title='bbox 680 3142 703 3190; x_wconf 88' lang='lat' dir='ltr'>la</span> <span class='ocrx_word' id='word_1_321' title='bbox 721 3143 848 3190; x_wconf 86' lang='lat' dir='ltr'>Jeunesse</span> <span class='ocrx_word' id='word_1_322' title='bbox 865 3158 871 3192; x_wconf 93' lang='lat'>:</span> <span class='ocrx_word' id='word_1_323' title='bbox 891 3163 902 3186; x_wconf 79' lang='lat' dir='ltr'>u</span> <span class='ocrx_word' id='word_1_324' title='bbox 919 3143 982 3189; x_wconf 82' lang='lat' dir='ltr'>Pius</span> <span class='ocrx_word' id='word_1_325' title='bbox 999 3143 1065 3189; x_wconf 83' lang='lat' dir='ltr'>haut</span> <span class='ocrx_word' id='word_1_326' title='bbox 1080 3141 1147 3189; x_wconf 90' lang='lat' dir='ltr'>dans</span> <span class='ocrx_word' id='word_1_327' title='bbox 1164 3141 1190 3188; x_wconf 86' lang='lat' dir='ltr'>le</span> 
     </span>
     <span class='ocr_line' id='line_1_36' title="bbox 180 3200 1191 3314; baseline 0.002 -5"><span class='ocrx_word' id='word_1_328' title='bbox 180 3200 280 3310; x_wconf 41' lang='lat' dir='ltr'>titt?</span> <span class='ocrx_word' id='word_1_329' title='bbox 291 3203 341 3310; x_wconf 67' lang='lat' dir='ltr'>tit</span> <span class='ocrx_word' id='word_1_330' title='bbox 350 3202 1191 3314; x_wconf 48' lang='lat' dir='ltr'>lit·tt¹¹tlt⁰ttt⁰tni¹ttit¹lttbmitiliani</span> 
     </span>
     <span class='ocr_line' id='line_1_37' title="bbox 181 3280 1190 3389; baseline 0.005 -18"><span class='ocrx_word' id='word_1_331' title='bbox 181 3337 279 3371; x_wconf 86' lang='lat' dir='ltr'>encore</span> <span class='ocrx_word' id='word_1_332' title='bbox 296 3325 348 3372; x_wconf 86' lang='lat' dir='ltr'>Sur</span> <span class='ocrx_word' id='word_1_333' title='bbox 360 3280 430 3373; x_wconf 68' lang='lat' dir='ltr'>cettle</span> <span class='ocrx_word' id='word_1_334' title='bbox 443 3301 542 3374; x_wconf 73' lang='lat' dir='ltr'>edbelle</span> <span class='ocrx_word' id='word_1_335' title='bbox 556 3326 613 3374; x_wconf 89' lang='lat' dir='ltr'>d&#39;or</span> <span class='ocrx_word' id='word_1_336' title='bbox 668 3328 675 3374; x_wconf 92' lang='lat' dir='ltr'>i</span> <span class='ocrx_word' id='word_1_337' title='bbox 693 3342 726 3374; x_wconf 87' lang='lat' dir='ltr'>va</span> <span class='ocrx_word' id='word_1_338' title='bbox 739 3342 766 3374; x_wconf 90' lang='lat' dir='ltr'>se</span> <span class='ocrx_word' id='word_1_339' title='bbox 784 3328 878 3389; x_wconf 87' lang='lat' dir='ltr'>perdre</span> <span class='ocrx_word' id='word_1_340' title='bbox 896 3343 928 3375; x_wconf 91' lang='lat' dir='ltr'>en</span> <span class='ocrx_word' id='word_1_341' title='bbox 941 3327 1020 3375; x_wconf 87' lang='lat' dir='ltr'>Dieu.</span> <span class='ocrx_word' id='word_1_342' title='bbox 1040 3301 1094 3369; x_wconf 67' lang='lat' dir='ltr'>v&#39;-</span> <span class='ocrx_word' id='word_1_343' title='bbox 1107 3326 1190 3376; x_wconf 79' lang='lat' dir='ltr'>Ten-</span> 
     </span>
     <span class='ocr_line' id='line_1_38' title="bbox 181 3343 1190 3452; baseline 0.002 -18"><span class='ocrx_word' id='word_1_344' title='bbox 181 3384 268 3435; x_wconf 82' lang='lat' dir='ltr'>dere.</span> <span class='ocrx_word' id='word_1_345' title='bbox 285 3386 325 3434; x_wconf 85' lang='lat' dir='ltr'>Cl.</span> <span class='ocrx_word' id='word_1_346' title='bbox 339 3385 451 3435; x_wconf 79' lang='lat' dir='ltr'>Ciceron</span> <span class='ocrx_word' id='word_1_347' title='bbox 474 3388 505 3436; x_wconf 84' lang='lat' dir='ltr'>de</span> <span class='ocrx_word' id='word_1_348' title='bbox 519 3343 666 3450; x_wconf 54' lang='lat' dir='ltr'>Repub.,qll</span> <span class='ocrx_word' id='word_1_349' title='bbox 684 3389 723 3452; x_wconf 82' lang='lat'>17)</span> <span class='ocrx_word' id='word_1_350' title='bbox 738 3401 745 3437; x_wconf 73' lang='grc' dir='ltr'><em>τ</em></span> <span class='ocrx_word' id='word_1_351' title='bbox 761 3409 772 3432; x_wconf 89' lang='lat'>«</span> <span class='ocrx_word' id='word_1_352' title='bbox 792 3389 861 3444; x_wconf 83' lang='lat' dir='ltr'>Quid</span> <span class='ocrx_word' id='word_1_353' title='bbox 875 3393 922 3436; x_wconf 86' lang='lat' dir='ltr'>aut</span> <span class='ocrx_word' id='word_1_354' title='bbox 933 3389 1099 3450; x_wconf 84' lang='lat' dir='ltr'>praeclarum</span> <span class='ocrx_word' id='word_1_355' title='bbox 1111 3391 1190 3450; x_wconf 86' lang='lat' dir='ltr'>putet</span> 
     </span>
     <span class='ocr_line' id='line_1_39' title="bbox 180 3447 1190 3513; baseline 0.003 -19"><span class='ocrx_word' id='word_1_356' title='bbox 180 3447 208 3494; x_wconf 94' lang='lat' dir='ltr'>in</span> <span class='ocrx_word' id='word_1_357' title='bbox 230 3448 311 3495; x_wconf 86' lang='lat' dir='ltr'>rebus</span> <span class='ocrx_word' id='word_1_358' title='bbox 332 3447 456 3497; x_wconf 86' lang='lat' dir='ltr'>humanis</span> <span class='ocrx_word' id='word_1_359' title='bbox 473 3451 518 3512; x_wconf 93' lang='lat' dir='ltr'>qui</span> <span class='ocrx_word' id='word_1_360' title='bbox 538 3451 603 3497; x_wconf 87' lang='lat' dir='ltr'>haee</span> <span class='ocrx_word' id='word_1_361' title='bbox 622 3451 732 3498; x_wconf 88' lang='lat' dir='ltr'>deorum</span> <span class='ocrx_word' id='word_1_362' title='bbox 754 3466 835 3512; x_wconf 78' lang='lat' dir='ltr'>regne</span> <span class='ocrx_word' id='word_1_363' title='bbox 855 3450 1042 3513; x_wconf 74' lang='lat' dir='ltr'>perspexerit?</span> <span class='ocrx_word' id='word_1_364' title='bbox 1060 3450 1108 3498; x_wconf 83' lang='lat' dir='ltr'>aut</span> <span class='ocrx_word' id='word_1_365' title='bbox 1128 3450 1190 3497; x_wconf 89' lang='lat' dir='ltr'>diu·</span> 
     </span>
     <span class='ocr_line' id='line_1_40' title="bbox 180 3510 1188 3584; baseline 0.002 -28"><span class='ocrx_word' id='word_1_366' title='bbox 180 3510 290 3556; x_wconf 79' lang='lat' dir='ltr'>turnum</span> <span class='ocrx_word' id='word_1_367' title='bbox 308 3510 353 3584; x_wconf 74' lang='lat' dir='ltr'>qui</span> <span class='ocrx_word' id='word_1_368' title='bbox 371 3513 528 3572; x_wconf 79' lang='lat' dir='ltr'>cognoverit</span> <span class='ocrx_word' id='word_1_369' title='bbox 547 3513 611 3572; x_wconf 93' lang='lat' dir='ltr'>quid</span> <span class='ocrx_word' id='word_1_370' title='bbox 628 3513 664 3559; x_wconf 86' lang='lat' dir='ltr'>sit</span> <span class='ocrx_word' id='word_1_371' title='bbox 680 3515 840 3560; x_wconf 84' lang='lat' dir='ltr'>aeternum?</span> <span class='ocrx_word' id='word_1_372' title='bbox 858 3533 869 3556; x_wconf 75' lang='grc' dir='ltr'><strong>υ</strong></span> <span class='ocrx_word' id='word_1_373' title='bbox 889 3511 927 3560; x_wconf 82' lang='lat' dir='ltr'>cf.</span> <span class='ocrx_word' id='word_1_374' title='bbox 946 3511 1068 3573; x_wconf 76' lang='lat' dir='ltr'>Seneque</span> <span class='ocrx_word' id='word_1_375' title='bbox 1087 3510 1188 3574; x_wconf 75' lang='lat' dir='ltr'>(Queri.</span> 
     </span>
     <span class='ocr_line' id='line_1_41' title="bbox 182 3570 1189 3634; baseline 0.006 -18"><span class='ocrx_word' id='word_1_376' title='bbox 182 3570 247 3627; x_wconf 67' lang='lat' dir='ltr'>nat,</span> <span class='ocrx_word' id='word_1_377' title='bbox 265 3570 372 3631; x_wconf 75' lang='lat' dir='ltr'>pretace</span> <span class='ocrx_word' id='word_1_378' title='bbox 391 3573 432 3634; x_wconf 76' lang='lat' dir='ltr'>ll:</span> <span class='ocrx_word' id='word_1_379' title='bbox 454 3573 540 3621; x_wconf 88' lang='lat' dir='ltr'>«Nisi</span> <span class='ocrx_word' id='word_1_380' title='bbox 561 3574 595 3621; x_wconf 85' lang='lat' dir='ltr'>ad</span> <span class='ocrx_word' id='word_1_381' title='bbox 615 3573 679 3620; x_wconf 86' lang='lat' dir='ltr'>haec</span> <span class='ocrx_word' id='word_1_382' title='bbox 699 3575 863 3632; x_wconf 84' lang='lat' dir='ltr'>admitterer,</span> <span class='ocrx_word' id='word_1_383' title='bbox 885 3589 938 3622; x_wconf 90' lang='lat' dir='ltr'>non</span> <span class='ocrx_word' id='word_1_384' title='bbox 957 3574 1044 3621; x_wconf 86' lang='lat' dir='ltr'>iuerat</span> <span class='ocrx_word' id='word_1_385' title='bbox 1063 3573 1144 3621; x_wconf 85' lang='lat' dir='ltr'>nasci.</span> <span class='ocrx_word' id='word_1_386' title='bbox 1166 3573 1189 3622; x_wconf 94' lang='grc' dir='ltr'><strong>Ο</strong></span> 
     </span>
     <span class='ocr_line' id='line_1_42' title="bbox 180 3635 1190 3696; baseline 0.005 -20"><span class='ocrx_word' id='word_1_387' title='bbox 180 3644 261 3690; x_wconf 88' lang='lat' dir='ltr'>quarn</span> <span class='ocrx_word' id='word_1_388' title='bbox 275 3635 490 3694; x_wconf 84' lang='lat' dir='ltr'>contempteres</span> <span class='ocrx_word' id='word_1_389' title='bbox 508 3637 549 3681; x_wconf 89' lang='lat' dir='ltr'>est</span> <span class='ocrx_word' id='word_1_390' title='bbox 567 3635 655 3694; x_wconf 91' lang='lat' dir='ltr'>bomo,</span> <span class='ocrx_word' id='word_1_391' title='bbox 669 3635 720 3681; x_wconf 90' lang='lat' dir='ltr'>nisi</span> <span class='ocrx_word' id='word_1_392' title='bbox 734 3650 815 3696; x_wconf 82' lang='lat' dir='ltr'>supra</span> <span class='ocrx_word' id='word_1_393' title='bbox 827 3635 943 3683; x_wconf 86' lang='lat' dir='ltr'>humana</span> <span class='ocrx_word' id='word_1_394' title='bbox 957 3635 1114 3682; x_wconf 79' lang='lat' dir='ltr'>surrexerit!</span> <span class='ocrx_word' id='word_1_395' title='bbox 1130 3653 1141 3677; x_wconf 85' lang='lat' dir='ltr'>v</span> <span class='ocrx_word' id='word_1_396' title='bbox 1159 3661 1190 3670; x_wconf 94' lang='lat'>—</span> 
     </span>
     <span class='ocr_line' id='line_1_43' title="bbox 182 3691 1191 3756; baseline 0.005 -19"><span class='ocrx_word' id='word_1_397' title='bbox 182 3691 446 3753; x_wconf 82' lang='lat' dir='ltr'>Quadrupedum.</span> <span class='ocrx_word' id='word_1_398' title='bbox 461 3694 525 3741; x_wconf 87' lang='lat' dir='ltr'>Lieu</span> <span class='ocrx_word' id='word_1_399' title='bbox 538 3710 671 3744; x_wconf 85' lang='lat' dir='ltr'>commun.</span> <span class='ocrx_word' id='word_1_400' title='bbox 684 3695 724 3743; x_wconf 86' lang='lat' dir='ltr'>Cf.</span> <span class='ocrx_word' id='word_1_401' title='bbox 742 3698 781 3742; x_wconf 89' lang='lat' dir='ltr'>les</span> <span class='ocrx_word' id='word_1_402' title='bbox 800 3699 877 3744; x_wconf 88' lang='lat' dir='ltr'>notes</span> <span class='ocrx_word' id='word_1_403' title='bbox 892 3697 925 3744; x_wconf 89' lang='lat' dir='ltr'>de</span> <span class='ocrx_word' id='word_1_404' title='bbox 936 3696 962 3743; x_wconf 89' lang='lat' dir='ltr'>la</span> <span class='ocrx_word' id='word_1_405' title='bbox 974 3696 1083 3744; x_wconf 88' lang='lat' dir='ltr'>version</span> <span class='ocrx_word' id='word_1_406' title='bbox 1092 3698 1147 3756; x_wconf 74' lang='lat'>498,</span> <span class='ocrx_word' id='word_1_407' title='bbox 1162 3699 1191 3744; x_wconf 87' lang='lat' dir='ltr'>et</span> 
     </span>
     <span class='ocr_line' id='line_1_44' title="bbox 182 3749 857 3817; baseline 0.012 -21"><span class='ocrx_word' id='word_1_408' title='bbox 182 3749 306 3811; x_wconf 85' lang='lat' dir='ltr'>Salluste,</span> <span class='ocrx_word' id='word_1_409' title='bbox 320 3754 439 3814; x_wconf 81' lang='lat' dir='ltr'>prelaces</span> <span class='ocrx_word' id='word_1_410' title='bbox 452 3756 485 3801; x_wconf 89' lang='lat' dir='ltr'>de</span> <span class='ocrx_word' id='word_1_411' title='bbox 498 3756 636 3817; x_wconf 72' lang='lat' dir='ltr'>lupurtlre</span> <span class='ocrx_word' id='word_1_412' title='bbox 646 3759 672 3804; x_wconf 88' lang='lat' dir='ltr'>et</span> <span class='ocrx_word' id='word_1_413' title='bbox 685 3757 717 3804; x_wconf 93' lang='lat' dir='ltr'>de</span> <span class='ocrx_word' id='word_1_414' title='bbox 734 3757 857 3805; x_wconf 73' lang='lat' dir='ltr'>Catilina.</span> 
     </span>
    </p>
   </div>
   <div class='ocr_carea' id='block_1_7' title="bbox 605 3871 764 3922">
    <p class='ocr_par' dir='ltr' id='par_1_7' title="bbox 605 3871 764 3922">
     <span class='ocr_line' id='line_1_45' title="bbox 605 3871 764 3922; baseline 0 -1"><span class='ocrx_word' id='word_1_415' title='bbox 605 3871 764 3922; x_wconf 73' lang='lat'>—502-</span> 
     </span>
    </p>
   </div>
   <div class='ocr_carea' id='block_1_8' title="bbox 0 0 1338 4234">
    <p class='ocr_par' dir='ltr' id='par_1_8' title="bbox 0 0 1338 4234">
     <span class='ocr_line' id='line_1_46' title="bbox 0 0 1338 4234; baseline 0 0"><span class='ocrx_word' id='word_1_416' title='bbox 0 0 1338 4234; x_wconf 95' lang='lat' dir='ltr'> </span> 
     </span>
    </p>
   </div>
  </div>
 </body>
</html>
