2698 4234
348 203 351 208 ,
434 161 518 218 334.
538 164 678 223 surles
692 170 870 229 douanea

545 259 593 322 (De
602 263 755 328 portoriis.)

194 410 309 474 Eodem
331 437 423 492 anno,
446 422 560 482 crebris
588 426 695 506 populi
714 429 968 510 flagitationibus,
988 433 1149 498 immodes·
1165 439 1204 502 ξ’

154 505 226 566 tiam
245 512 498 589 publicanorum*
520 524 685 600 arguentis,
710 526 864 587 dubitavit
879 529 959 588 Nero
977 551 1014 590 an
1038 542 1150 596 cuncta

152 605 338 684 vectigalia*
362 613 463 672 omitti
483 617 618 695 juberet.
644 621 703 680 Sed
726 627 896 702 impetum*
914 625 992 706 ejus
1017 629 1147 690 multum

151 701 235 778 prius
248 703 371 776 laudata
386 712 596 788 magnitudine
609 718 713 788 animi,
733 721 884 780 attinuere
899 731 1065 796 senatores,
1087 725 1149 786 dis-

150 798 336 861 solutionem
352 804 472 884 imperii
487 811 636 887 docendo,
655 839 668 869 a
687 815 710 872 si
724 815 962 897 fructusquibus
974 823 1146 901 respublica

113 909 116 914 ’
149 893 362 982 sustineretur,
390 912 641 972 deminuerentur
665 931 672 973 ε
696 913 819 993 quippe,
837 915 964 974 sublatis
988 919 1142 996 portoriis,

149 989 302 1075 sequens*
316 1014 350 1065 ut
361 1009 546 1069 tributorum
563 1010 689 1069 abolitio
707 1010 962 1087 expostularetur.
982 1013 1146 1094 Plerosque

148 1090 343 1172 'vectigalium
359 1106 539 1168 societates*
552 1129 569 1166 a
584 1106 760 1165 consulibus
776 1114 806 1164 et
817 1107 946 1166 tribunis
962 1109 1060 1188 plebis
1074 1132 1147 1170 cou-

146 1188 280 1266 stitutaS,
300 1201 362 1258 acri
382 1203 554 1262 etiamtum
577 1203 683 1283 populi
704 1204 822 1262 romani
846 1203 1009 1266 libertate:
1028 1207 1146 1287 reliqua

147 1303 220 1346 mox
241 1289 283 1350 ita
301 1299 424 1373 provisa
443 1307 478 1359 ut
494 1300 593 1360 ratio*
613 1308 786 1380 quaestuum
807 1308 837 1357 et
860 1301 1023 1360 necessitas
1040 1322 1145 1380 eroga-

147 1380 288 1445 tionum*
308 1393 388 1452 inter
403 1417 439 1455 se·
449 1405 663 1475 congruerent.
681 1396 906 1474 Temperandas
929 1397 1019 1476 plane
1042 1400 1145 1478 publi‘-

144 1497 293 1544 canorum
310 1492 480 1569 cupidines,
498 1514 536 1551 ne
552 1514 605 1572 per
621 1499 666 1550 tot
683 1512 778 1550 annos
793 1493 858 1550 siue
875 1494 999 1573 querela
1014 1497 1143 1556 tolerata

147 1577 236 1637 novis
260 1585 480 1648 acerbitatibus
502 1590 538 1648 ad
561 1589 708 1646 invidiam
725 1595 879 1647 verterent
903 1614 929 1648 u.
948 1591 1027 1670 Ergo
1049 1593 1144 1654 edixit

145 1672 299 1757 princeps,
319 1705 333 1736 «
346 1691 380 1742 ut
397 1685 477 1763 leges
493 1687 642 1765 cujusque
656 1684 798 1762 publici*‚
813 1685 941 1744 occultae
957 1687 995 1744 ad
1017 1688 1047 1744 id
1067 1696 1142 1748 tem-

143 1787 214 1845 pus
230 1779 514 1852 proscriberentur;
532 1782 678 1840 omissas*
692 1779 856 1859 petitiones
867 1801 927 1838 non
938 1781 1014 1840 ultra
1026 1803 1139 1844 annum

142 1881 351 1947 resumerent;
369 1876 476 1937 Romae
500 1885 624 1958 praetor,
646 1897 700 1956 per
714 1877 886 1956 provincias
910 1879 963 1954 qui
990 1899 1045 1956 pro
1064 1901 1140 1958 prae-

142 1967 209 2022 tore
232 1975 285 2026 aut
299 1973 425 2032 consule
446 1975 577 2043 essent*,
602 1973 673 2053 jura
695 1973 839 2032 adversus
857 1973 1036 2051 publicanos
1055 1985 1140 2036 extra

140 2059 302 2122 ordinem*
331 2069 512 2142 redderent;
542 2071 690 2129 militibus
725 2069 921 2127 immunitas*
955 2080 1137 2146 servaretur,

142 2156 200 2214 nisi
214 2158 245 2217 in
261 2161 297 2219 iis
316 2184 384 2243 quae
400 2187 478 2225 veno
494 2173 671 2225 exercerent
687 2191 700 2220 u
714 2185 719 2235 ;
733 2166 851 2245 aliaque
865 2166 1029 2225 admodum
1039 2167 1136 2247 aeqda,

140 2273 211 2330 quae
225 2256 312 2318 brevi
330 2271 461 2336 servata,
479 2264 548 2322 dein
568 2264 679 2321 frustra
700 2262 801 2320 habita
817 2270 898 2320 sunt.
916 2263 1021 2322 Manet
1037 2271 1138 2324 tanaen

139 2349 266 2412 abolitio
281 2359 543 2438 quadragesimae*
569 2359 900 2440 quinquagesimaeque,
927 2367 957 2417 et
982 2381 1050 2440 quae
1070 2362 1138 2422 'alia

138 2450 351 2513 exactionibus
367 2456 481 2515 illicitis
496 2457 620 2514 nomina
635 2455 791 2535 publicani
807 2454 997 2516 invenerant.
1074 2467 1080 2476 ⁶
1100 2468 1102 2471 ’

168 2614 210 2663 N⁰
223 2616 290 2668 334
302 2634 308 2668 :
319 2620 580 2673 Publicanorum.
595 2622 644 2669 Les
656 2621 807 2683 publicains
818 2619 959 2681 preneient
975 2621 1084 2691 dterme
1095 2623 1134 2672 les

137 2690 251 2726 revenus
263 2681 296 2727 de
314 2681 401 2743 l'Etat,
422 2683 499 2744 qu’ils
541 2683 693 2731 ercevaient
709 2682 807 2744 parlois
828 2682 969 2754 durement
986 2681 1135 2746 (immodice

138 2737 211 2798 tiam,
236 2742 446 2794 acerrumus.
471 2772 501 2780 -
551 2744 718 2806 eurigena,
748 2744 785 2790 les
806 2746 881 2812 taxes
908 2743 1061 2815 mdrectes,
1084 2759 1135 2854 par

136 2802 290 2859 opposition
310 2805 324 2851 b
344 2805 447 2853 tributa
466 2806 623 2870 (redevanee
646 2806 706 2866 fixe,
726 2808 798 2852 sorte
821 2803 933 2865 d'rmpot
945 2806 1064 2865 foncrer).
1106 2821 1134 2854 es

135 2861 279 2924 uectipalia
302 2869 502 2928 comprenaient
520 2882 526 2916 :
544 2868 582 2916 les
598 2869 725 2928 douanes,
743 2868 781 2914 les
794 2867 887 2923 urmes,
901 2865 939 2912 les
952 2869 1134 2945 revenusmdes

136 2922 274 2972 domaines
287 2927 401 2988 publics‚
414 2929 452 2977 les
463 2933 537 2978 taxes
547 2945 594 2978 sur
600 2929 639 2976 les
649 2932 751 2985 ventes,
761 2933 811 2976 etc.
826 2926 1032 2998 <Impetum
1045 2930 1133 3005 Lclan

135 2983 172 3028 du
184 2986 275 3044 prince
284 2989 349 3036 etait
362 2990 502 3051 gdndreux,
513 2993 580 3039 mais
590 2991 770 3050 inconsidbre;
788 2987 878 3037 c'dtart
890 2988 914 3064 la
927 3005 1000 3059 ruine
1014 2992 1046 3038 de
1063 2992 1133 3038 lem-

135 3045 200 3104 pire.
212 3074 243 3080 —
254 3048 408 3111 Sequens,
420 3068 440 3102 s.
454 3055 508 3102 ent.
520 3066 584 3101 osse.
594 3079 626 3087 —
639 3051 828 3103 Societates.
842 3051 862 3096 ll
876 3053 951 3120 sagit
961 3052 1008 3099 des
1019 3054 1132 3128 grandes

136 3110 306 3169 compagnies
322 3112 457 3162 fermibres
470 3115 516 3162 des
529 3129 642 3162 revenus
654 3115 767 3176 publics‚
782 3117 808 3161 et
820 3126 869 3174 par
888 3115 956 3158 sune
968 3115 1014 3160 des
1032 3119 1133 3176 impote

134 3171 306 3220 eux-memes.
325 3200 355 3210 -
377 3175 487 3235 Ratio,
505 3191 572 3223 nous
594 3177 695 3224 dirions
715 3175 825 3238 budpet.
844 3199 875 3206 -
888 3173 1130 3234 Erogatlonum

132 3229 254 3293 Eropare
268 3234 369 3295 signitie
387 3241 559 3298 proprement
573 3251 578 3284 :
592 3238 658 3284 seire
676 3252 827 3298 approuver
841 3237 879 3307 les
892 3233 1023 3294 depensos
1046 3252 1095 3307 par
1106 3238 1132 3284 le

132 3291 239 3351 peuple.
252 3320 283 3330 —
306 3296 409 3358 Leges
426 3299 520 3361 ciuus
544 3312 584 3348 ue
605 3299 739 3360 publici.
763 3299 782 3345 ll
796 3299 872 3359 s'agrt
889 3296 935 3342 des
955 3301 1131 3346 conventione

132 3351 304 3404 intervenues
316 3361 391 3406 entre
403 3358 484 3408 l'Etat
499 3311 577 3408 etiles
589 3361 738 3421 publicains
751 3359 939 3408 relativement
950 3360 963 3406 d
976 3360 1005 3434 ¹la
1017 3374 1130 3420 percep·

133 3413 189 3459 tion
201 3415 247 3463 des
260 3418 348 3465 divers
362 3421 470 3481 impbts.
486 3449 512 3456 -
526 3421 673 3472 omissas
685 3423 857 3486 petitiones
870 3420 923 3465 :les
939 3435 1062 3492 creanees
1073 3436 1128 3491 non

134 3478 302 3538 recouvre'es‚
321 3495 371 3541 que
390 3483 428 3529 les
440 3483 589 3543 publicains
608 3485 729 3532 cddaient
752 3487 765 3532 d
787 3487 834 3532 des
858 3482 950 3540 agents
963 3483 994 3528 de
1014 3484 1129 3543 liquida-

133 3536 189 3582 tion
202 3539 247 3599 qui
256 3541 388 3590 ruinaient
400 3545 437 3590 les
449 3546 631 3606 provinciaux.
646 3573 674 3581 -
686 3546 746 3606 Qui
756 3548 878 3596 essent:
889 3542 927 3587 les
937 3559 1127 3623 gouverneurs.

132 3622 162 3630 -
173 3597 279 3650 Extra
291 3603 483 3664 ordinem‚en
495 3607 593 3655 faisant
602 3622 693 3668 passer
705 3623 748 3654 ces
760 3609 865 3656 all'aires
882 3607 919 3652 les
932 3621 1082 3677 premieres.
1098 3632 1128 3642 -

133 3657 335 3723 Immunitas‚
350 3669 501 3728 exemption
522 3669 555 3715 de
567 3670 638 3716 droit
655 3668 771 3716 d'entrde
793 3685 827 3717 ou
844 3671 877 3716 de
889 3673 982 3740 sortre.¹
994 3695 1024 3739 ’.
1045 3668 1128 3738 Qua.-

131 3719 338 3783 dragesimae
352 3741 357 3774 :
370 3729 454 3788 impot
466 3730 499 3776 de
523 3735 535 3775 2
560 3733 598 3790 tlt
616 3734 642 3777 et
663 3731 695 3777 dc
709 3737 721 3776 2
738 3735 775 3788 blo
789 3745 840 3793 que
861 3735 900 3779 les
910 3731 1058 3800 publicains
1072 3745 1127 3800 exr-

131 3783 281 3840 gementes
295 3801 338 3834 sus
351 3789 383 3835 de
395 3790 453 3837 leur
465 3792 544 3852 droit,
558 3807 625 3853 pour
638 3794 743 3839 couvrir
755 3795 825 3840 leurs
838 3794 900 3842 t'rais
913 3793 1124 3854 d'explortatron.

549 3918 706 3968 —337-
