2696 4244
104 157 180 214 183.
202 158 276 226 Que
292 159 347 213 tes
368 157 458 226 Jeux
479 159 527 214 du
551 157 677 226 cirque
692 157 890 225 manquent
914 153 1098 214 d’interet.

285 319 290 332 ,
377 261 473 324 (Quam
486 260 584 325 fripidi
601 261 655 308 sint
669 260 820 323 circenses.)
903 301 905 310 ,

138 420 236 478 Omne
249 420 307 478 hoc
321 413 442 500 tempus
461 421 542 479 inter
558 420 742 500 pugillares*
757 441 792 479 ac
809 420 927 478 libellos
939 417 1100 498 jucundis·
1113 413 1157 476 4⁸

98 517 174 574 sima
191 517 292 596 quiete
308 518 472 577 transmisi.
493 553 533 562 -
544 517 820 588 Quemadmodum,
837 517 948 597 inquis,
971 516 1001 573 in
1018 513 1099 573 Urbe

29 659 30 664 1
96 613 246 691 potuisti?
267 649 302 658 -
328 614 506 673 Circenses*
528 623 631 686 erant;
653 635 718 694 ⁴quo
740 635 850 692 genere
874 611 1040 692 spectaculi
1061 629 1100 668 ne

28 769 30 784 ,
95 709 249 768 levissime
263 711 385 790 quidem
398 719 514 770 teneor.
532 711 613 775 Nihil
629 731 757 782 novum,
780 710 856 768 nihil
876 710 1007 777 varium,
1025 705 1101 765 nihil

99 806 181 885 quod
204 828 266 866 non
286 808 379 866 semel
398 816 552 888 spectasse
576 809 716 868 sufficiat.
734 809 802 875 Quo
821 807 917 885 magis
932 807 1037 878 miror,
1055 810 1102 863 tot

99 903 200 961 milia*
215 905 352 963 virorum
374 913 435 964 tam
453 905 610 985 pueriliter
626 905 793 964 identidem
813 925 925 984 cupere
943 911 1101 962 currentes
1176 935 1182 944 =

96 1020 203 1079 equos,
220 1001 394 1060 insistentes
409 1002 549 1060 curribus
568 1002 707 1060 homines
728 1002 842 1061 videre.
869 1001 901 1059 Si
925 1009 1026 1059 tamen
1049 1005 1103 1056 aut

95 1096 261 1156 ¹velocitate
281 1119 441 1178 equorum,
465 1107 518 1157 aut
533 1099 692 1158 hominum
705 1107 769 1158 arte
791 1099 996 1168 traherentur,
1022 1103 1103 1154 esset

98 1194 175 1251 ratio
189 1195 347 1254 nonnulla.
360 1195 448 1254 Nunc
459 1196 564 1254 favent
578 1197 709 1276 panno*,
719 1202 967 1275 pannumamant
979 1214 985 1254 :
995 1203 1026 1252 et
1036 1193 1060 1250 si
1069 1193 1101 1250 in

96 1290 163 1369 ipso
179 1311 271 1349 cursu
297 1291 460 1372 medioque
486 1293 662 1366 certamine,
689 1292 737 1351 hic
756 1292 841 1352 color
863 1292 947 1363 illuc,
968 1291 1018 1349 ille
1042 1289 1102 1348 huc

98 1389 311 1460 transferatur,
330 1389 465 1448 studium
481 1390 629 1468 favorque
644 1390 796 1458 transibit,
813 1397 845 1448 et
864 1396 990 1468 repente
1006 1388 1103 1465 agita-

97 1492 179 1542 tores
192 1485 271 1556 11100,
292 1506 387 1566 equos
401 1486 480 1557 illos,
498 1508 575 1566 quos
591 1487 697 1567 procul
713 1487 877 1557 noscitant,
894 1506 1025 1566 quorum
1040 1484 1103 1544 cla-

98 1581 209 1640 mitant
225 1583 359 1656 nomina,
383 1584 567 1661 relinquent.
589 1584 685 1643 Tanta
701 1585 813 1662 gratia,
831 1591 916 1642 tanta
937 1582 1103 1642 auctoritas

95 1678 127 1735 in
146 1699 206 1737 una
223 1679 369 1738 vilissima
391 1681 509 1739 tunica!
537 1681 627 1739 Mitto
642 1681 741 1760 apud*
762 1681 884 1758 vulgus,
909 1681 991 1760 quod
1011 1679 1102 1737 vilius

25 1855 26 1858 Ἴ
93 1775 212 1844 tunica,
236 1776 290 1834 sed
311 1776 393 1856 apud
408 1777 557 1857 quosdam
574 1799 683 1855 graves
698 1779 852 1836 homines!
870 1798 946 1856 quos
959 1797 1015 1855 ego
1032 1797 1102 1834 cum

94 1873 244 1930 recordor
267 1874 297 1931 in
322 1895 354 1932 re
371 1875 471 1944 inani,
495 1875 616 1952 frigida,
634 1875 783 1948 assidua*,
810 1885 870 1933 tam
892 1873 1104 1933 insatiabiliter

94 1967 248 2041 desidere,
272 1970 361 2049 capio
383 1971 515 2050 aliquam
541 1971 731 2051 voluptatem
757 1972 840 2050 quod
864 1972 920 2030 hac
944 1972 1103 2050 voluptate

97 2086 160 2124 non
176 2067 291 2146 capior.
311 2070 356 2127 Ac
371 2088 426 2147 per
443 2068 499 2126 hos
522 2068 585 2126 dies
607 2069 807 2128 libentissime
829 2070 926 2128 otium
948 2090 1048 2128 meum
1072 2069 1103 2126 in

24 2221 25 2236 ἶ
96 2162 208 2221 litteris
225 2164 354 2239 colloco,
371 2187 448 2245 quos
468 2165 517 2224 alii
535 2166 727 2224 otiosissimis
749 2167 1021 2246 occupationibus*
1037 2187 1105 2246 per-

94 2259 189 2318 dunt.

24 2479 25 2482 (
127 2420 170 2468 N⁰
187 2419 250 2471 183
265 2435 270 2467 τ
285 2421 471 2484 Pugillares
487 2437 492 2469 :
507 2425 578 2470 sorte
592 2423 624 2469 de
638 2421 848 2478 memorandum,
864 2424 960 2484 petites
978 2423 1105 2469 tablcttes

24 2507 25 2514 κ
96 2485 242 2529 convertes
259 2483 292 2529 de
310 2483 364 2529 cire
384 2484 426 2544 (de
463 2483 574 2558 upillus,
590 2485 680 2542 mainl,
695 2499 765 2544 pour
783 2486 860 2531 saisir
877 2500 909 2531 au
930 2485 972 2530 vol
993 2489 1019 2531 et
1040 2484 1105 2531 fixer

97 2559 151 2589 une
169 2544 267 2604 pense'e
285 2546 329 2604 qui
347 2546 421 2592 vient
438 2499 459 2592 1
473 2545 581 2606 lesprit.
602 2573 631 2580 -
651 2546 830 2595 Circenses.
854 2545 920 2592 Voir
943 2561 976 2592 eu
999 2547 1104 2607 lenique

97 2605 136 2652 tes
151 2610 220 2652 mots
232 2604 328 2663 circus,
344 2605 483 2664 circenses,
500 2607 606 2654 100111-
621 2608 684 2656 rot
696 2606 790 2657 milia
804 2623 809 2654 :
825 2608 848 2654 le
861 2607 973 2664 Cotisee,
988 2608 1043 2654 bati
1055 2623 1106 2668 par

97 2667 247 2728 Vespasien
267 2671 294 2714 et
315 2668 399 2726 Titus,
421 2670 557 2715 contenait
577 2673 661 2714 87000
680 2670 776 2730 places,
797 2669 832 2716 Le
850 2669 944 2716 Circus
963 2669 1102 2728 Maximus,

93 2728 168 2775 situi
181 2729 246 2775 dans
258 2728 282 2775 10
314 2730 395 2776 rande
413 2731 497 2777 valle'e
515 2734 589 2776 entre
607 2731 630 2776 le
646 2730 748 2776 Palatin
765 2736 792 2776 ct
809 2731 952 2782 l'Aventin.
972 2731 1105 2777 construit

24 2789 25 2796 ’
98 2805 148 2843 par
165 2789 282 2851 Tarquin
296 2745 410 2851 i'Acien,
431 2793 515 2838 rebdti
536 2791 645 2838 d'abord
664 2807 712 2852 par
730 2792 865 2838 Domiticn
881 2795 907 2840 et
922 2793 1028 2855 Trajan,
1044 2792 1105 2852 plus

95 2852 161 2898 tard
173 2866 221 2912 par
233 2852 390 2899 Constantin
412 2854 435 2900 le
454 2854 544 2901 Grand
558 2857 584 2899 et
600 2853 759 2903 Constance,
778 2855 890 2914 pouvait
905 2855 1027 2902 contenir
1041 2869 1103 2901 sous

24 2949 25 2954 ,
95 2913 197 2973 Trajan
215 2918 317 2960 350000
335 2917 510 2985 spectateurs,
529 2918 556 2961 et
570 2916 677 2976 jusqu'rl
691 2919 791 2960 iseum
810 2931 872 2962 sous
889 2916 1055 2962 Constantin.
1074 2942 1105 2951 -

24 2979 25 3038 l
96 2977 222 3024 Panno.
234 2976 253 3022 11
267 2991 284 3037 y
298 2981 371 3023 avait
383 2977 449 3022 dans
462 2977 584 3037 lecirque
595 2977 734 3023 ditl'drents
747 2978 830 3037 partis
845 2976 1003 3037 (saumones,
1017 2978 1062 3038 qui
1076 2992 1104 3024 se

24 3081 25 3086 ,
93 3037 292 3096 distinguaient
311 3052 360 3097 par
377 3038 416 3085 les
435 3039 557 3085 couleurs
575 3040 620 3084 des
640 3053 768 3099 rasaques
788 3040 913 3100 (pannus)
932 3041 978 3086 des
993 3040 1104 3086 cochers

93 3098 267 3162 (0911010000)
284 3114 289 3145 :
306 3099 328 3145 le
350 3114 431 3160 rouge
449 3099 625 3160 (0000010),οι
645 3101 667 3146 le
687 3100 766 3147 blanc
787 3101 858 3161 (alba
876 3116 909 3147 ou
926 3101 1025 3161 albata)
1041 3116 1046 3147 :
1060 3115 1105 3148 ces

24 3203 25 3208 ,
94 3162 171 3208 deux
179 3161 262 3221 partis
272 3162 483 3208 existaientsous
495 3163 518 3208 la
531 3161 698 3222 Repubtique
709 3178 714 3222 ;
724 3163 918 3222 soust'llmpire
926 3162 942 3208 it
953 3161 1007 3209 s'cn
1019 3163 1105 3209 forma

24 3229 25 3244 ³
94 3223 170 3270 deux
187 3237 327 3268 nouveaux
358 3222 461 3283 :factio
478 3223 589 3284 prasina
607 3223 695 3285 (0001),
709 3227 736 3270 01
753 3223 835 3283 factio
852 3226 945 3271 veneta
965 3225 1056 3286 (0100).
1074 3250 1106 3258 -

96 3283 198 3333 Mitto
209 3284 306 3346 apud.
317 3284 356 3331 Cf.
369 3287 446 3331 notre
455 3285 598 3345 gallicisme
608 3299 613 3331 :
624 3301 702 3346 passe
711 3299 806 3332 encore
817 3301 893 3346 pour.
905 3313 928 3320 -
941 3285 1104 3336 Assidua:

24 3401 25 3406 ¹
97 3347 156 3392 vise
177 3346 201 3391 la
221 3347 350 3407 longueur
366 3346 413 3392 des
428 3346 500 3407 J'cux,
520 3348 564 3455 put
583 3347 707 3393 duraient
726 3347 772 3392 des
786 3348 914 3407 journc'es
932 3349 1056 3395 enticres.
1074 3373 1106 3384 -

96 3407 313 3457 otiosissimis
324 3408 520 3468 occupatiori
536 3408 608 3457 hus.
620 3407 783 3470 Oxymoron.
797 3409 870 3455 Ptine
881 3410 949 3456 ainic
963 3425 1007 3456 ces
1020 3424 1106 3470 oppo-

95 3470 196 3516 sitions
220 3470 252 3515 de
282 3473 359 3515 mots.
389 3469 426 3516 Cf.
463 3468 694 3516 illitteratissimas
722 3468 826 3516 litteras
847 3471 877 3532 (l,
904 3474 951 3529 10).
978 3472 1016 3517 Cf.
1038 3472 1105 3519 dans

96 3530 223 3592 seneque
237 3531 278 3592 (de
292 3529 391 3577 Breuit.
406 3530 462 3587 vit,
477 3532 515 3592 12)
537 3546 542 3578 :
563 3549 573 3572 α
596 3546 648 3578 000
669 3531 767 3579 habent
788 3531 832 3580 isti
852 3533 945 3589 otium,
966 3533 1012 3579 sed
1033 3531 1105 3580 iners

98 3591 238 3655 nepotium
250 3611 269 3639 ».
281 3591 357 3639 Cette
368 3592 477 3653 opinion
486 3595 518 3639 de
527 3592 601 3639 Ptine
615 3593 705 3640 surles
712 3594 776 3654 jeux
789 3594 823 3640 du
836 3594 932 3654 Cirque
941 3599 982 3642 est
994 3610 1029 3641 un
1041 3595 1106 3641 trait

97 3655 132 3700 de
146 3655 207 3714 plus
225 3654 239 3700 1
256 3655 389 3714 ajoutertt
407 3668 474 3701 ceux
485 3655 530 3715 qui
543 3654 601 3701 font
613 3655 645 3701 de
659 3656 695 3701 lui
710 3670 746 3701 un
759 3656 864 3702 homme
873 3657 966 3779 plutdt
978 3657 1105 3703 moderne

96 3715 264 3788 qu'antique.
283 3715 405 3786 seneque
423 3715 447 3779 (1
465 3715 560 3775 Lucii,
577 3715 616 3778 80)
635 3719 662 3764 01
680 3716 790 3764 Ciceron
811 3717 854 3780 (ad

885 3719 969 3778 amit,
990 3717 1050 3778 Vll,
1071 3717 1105 3780 1),

95 3781 163 3824 sont
174 3778 209 3823 du
225 3791 310 3823 meme
322 3791 387 3824 avis

519 3937 557 3950 v-
581 3909 631 3961 185
650 3939 686 3950 -
