2756 4238
9 183 23 234 l
171 191 256 248 292.
276 191 306 247 11
326 193 383 248 est
402 193 603 248 honorahle
618 205 711 260 pour
729 192 909 248 l’orateur
925 189 1041 246 vieilli
1059 193 1104 246 de

415 281 566 336 devenir
582 279 859 375 jurisconsulte.

135 373 269 436 (Oratoris
288 374 420 423 senectuti
439 375 509 423 nihit
528 375 666 423 honestius
686 377 726 422 est
744 390 824 439 quarn
838 373 915 436 juris
936 371 1143 437 interpretatio.)

177 506 212 564 ln
234 515 339 565 nostra
364 507 488 566 civitate
510 507 717 587 amplissimus
740 508 870 587 quisque
900 514 930 565 et
957 505 1143 564 clarissimus
1160 503 1201 568 2⁹

136 603 194 674 vir,
221 610 255 661 ut
275 604 337 676 ille,
361 605 414 684 qui
436 612 562 685 propter
586 605 664 663 hanc
685 605 764 684 juris
786 603 886 663 civilis
917 603 1076 662 scientiam
1100 601 1144 660 sic

134 699 308 778 appellatus
327 721 345 759 a
362 721 481 760 summo
497 702 607 780 poeta*
622 708 669 760 est
684 720 690 760 :

184 861 188 866 ³
217 797 345 874 Egregie
357 797 522 857 cordatus*
539 799 642 866 homo,
663 800 770 856 catus*
786 797 879 856 AEliu'
891 798 903 820 *
919 797 1041 870 Sextus,

137 893 289 973 multique
307 902 465 974 praeterea,
486 915 556 953 eum
576 895 699 973 ingenio
720 893 777 952 sibi
797 893 978 972 dignitatem
1004 892 1144 973 peperis-
1229 965 1231 969 Ι

135 997 216 1062 sent,
232 990 437 1069 perfecerunt,
451 991 526 1050 utin
540 991 777 1071 respondendo*
792 992 862 1070 jure
877 991 1061 1050 auctoritate
1075 989 1144 1068 plus

135 1087 230 1174 etiam
246 1108 337 1168 quam
351 1089 418 1166 ipso
431 1089 555 1166 ingenio
567 1089 714 1147 valerent.
731 1088 888 1147 Senectuti
899 1107 974 1145 vero
988 1087 1144 1145 celebran-

137 1183 184 1240 das
193 1185 205 1206 *
215 1191 245 1242 et
255 1184 400 1242 ornandae
411 1185 493 1263 quod
503 1184 661 1243 honestius
673 1192 775 1263 potest
787 1204 853 1242 esse
865 1184 1038 1262 perfugium
1051 1202 1142 1262 quam

130 1279 214 1357 juris
237 1281 473 1360 interpretatio?
501 1282 650 1361 Equidem
682 1281 758 1339 mihi
790 1280 847 1339 hoo
879 1279 1051 1338 subsidium
1079 1279 1142 1358 jam

138 1376 210 1436 inde
226 1378 264 1436 ab
279 1377 486 1436 adulescentia
501 1378 709 1456 comparavi‘,
729 1398 792 1436 non
807 1378 907 1436 solum
925 1377 962 1435 ad
981 1395 1142 1435 causarum

139 1493 228 1532 usum
253 1473 418 1546 forensem,
440 1474 493 1532 sed
521 1475 613 1532 etiam
638 1475 676 1532 ad
697 1474 791 1532 decus
813 1481 906 1553 atque
926 1479 1142 1531 ornamentum

136 1571 315 1641 senectutis
329 1579 374 1644 ut,
389 1592 458 1630 cum
472 1592 520 1630 me
536 1572 616 1630 vires
631 1571 725 1650 (quod
737 1571 799 1650 lere
810 1572 873 1650 jam
891 1578 1012 1648 tempus
1026 1569 1144 1628 adven·

138 1667 213 1746 tat*)
230 1657 556 1747 delicere'coepisseut,
574 1669 631 1726 ista
652 1668 690 1726 ab
711 1668 877 1725 solitudine
893 1667 1019 1725 domum
1042 1687 1141 1724 meam

139 1764 340 1823 vindicarem.
359 1765 438 1831 Quid
454 1774 499 1824 est
518 1767 598 1824 enim
616 1765 791 1844 praeclarius
811 1785 902 1844 quam
922 1763 1092 1821 honoribus
1112 1770 1146 1820 et

138 1860 316 1940 reipublicae
338 1863 517 1921 muneribus
541 1863 737 1941 perfunctum
761 1882 864 1920 senem
887 1881 977 1939 posse
1004 1881 1059 1918 suo
1075 1859 1145 1938 jure

136 1957 241 2016 dicere
258 1959 339 2016 idem
360 1959 443 2038 quod
457 1959 536 2037 apud
556 1959 688 2017 Ennium
707 1959 784 2016 dicit
799 1958 849 2016 ille
868 1956 998 2036 Pythius
1019 1956 1141 2035 Apollo,

136 2043 170 2112 se
191 2075 255 2114 esse
270 2075 340 2114 eum
357 2056 459 2114 unde*
478 2055 547 2128 sibi,
569 2056 670 2114 sinon
688 2055 793 2134 populi
813 2062 844 2114 et
863 2075 960 2132 reges,
979 2062 1011 2112 at
1033 2073 1141 2112 omnes

137 2151 186 2208 sui
200 2151 287 2210 cives
301 2153 463 2211 consilium
480 2160 637 2232 expetant,
1066 2146 1067 2149 ¹

219 2248 349 2307 Suarum
365 2270 467 2308 rerum
483 2250 591 2308 incerti
609 2269 615 2308 :
632 2269 710 2328 quos
723 2270 779 2326 ego
793 2269 851 2328 ope
867 2269 934 2307 mea
950 2269 986 2308 eu

220 2346 349 2404 Incertis
364 2354 465 2404 certos
480 2353 700 2425 compotesque
713 2345 821 2404 consili

222 2442 364 2514 Dimitte,
383 2452 417 2501 ut
434 2463 470 2501 ne
486 2463 534 2502 res
550 2451 664 2501 temere
680 2449 814 2500 tractent
829 2442 979 2503 turbidas,

181 2539 233 2597 Est
247 2540 327 2598 enim
341 2539 405 2597 sine
417 2538 510 2598 dubio
524 2539 635 2597 domus
648 2539 863 2618 jurisconsulti
878 2540 973 2596 totius
987 2538 1145 2597 oraculum

137 2636 289 2694 civitatis.

171 2776 212 2825 N⁰
222 2777 303 2827 292:
318 2778 430 2827 Poeta.
444 2777 554 2834 Ennius,
564 2792 615 2838 que
625 2777 735 2824 Cicc'ron
747 2777 871 2823 admirait
881 2776 1028 2835 beaucoup.
1039 2801 1066 2810 -
1076 2773 1150 2824 Cot·-

141 2837 253 2907 dattts'.
268 2838 304 2908 Ce
316 2841 373 2884 mot
390 2842 438 2909 est¹
449 2839 572 2909 explique'
586 2854 633 2900 par
645 2839 755 2886 Ciceron
771 2839 905 2884 lui-meme
921 2835 1051 2899 (l'uscut.,
1066 2836 1086 2896 1,
1100 2837 1124 2898 9)
1140 2849 1147 2883 ι

139 2919 153 2941 a
167 2899 229 2946 alus
238 2914 284 2946 cor
296 2915 499 2961 ipsumantmus
511 2902 619 2948 videtur
628 2916 673 2947 :eu
684 2915 738 2962 quo
751 2900 886 2956 excordes,
898 2898 1031 2954 uecordes,
1041 2911 1149 2945 concor-

142 2961 245 3068 desrgue
256 2960 386 3008 dicuntur
401 2982 421 3010 u.
435 2989 464 2997 -
475 2962 588 3032 Catus..
600 2962 703 3038 Varrop
720 2961 761 3022 (dc
775 2961 851 3023 Ling.
868 2961 924 3031 tat,
935 2959 995 3017 Vll,
1009 2959 1047 3021 te)
1059 2960 1148 3036 dpnue

138 3023 194 3068 elea
211 3037 241 3069 us
252 3023 275 3069 le
289 3038 350 3070 sens
363 3024 396 3070 de
408 3026 512 3078 acutus,
524 3028 550 3069 et
563 3024 603 3069 dn
613 3037 664 3083 que
675 3025 739 3069 cest
752 3039 786 3069 un
800 3026 856 3069 mot
868 3022 953 3069 sabin.
964 3021 1045 3068 Catus
1055 3036 1071 3066 n
1082 3023 1148 3067 etant

138 3083 202 3144 dejt
231 3085 291 3146 plus
316 3084 385 3131 usite
409 3086 444 3131 du
473 3088 560 3145 temps
585 3085 617 3130 de
641 3083 760 3141 Cicerou,
778 3085 821 3145 qui
847 3085 887 3130 dit
916 3098 947 3130 en
975 3081 1148 3144 l'employant

139 3145 184 3206 lde
195 3145 268 3208 Leg,
284 3146 303 3203 l,
314 3146 351 3206 16)
365 3160 369 3192 :
381 3166 391 3188 «
404 3147 562 3207 prudentem
576 3149 610 3202 ct,
619 3147 649 3192 ut
661 3143 698 3192 ita
710 3146 806 3204 dicam,
821 3144 1066 3206 calami-Min
1080 3159 1149 3204 pour

139 3205 239 3254 AElius.
254 3208 354 3254 Ennius
366 3222 459 3268 cssaya
473 3208 505 3253 dc
516 3207 581 3254 fixer
589 3208 612 3254 la
624 3207 745 3268 quantite'
754 3208 801 3254 des
811 3207 911 3254 finales
924 3206 994 3254 C'est
1005 3207 1037 3252 de
1048 3205 1085 3252 lui
1096 3219 1148 3266 que

142 3269 217 3315 vient
230 3267 366 3330 l'apocopc
380 3270 426 3314 des
439 3269 530 3315 finales
544 3285 575 3315 cn
593 3284 626 3316 rn.
641 3267 790 3330 L'apocope
803 3269 835 3315 dc
848 3268 877 3315 l's
894 3282 922 3315 se
940 3271 1034 3315 trouve
1052 3281 1149 3314 encore

140 3331 205 3376 chez
225 3330 339 3377 Lucrtce
361 3329 447 3383 (Liure
460 3331 493 3388 V,
512 3332 581 3391 9³ll:
596 3330 749 3377 Arboribus
770 3333 871 3377 veteres
896 3329 1017 3376 decidere
1037 3327 1149 3388 salcibu’

142 3405 242 3439 ramos.
261 3419 290 3426 -
306 3393 552 3462 Respondendo.
572 3392 611 3439 On
633 3394 672 3438 dit
687 3393 856 3453 egolement:
876 3391 1036 3460 respondere
1047 3390 1104 3450 jus,
1121 3393 1150 3438 et

142 3453 304 3514 respondere
318 3453 432 3564 depure.
448 3453 486 3500 Cf.
499 3454 603 3500 Horace
615 3455 682 3516 (Ep,
697 3454 717 3512 I,
732 3453 769 3514 23)
783 3468 787 3500 :
800 3453 848 3500 Seu
861 3453 942 3499 civico
951 3452 1018 3513 jura
1033 3453 1149 3514 Respon-

141 3515 205 3561 dcre
237 3529 306 3562 aras.
319 3541 348 3548 -

143 3529 293 3635 treqdinte.
312 3603 342 3611 -
359 3577 565 3638 comparavi.
584 3577 619 3623 Le
637 3578 743 3623 dcsscin
757 3591 807 3638 que
826 3576 936 3623 Ciceron
955 3577 1003 3623 tait
1016 3577 1150 3638 exprimer

142 3638 177 3684 ici
191 3652 240 3698 par
253 3639 373 3693 Crassus,
388 3639 405 3684 il
417 3637 553 3698 l'exprime
567 3653 634 3700 pour
643 3654 690 3685 son
700 3653 796 3700 propre
807 3641 914 3700 compte
928 3638 968 3697 lde
982 3638 1054 3700 teg,
1069 3638 1089 3696 I,
1101 3638 1124 3698 3)
1141 3652 1148 3686 τ

142 3719 155 3742 a
168 3699 223 3759 Ego
236 3714 298 3745 vero
312 3701 399 3746 aetatis
411 3700 544 3746 vacationi
558 3701 647 3761 potius
663 3700 839 3759 confidebam,
854 3715 913 3747 cum
928 3701 1077 3762 precscrtim
1095 3714 1149 3746 non

142 3775 295 3808 recusarem
317 3762 459 3820 quominus
478 3775 552 3807 more
572 3762 668 3821 patrio,
690 3763 785 3808 sedens
805 3764 830 3808 in
851 3763 927 3816 solio,
945 3761 1149 3808 consulentibus

142 3823 335 3884 responderem
352 3841 372 3868 u.
388 3841 419 3864 =
431 3821 610 3872 Adventat.
625 3823 836 3870 Pressentiment
849 3826 935 3870 secret
947 3825 980 3870 de
995 3824 1019 3870 la
1033 3827 1104 3870 mort
1116 3823 1150 3868 de

567 3947 726 4000 -295-

381 3516 579 3573 elebrandae‚
592 3516 657 3562 daus
670 3517 692 3562 lc
702 3529 762 3562 sens
771 3517 803 3562 de
812 3513 925 3572 celeber,
939 3515 984 3575 qui
997 3517 1062 3561 veut
1074 3515 1148 3562 dire:
