2658 4244
267 166 325 224 79.
341 168 450 223 Lutte
461 166 636 237 herolque
648 169 693 224 de
709 168 994 239 Vercingetorix
1004 171 1131 226 contre
1142 169 1265 228 Cesar.

342 271 456 334 (Quanta
465 271 637 328 dimicatione
651 272 754 320 bellum
765 288 780 319 a
796 272 1016 337 Vercingetorige
1027 275 1133 336 gestum
1145 273 1200 336 sit.)

133 400 135 406 ’
185 393 237 460 ’30
304 403 547 482 Vercingetorix,
561 413 607 463 tot
620 406 776 464 continuis
788 385 991 464 incommodis
1006 405 1266 481 Vellaunoduni·,
1315 399 1316 426 l

264 499 414 574 Genabi',
436 501 630 560 Novioduni*
648 502 793 582 acceptiS,
818 523 889 561 suos
907 502 944 562 ad
966 503 1131 561 concilium
1155 523 1268 562 convo-

261 597 335 656 cat.¹
358 598 456 656 Docet
489 598 611 676 «longe
645 597 701 658 alia
729 599 847 657 ratione
874 619 939 658 esse
963 599 1079 660 bellum
1099 600 1268 677 gerendum
1316 671 1317 676 ἵ

263 702 356 774 atque
385 703 475 754 antea
501 695 541 754 sit
565 702 712 774 gestum:
738 695 881 754 omnibus
903 697 1001 755 modis
1019 695 1092 756 huic
1120 697 1183 755 rei*
1205 705 1268 755 stu-

239 805 242 814 *
261 791 409 864 dendum,
429 800 464 850 ut
481 792 679 871 pabulatione
697 801 728 852 et
745 801 919 852 commeatu
937 793 1067 852 Romani
1085 794 1269 874 prohibean-

262 895 323 946 tur.
344 888 378 946 ld
397 909 462 947 esse
480 889 578 962 facile,
599 890 682 970 quod
700 891 841 969 equitatu
862 890 919 969 ipsi
938 889 1108 964 abundent,
1134 898 1165 949 et
1184 890 1267 970 quod

262 985 332 1043 anni
358 988 517 1065 tempore*
540 986 756 1060 subleventur;
781 987 927 1065 pabulum
947 987 1041 1046 secari
1069 1007 1132 1046 non
1150 1005 1266 1066 posse:
1317 1024 1318 1047 r

261 1084 432 1142 necessario
463 1083 617 1163 dispersos
651 1083 753 1142 hostes
778 1105 815 1142 ex
845 1084 1002 1143 aedificiis*
1031 1087 1174 1164 petere*;
1210 1085 1267 1143 hos

261 1200 368 1238 omnes
387 1180 525 1260 quotidie
539 1181 576 1240 ab
601 1181 756 1260 equitibus
774 1181 868 1239 deleri
886 1202 986 1261 posse.
1005 1181 1166 1253 Praeterea,
1185 1181 1269 1240 salu-

261 1275 299 1334 tis
332 1296 433 1347 causa,
465 1278 508 1336 rei
535 1277 692 1337 familiaris
723 1278 883 1337 commoda
914 1277 1133 1356 neglegenda*;
1166 1277 1268 1336 vicos*

259 1373 352 1453 atque
366 1374 494 1458 aedificia
510 1373 633 1434 incendi
648 1383 801 1453 oportere.
817 1374 975 1434 Romanos
989 1383 1042 1433 aut
1057 1375 1191 1454 inopiam
1205 1395 1268 1432 non
1318 1392 1319 1410 ³

261 1469 386 1543 laturos,
424 1478 477 1530 aut
514 1493 625 1549 magno
658 1493 727 1530 cum
760 1472 898 1551 periculo
934 1471 1056 1549 longius
1094 1471 1131 1530 ab
1160 1471 1268 1530 castris

260 1587 457 1646 pocessuros;
486 1589 585 1648 neque
608 1569 756 1628 interesse
784 1569 907 1647 ipsosne
931 1568 1119 1628 interficiant
1138 1567 1268 1647 impedi·

260 1664 411 1723 mentisne
422 1665 434 1687 *
450 1673 575 1738 exuant,
595 1665 707 1745 quibus
718 1666 855 1724 amissis*
869 1665 982 1725 bellum
997 1664 1061 1743 geri
1077 1685 1139 1724 non
1156 1665 1266 1744 possit.

261 1762 412 1820 Praeterea
426 1762 541 1840 oppida
559 1763 683 1821 incendi
703 1759 857 1841 oportere,
883 1783 951 1842 quac
968 1782 1031 1822 non
1046 1762 1221 1820 munitione
1237 1768 1270 1820 et
1319 1771 1320 1782 ¹

260 1858 318 1917 loci
336 1867 446 1918 natura
463 1859 500 1917 ab
518 1859 601 1918 omni
619 1859 681 1918 sint
696 1859 833 1938 periculo
847 1866 925 1918 tuta.
946 1860 1020 1918 Haec
1038 1859 1062 1916 si
1087 1858 1193 1936 gravia
1212 1865 1269 1917 aut

258 1956 367 2015 acerba
389 1955 563 2026 videantur,
587 1956 685 2014 multo
706 1955 757 2015 illa
781 1955 927 2033 gravius*
948 1955 1125 2016 aestimare*
1138 1955 1264 2030 liberos

259 2053 406 2133 conjuges
430 2053 462 2110 in
486 2053 668 2112 servitutem
687 2053 834 2125 abstrahi,
864 2053 945 2130 ipsos
963 2053 1112 2125 interlici;
1136 2052 1263 2130 quaesit

259 2170 382 2209 necesse
398 2150 535 2209 accidere
552 2150 642 2209 victis
653 2151 665 2176 *
675 2175 702 2208 u.
718 2149 864 2207 Omnium
879 2169 1031 2208 consensu
1041 2149 1097 2207 hac
1110 2148 1264 2206 sententia

243 2263 246 2269 ·
259 2247 396 2325 probata,
410 2246 527 2305 unodie
536 2247 667 2325 amplius
678 2247 734 2304 XX
744 2247 851 2304 urbes*
862 2244 1264 2323 Biturigumincenduntur.

260 2345 327 2403 Hoc
342 2344 422 2402 idem
441 2344 476 2400 fit
493 2344 524 2401 in
543 2344 668 2423 reliquis
683 2343 892 2402 civitatibus*.

258 2508 340 2541 cerre.
357 2520 384 2528 -
402 2491 487 2542 Huic
502 2491 559 2551 rei,
574 2491 697 2553 explique
710 2506 759 2552 par
772 2492 801 2538 ui
812 2489 1022 2554 prohibeantur.
1038 2517 1068 2526 -
1081 2489 1168 2540 Anni
1182 2491 1267 2539 tem-

258 2568 336 2617 pore
350 2569 356 2603 ε
371 2569 405 2602 on
418 2554 484 2602 etait
497 2555 512 2601 e
524 2555 550 2601 la
562 2554 598 2600 lm
611 2555 644 2600 de
661 2552 763 2602 l'hiver.
778 2579 806 2588 -
819 2552 988 2611 AEdiflciio,
1001 2552 1119 2600 maisons
1133 2549 1266 2599 d'habita-

260 2617 314 2664 tion
323 2631 361 2664 ou
374 2618 470 2664 termes
480 2616 576 2663 isolees
587 2618 614 2664 et
624 2613 784 2663 d'ordinaire
794 2614 935 2663 entourees
946 2615 978 2662 de
989 2614 1057 2661 bois.
1068 2641 1099 2649 -
1107 2613 1267 2663 Necessa-

258 2678 307 2728 rio
346 2679 436 2726 etere
453 2696 485 2719 =
500 2680 592 2739 petere
609 2676 714 2734 debere,
732 2677 925 2724 sous—entendu
939 2675 1082 2738 pabulum.
1100 2701 1130 2710 -
1146 2675 1264 2736 Negle-

258 2691 374 2802 genga.
389 2739 428 2786 Cf.
444 2739 558 2786 Pericles
577 2737 740 2786 s’adressant
763 2753 816 2785 aux
838 2738 986 2786 Atheniens
1008 2735 1266 2798 qu'avaitdecoura-

258 2802 304 2863 ges
327 2802 351 2848 le
374 2815 471 2861 ravage
490 2802 523 2847 de
543 2801 613 2847 leurs
633 2814 792 2861 campagnes
808 2801 928 2861 pendant
941 2799 966 2846 la
978 2813 1071 2860 guerre
1084 2799 1120 2846 du
1135 2797 1266 2860 Pelopon-

258 2864 320 2910 nese
334 2862 475 2933 (Thucyd,
489 2862 522 2920 ll,
533 2862 622 2924 60-64).
636 2888 666 2896 —
678 2861 789 2922 Vicus,
799 2861 895 2921 village
907 2859 998 2908 habite
1011 2875 1059 2922 par
1071 2875 1106 2906 un
1119 2860 1187 2918 ohel,
1199 2874 1267 2906 avec

257 2925 387 3035 puelques
405 2939 521 2971 maisons
536 2929 633 2972 eutour
651 2937 776 2971 :comme
793 2923 832 2970 les
849 2923 980 2970 chateaux
996 2923 1031 2968 du
1049 2935 1093 2968 mo
1114 2924 1219 2991 en-ege.
1236 2947 1266 2954 —-

274 2999 401 3046 psosne,
411 2985 694 3056 impedimentisne
709 2999 715 3032 :
730 2999 762 3031 ne
774 2983 865 3092 repete
874 2984 1013 3042 =utrnm,
1024 2998 1067 3030 an.
1105 2983 1186 3053 mplor
1199 2982 1266 3052 poe-

259 3049 342 3109 tique.
374 3049 423 3094 Les
447 3052 628 3155 ppoposrticns
652 3047 769 3093 forment
790 3060 861 3093 nors
879 3047 975 3093 autaut
998 3045 1031 3092 de
1051 3047 1191 3106 questions
1212 3045 1266 3090 dis·

259 3111 365 3157 tinctes.
385 3110 434 3156 Les
477 3110 579 3156 omains
601 3109 730 3169 perdront
754 3108 825 3155 leurs
855 3107 968 3169 bagagcs
992 3105 1213 3180 (impedimentis)
1237 3106 1264 3173 Ιξί

259 3172 329 3219 leurs
348 3171 425 3218 betes
444 3175 567 3217 meurent
583 3171 616 3217 de
638 3171 710 3217 iaim.
735 3196 763 3205 -
787 3169 911 3231 Quibus
935 3169 1069 3217 amussis
1092 3185 1124 3210 =
1147 3181 1209 3213 cum
1233 3180 1266 3213 us

260 3232 406 3281 amissis...
430 3260 461 3267 -
479 3231 624 3283 Gravius
645 3248 651 3280 z
669 3247 703 3278 on
726 3232 859 3278 attendait
876 3229 1012 3292 praviora.
1028 3256 1059 3265 -
1076 3227 1264 3284 AEstimare,

259 3295 452 3342 sousentendu
478 3309 513 3341 se.
538 3320 570 3329 -
591 3293 699 3343 Victis
721 3311 752 3335 =
779 3292 804 3339 si
828 3291 891 3340 uicti
913 3291 976 3339 sint.
992 3291 1028 3339 Ce
1051 3291 1174 3338 discours
1197 3304 1266 3336 nous

258 3355 347 3403 revele
370 3357 385 3403 e
409 3356 433 3402 la
456 3356 507 3402 lois
525 3356 549 3401 le
569 3355 643 3415 genie
670 3355 703 3401 de
728 3353 932 3414 Vercingetorix
955 3357 983 3401 et
1003 3353 1029 3401 le
1052 3356 1139 3400 secret
1160 3353 1194 3398 dc
1217 3366 1266 3398 son

258 3417 397 3465 iniluence.
414 3417 486 3475 Seul,
506 3417 591 3478 parmi
612 3417 650 3463 les
670 3416 744 3463 eheis
762 3416 873 3477 gaulcis,
887 3414 935 3463 ile
954 3415 1070 3476 compris
1114 3411 1159 3460 u'il
1180 3414 1267 3461 iallait

257 3493 388 3527 renoncer
411 3479 425 3525 al
449 3493 500 3525 une
524 3493 616 3540 guerre
648 3477 821 3539 methodique
844 3492 876 3524 en
895 3475 1022 3538 presence
1044 3476 1091 3522 des
1122 3474 1217 3536 egions
1238 3477 1266 3521 et

258 3543 291 3588 de
306 3542 331 3588 la
345 3541 463 3601 tectique
476 3541 616 3587 romaines.
630 3539 692 3586 Seul
706 3540 724 3585 il
735 3554 749 3586 a
761 3539 806 3586 ose
819 3540 876 3585 dire
889 3553 940 3599 que
952 3538 977 3585 le
994 3537 1113 3586 sacrifice
1130 3538 1178 3584 des
1195 3535 1266 3584 inte-

258 3605 312 3651 rets
325 3602 493 3665 particuliers
506 3604 520 3648 e
531 3601 647 3648 l‘interet
660 3615 785 3647 commun
798 3601 864 3648 etait
875 3615 928 3647 non
940 3600 1088 3648 seulement
1098 3613 1149 3645 une
1163 3599 1265 3646 chance

258 3668 380 3727 supreme
393 3666 425 3712 de
443 3665 523 3721 salut,
541 3664 607 3710 mais
627 3677 722 3709 encore
739 3678 773 3708 nn
792 3663 893 3710 devoir.
908 3689 939 3698 -
951 3662 1069 3717 Urbes,
1087 3659 1219 3722 equivaut
1231 3658 1266 3706 ici

259 3728 273 3774 e
292 3726 398 3788 oppida.
421 3753 447 3760 —
468 3723 680 3782 Civitatibus,
699 3723 836 3771 habitants
858 3721 921 3770 d'un
940 3724 1026 3771 meme
1047 3737 1124 3784 pave,
1145 3736 1213 3769 avec
1229 3721 1268 3767 les

259 3790 358 3836 memes
375 3788 424 3835 lois
437 3791 464 3835 et
478 3787 503 3834 la
514 3788 599 3833 meme
611 3785 801 3847 organisation.

684 3911 845 3978 -ac-'
