2730 4234
153 163 238 222 338.
258 161 486 218 Poteris-vin
500 159 670 230 preleve's
683 173 754 230 par
767 175 816 217 un
830 159 982 230 preteur
997 157 1151 251 romain.

323 283 370 348 (De
381 283 533 332 corollariis
543 299 566 332 ¹a
573 285 699 347 praetore
713 297 822 332 romano
842 281 983 346 deductis.)

192 474 239 537 Ex
257 478 341 537 omni
369 478 498 558 pecunia
524 499 617 558 quam
642 477 816 537 aratoribus
842 477 960 536 solvere
984 472 1117 533 debuisti
1127 473 1151 546 ⁴¹,
1179 470 1220 532 3⁰

153 575 266 634 certis*
281 575 458 634 nominibus
473 575 672 634 deductiones
688 575 752 633 fieri
769 575 926 633 solebant:
944 572 1076 652 primum
1096 591 1153 650 pro

154 673 364 751 spectatione*
377 681 406 731 et
422 673 580 751 collybo*;
604 672 714 732 deinde
738 692 794 751 pro
810 671 912 730 nescio
928 690 988 750 quo
1002 667 1150 728 cerario*.

154 769 229 827 Haec
258 769 372 841 omnia,
402 769 535 848 judices,
573 790 634 827 non
661 789 762 828 rerum
787 767 970 839 certarum*,
1007 765 1060 824 sed
1088 765 1153 823 lur-

152 863 256 924 iorum
267 865 564 946 improbissimorum
582 873 654 924 sunt
668 866 828 925 vocabula.
847 867 924 924 Nam
937 863 1075 942 collybus
1086 880 1152 919 esse

152 961 206 1040 qui
232 970 344 1042 potest,
370 984 440 1022 cum
459 971 585 1022 utantur
607 984 712 1021 omnes
727 983 787 1021 uno
809 982 919 1040 genere
935 961 1153 1018 nummorum?

153 1057 312 1118 Cerasium
339 1081 412 1118 vero
436 1059 535 1140 quid?
565 1060 719 1139 quomodo
746 1060 804 1118 hoc
829 1079 941 1116 nomen
966 1057 1002 1115 ad
1018 1055 1153 1114 rationes

117 1203 119 1208 .
152 1154 359 1233 magistratus
372 1157 527 1236 quomodo
541 1156 579 1215 ad
594 1157 755 1236 pecuniam
774 1155 929 1235 publicam
943 1153 1068 1212 allatum
1085 1153 1153 1210 est?

153 1251 230 1310 Nam
258 1251 333 1312 illud
357 1274 453 1330 genus
476 1253 622 1312 tertium*
657 1253 851 1312 deductionis
879 1258 945 1310 erat
963 1248 1114 1330 ejusmodi
1127 1247 1151 1321 *,

146 1335 243 1427 'quasi
266 1371 328 1408 non
352 1351 443 1409 modo
471 1351 587 1422 liceret,
614 1349 773 1409 sedetiam
796 1355 967 1429 oporteret,
982 1368 1038 1406 nec
1053 1345 1152 1404 solum

153 1453 321 1524 oporteret,
337 1446 389 1506 sed
405 1447 495 1527 plane
508 1468 631 1506 necesse
646 1454 735 1508 esset.
751 1446 883 1506 Scriba*
899 1445 1024 1504 nomine
1039 1443 1076 1501 de
1089 1448 1152 1500 tota

152 1541 282 1621 pecunia
302 1543 381 1602 binae
405 1545 697 1624 quinquagesimae*
718 1543 967 1602 detrahebantur.
992 1539 1066 1606 Quis
1095 1537 1152 1596 tibi

156 1638 216 1697 hoc
238 1641 411 1700 concessit?
435 1662 504 1720 quae
530 1641 601 1699 lex‘l
624 1662 693 1721 quae
715 1648 840 1698 senatus
868 1639 1057 1698 auctoritas?
1083 1656 1152 1717 quae

153 1755 247 1814 porro
262 1737 402 1815 aequitas,
429 1743 463 1797 ut
479 1744 595 1796 tantam
613 1738 775 1816 pecuniam
800 1736 898 1795 scriba
918 1745 990 1794 tuus
1005 1733 1149 1805 auferret,

152 1830 217 1890 sive
228 1831 265 1890 de
274 1840 428 1892 aratorum
442 1834 540 1905 bonis,
556 1834 620 1891 sive
629 1834 666 1892 de
678 1832 782 1914 populi
798 1833 916 1892 romani
928 1829 1152 1909 vectigalibus?

154 1927 233 1986 Nam
254 1929 280 1988 si
304 1936 406 2010 potest
420 1931 477 1988 ista
493 1931 621 2010 pecunia
644 1931 708 1989 sine
724 1938 878 1989 aratorum
894 1929 1005 2009 injuria
1020 1926 1150 2001 detrahi,

153 2024 287 2104 populus
304 2047 449 2085 romanus
464 2027 584 2098 habeat,
601 2029 770 2106 praesertim
780 2027 812 2085 in
822 2027 916 2086 tantis
929 2025 1027 2085 aerarii
1040 2044 1153 2100 angus-

155 2121 230 2182 tiis:
256 2122 303 2181 sin
318 2132 421 2182 autem
447 2131 478 2182 et
492 2124 624 2204 populus
646 2124 676 2182 id
694 2125 802 2196 voluit,
829 2131 860 2183 et
889 2143 1010 2202 aequum
1025 2122 1069 2180 ita
1095 2128 1152 2192 est,

153 2219 232 2276 solvi
248 2221 431 2292 aratoribus,
453 2228 525 2279 tuus
551 2221 716 2300 apparitor,
745 2242 840 2300 parva
860 2220 1000 2279 mercede
1026 2216 1153 2298 populi*

153 2316 337 2396 conductus,
353 2317 390 2375 de
408 2326 561 2376 aratorum
573 2318 661 2376 bonis
678 2317 885 2396 praedabitur?
901 2317 987 2396 quasi
1003 2336 1075 2374 vero
1095 2315 1155 2372 hoc

156 2412 264 2470 scribis
283 2413 345 2472 ullo
363 2414 502 2493 exemplo
518 2415 556 2472 sit
568 2422 621 2473 aut
636 2414 698 2473 ullo
715 2415 783 2493 jure
799 2435 989 2473 concessum.
1060 2467 1062 2472 ,

185 2589 226 2636 N⁰
245 2588 311 2639 338
330 2604 335 2636 ε
361 2588 519 2640 Debuisti.
538 2589 649 2638 Ciceron
669 2590 798 2639 s'adresse
822 2591 837 2638 d
857 2591 964 2638 Verres.
986 2592 1006 2637 11
1030 2589 1105 2652 s'agit
1118 2592 1155 2639 du

152 2649 323 2711 frumentum
336 2652 462 2713 emptum.
477 2652 498 2698 Il
516 2667 535 2714 y
554 2653 626 2699 avait
638 2653 707 2699 deux
720 2656 805 2700 sortes
818 2655 851 2700 de
867 2651 911 2699 ble
923 2651 1014 2700 achate
1033 2654 1077 2700 :la
1093 2668 1155 2714 pre-

152 2711 236 2758 miere
247 2711 312 2759 e'tait
321 2727 424 2760 comme
437 2729 488 2760 une
502 2715 617 2760 seconde
630 2714 709 2775 dime,
723 2728 774 2775 que
787 2716 825 2762 166
840 2714 907 2762 cite's
918 2715 950 2761 de
963 2714 1041 2761 Sicile
1054 2715 1155 2762 etaient

152 2773 257 2820 sorcees
278 2774 310 2820 de
330 2776 428 2821 vendre
442 2775 698 2822 tl'administration
718 2777 845 2835 romaine,
868 2791 902 2824 au
920 2778 980 2838 prix
999 2775 1049 2822 fixc'
1062 2791 1111 2838 par
1129 2777 1154 2824 le

152 2835 252 2893 senet,
265 2835 290 2882 16
303 2837 418 2882 seconde
429 2836 495 2883 etait
508 2851 559 2883 une
572 2840 633 2884 taxe
654 2838 777 2885 annuelle
790 2839 823 2885 de
844 2839 903 2886 huit
920 2842 982 2885 cent
1001 2839 1072 2884 mille
1085 2838 1155 2884 bois·

153 2911 244 2954 66661,
257 2897 322 2944 dont
335 2899 358 2945 le
372 2899 431 2958 prix
444 2898 518 2957 etait,
531 2899 565 2944 lui
579 2899 660 2957 aussi,
675 2898 779 2960 fixe'par
789 2901 812 2946 le
826 2899 914 2947 Senat.
929 2900 1026 2946 Verres
1036 2914 1050 2946 a
1060 2898 1154 2946 re'alise

152 2959 221 3004 dans
236 2972 280 3004 ces
293 2959 385 3006 achats
409 2960 456 3006 des
479 2959 611 3006 be'ncfices
624 2961 792 3008 scandaleux.
810 2989 839 2996 —
853 2961 966 3021 Certis,
989 2961 1153 3008 c'est-e-dire

152 3019 290 3080 spectatio,
307 3020 440 3082 collybus,
454 3020 597 3068 cerarium.
619 3049 650 3056 -
672 3021 890 3082 spectatione,
904 3024 976 3070 droit
992 3038 1072 3083 percu
1086 3037 1156 3083 pour

152 3082 179 3127 la
197 3081 362 3129 verification
376 3083 409 3129 de
432 3084 456 3130 16
479 3083 610 3130 monnaie.
632 3109 659 3118 -
681 3082 824 3144 collybo,
842 3087 914 3132 droit
935 3100 1016 3146 percu
1039 3099 1108 3146 pour
1129 3084 1154 3131 le

152 3142 265 3203 change.-
279 3169 308 3178 —
325 3143 467 3201 Gerario,
486 3145 557 3191 droit
570 3159 650 3205 percu
664 3160 732 3206 pour
744 3147 768 3192 la
786 3147 924 3208 quittance
937 3147 979 3208 (de
992 3161 1060 3204 cera,
1079 3145 1153 3194 cire:

153 3205 209 3251 soit
219 3216 287 3264 pour
299 3203 337 3252 les
349 3220 425 3262 recus
438 3207 485 3252 des
503 3205 633 3265 Siciliens,
648 3207 700 3252 soit
717 3222 785 3267 pour
797 3209 835 3254 les
848 3208 972 3269 registrcs
990 3209 1022 3254 de
1035 3206 1153 3268 Verres).
1248 3226 1249 3230 ¹

154 3291 184 3300 —
203 3264 383 3327 (tertarum,
401 3266 482 3314 fixees
505 3282 553 3328 par
571 3268 596 3314 la
613 3268 656 3314 161.
682 3294 711 3301 -
733 3269 888 3328 Tertium,
911 3271 935 3316 le
959 3269 1101 3317 cerarium.
1123 3294 1156 3304 —

153 3324 333 3388 Ejusmodi,
353 3329 462 3404 indique
479 3329 504 3376 la
523 3329 600 3385 lacon
613 3330 679 3375 dont
697 3330 715 3375 11
732 3330 798 3379 61611
813 3346 903 3392 percu.
922 3358 951 3366 -
970 3330 1115 3380 Scrihae.
1132 3330 1155 3378 Il

153 3386 231 3448 s'agit
244 3389 290 3435 des
303 3391 439 3450 empioycs
453 3390 627 3451 (secretaires,
641 3393 815 3452 comptubles,
830 3393 956 3454 copistes)
971 3393 1092 3438 attaches
1103 3406 1156 3438 aux

153 3450 275 3496 bureaux
285 3450 332 3496 des
344 3455 492 3512 questenrs,
506 3452 553 3498 des
564 3453 695 3512 preteurs,
705 3454 752 3500 dcs
764 3469 945 3514 gouverneurs
956 3455 988 3502 dc
1002 3455 1155 3514 provinces,
1248 3453 1251 3480 ²

153 3514 182 3557 et
198 3511 246 3556 des
263 3513 416 3573 magistrats
433 3513 610 3586 municipaux.
632 3514 672 3561 On
690 3514 728 3562 les
750 3517 867 3576 appelait
885 3517 956 3562 aussi
976 3515 1154 3577 apparitores,

153 3599 183 3606 —
199 3571 302 3622 Binae
320 3573 623 3635 quinquagesimae,
634 3573 699 3622 c'est
715 3576 739 3623 le
752 3577 817 3624 boni
834 3579 867 3624 de
885 3582 897 3623 4
911 3593 979 3638 pour
992 3582 1035 3622 100
1050 3592 1117 3638 pour
1128 3577 1157 3624 le:

152 3634 256 3691 scribc3
270 3649 331 3681 sans
342 3638 463 3697 comptor
474 3651 507 3681 un
519 3639 594 3682 autre
605 3636 668 3683 boni
682 3638 714 3684 (16
725 3643 738 3684 6
750 3653 818 3699 pour
826 3643 871 3685 100
879 3654 946 3700 pour
954 3641 978 3686 la
991 3639 1152 3699 Compagnie

153 3695 286 3752 fermiere,
300 3697 366 3743 dont
378 3696 489 3743 Ciceron
507 3712 539 3743 ne
555 3698 628 3758 parle
647 3713 695 3758 pas
711 3700 745 3746 ici
763 3699 828 3762 (tres
845 3700 1104 3764 quinquagesimae).
1124 3725 1153 3734 —
1215 3737 1217 3744 i

151 3758 308 3806 Mercede
319 3757 430 3820 populi
444 3779 470 3800 =
483 3759 602 3806 mercede
605 3759 728 3822 publica.

604 3920 762 3974 -3l1..
