2658 4244
147 105 148 108 ¹
229 147 289 204 48.
309 148 503 222 Eutrettcn
516 101 559 202 de
574 145 718 214 Scipion
733 145 770 201 et
783 123 1015 199 d'Hauntbal‘

450 236 538 292 chen
552 234 764 291 Antiochus.

275 303 286 328 ι

199 364 343 429 (Scipionis
352 364 565 428 Hannibalisque
575 341 646 428 apuli
656 363 819 412 Antiochum
831 359 1017 424 colloquium.)

106 480 109 482 .
150 497 249 557 Graeci
281 496 370 555 libri*
401 497 434 558 P.
463 497 639 577 Scipionem
667 497 846 554 Africanum
884 494 914 552 in
957 493 1108 569 legatione

111 593 146 652 ad
166 595 354 653 Antiochum
370 594 464 653 luisse
485 593 622 666 tradunt,
641 614 772 672 eumque
791 591 901 672 Ephesi
921 590 1108 649 collocutum

111 709 178 749 cum
208 691 391 756 Hannibale.
424 691 463 751 Et
486 711 658 750 sermonem
687 710 782 750 uuum
814 691 906 746 etiam
930 687 1074 745 referunt¹
1099 703 1106 744 :

82 836 87 849 .
111 788 259 866 quaerenti
278 770 435 860 Africano,
454 813 468 843 a
485 809 576 868 quem
598 789 690 847 fuisse
709 788 876 846 maximum
892 785 1109 863 imperatorem

110 883 265 942 Hannibal
281 885 441 944 crederet?
457 910 483 957 u,
506 885 720 966 respondisse*
736 909 750 938 «
762 882 982 950 Alexandrum,
1008 880 1110 938 Mace-

108 979 223 1039 donum
244 1001 358 1058 regem,
379 982 461 1061 quod
480 1002 574 1061 parva
593 1002 685 1040 mauu
701 978 939 1040 innumerabiles
957 977 1109 1036 exercitus

109 1077 250 1151 fudisset,
276 1078 420 1158 quodque
440 1079 674 1149 ultimasorasss
696 1099 771 1158 quas
794 1077 898 1135 videre
911 1096 1002 1154 supra
1024 1094 1109 1153 spem

92 1173 273 1233 humanam
293 1183 383 1245 essct,
409 1183 599 1254 peragrasset
613 1199 639 1234 u„
663 1175 818 1242 Quaerenti
847 1172 957 1232 deinde
982 1195 996 1226 «
1017 1191 1109 1250 quem

1122 467 1221 528 4,.

107 1270 281 1357 secundum¹
300 1274 448 1350 poneret?
473 1297 499 1345 u,
532 1297 546 1327 «
577 1272 777 1351 Pyrrhum»
807 1269 936 1342 dixisse;
966 1293 980 1323 «
1010 1277 1109 1326 castra
1157 1271 1159 1276 ’

106 1367 215 1426 metari
247 1368 401 1447 primum*
431 1369 587 1442 docuisse;
613 1369 741 1442 adhoc,
765 1369 919 1426 neminem
939 1365 1132 1444 elegantius·

107 1463 172 1523 loca
188 1459 317 1543 cepisse,
333 1465 475 1544 praesidia
490 1466 692 1546 disposuisse;
706 1474 801 1524 artem
813 1465 905 1522 etiam
925 1462 1109 1521 conciliandi
1142 1533 1144 1537 ι

107 1560 163 1619 sibi
180 1556 321 1620 homines
334 1583 400 1620 eam
416 1561 558 1622 habuisse
576 1565 630 1621 ut*
650 1562 763 1621 Italicae
778 1567 885 1640 gentes
900 1561 979 1638 regis
991 1558 1108 1617 externi

106 1679 198 1737 quam
212 1658 318 1738 populi
337 1659 480 1728 Romani,
502 1659 620 1718 tamdiu
636 1659 785 1739 principis
800 1659 831 1716 in
845 1679 878 1716 ea
891 1658 999 1728 terra*,
1014 1660 1109 1736 impe·

106 1755 185 1813 rium
197 1775 263 1814 esse
274 1756 411 1816 mallent.
436 1781 449 1810 u
461 1755 667 1836 Exsequenti*
679 1779 693 1810 «
705 1771 794 1836 quem
805 1756 929 1814 tertium
938 1754 1082 1812 duceret?
1092 1776 1107 1807 u

105 1850 187 1910 haud
205 1851 299 1910 dubie
324 1875 338 1906 «
360 1853 590 1931 semetipsum»
613 1852 738 1911 dixisse,
758 1854 834 1910 Tum
855 1853 949 1910 risum
966 1851 1108 1909 obortum

104 1948 255 2027 Scipioni,
270 1955 301 2006 et
326 1948 493 2028 subjecisse
512 1967 518 2008 :
538 1973 552 2003 «
569 1949 714 2028 quidnam
727 1956 758 2008 tu
775 1948 905 2018 diceres,
920 1949 944 2006 si
958 1968 1005 2005 rue
1020 1947 1110 2005 vicis-

105 2047 194 2103 ses‘l»
234 2045 351 2103 «Tum
378 2066 426 2105 me
461 2047 564 2117 verc*,
595 2046 706 2125 iuquit,
735 2052 854 2118 etanta
886 2044 1107 2117 Alexandrum,

106 2149 136 2198 et
172 2149 243 2199 ante
279 2121 443 2220 Pyrrhum,
484 2149 514 2205 et
544 2150 614 2201 aute
654 2163 761 2200 omnes
796 2143 872 2200 alios
910 2142 1109 2221 imperatores

106 2257 170 2296 esse
185 2262 212 2295 ».
239 2238 279 2295 Et
300 2237 480 2318 perplexum
505 2239 623 2298 Punico
645 2246 714 2297 astu
736 2259 917 2318 responsum
940 2246 971 2298 et
997 2230 1110 2318 impro-

105 2334 206 2392 visum
234 2335 452 2394 assentationis
478 2357 574 2414 genus
601 2336 776 2415 Sm'pionem
806 2337 966 2407 movisse*,
987 2335 1068 2415 quod
1094 2355 1110 2394 e

107 2451 200 2510 grege
213 2431 266 2489 se*
290 2431 522 2511 imperatorum,
543 2432 627 2514 velut
637 2432 892 2504 inaestimabilem,
917 2431 1108 2492 secrevisset,

135 2561 176 2612 Νο
192 2561 238 2612 48
253 2576 259 2608 z
272 2560 375 2612 Libri.
390 2562 411 2609 ll
424 2563 502 2624 s'agit
519 2563 552 2611 de
572 2561 721 2611 l'annaliste
743 2565 844 2611 romain
858 2565 959 2611 Acilius
973 2564 1017 2626 qui
1039 2565 1111 2612 avait

105 2623 172 2671 derit
189 2638 222 2671 en
233 2638 295 2684 grec
309 2638 361 2671 une
375 2623 494 2672 Histoire
506 2626 633 2684 romaine,
651 2627 767 2674 traduite
787 2641 835 2687 par
854 2626 979 2673 Claudius
998 2625 1111 2680 Quadri-

105 2686 204 2748 garius,
226 2699 261 2732 au
278 2694 307 2731 1⁶³
326 2685 406 2733 siecle
426 2690 508 2734 avant
529 2686 595 2735 J.·C.
618 2714 647 2722 -
667 2687 897 2748 Respondisse,
920 2688 1110 2734 sous-entendu
1134 2737 1138 2747 ¹

106 2746 296 2795 Hannibalem.
312 2773 341 2782 -
356 2746 499 2798 Ultimas
512 2760 597 2808 oras,
617 2763 720 2796 comme
740 2763 806 2796 nous
824 2749 925 2796 dirions
944 2749 968 2797 lc
987 2750 1054 2797 bout
1076 2750 1111 2796 du

105 2809 214 2855 monde.
229 2835 259 2844 -
271 2808 436 2870 Pyrrhum
457 2825 463 2857 :
486 2809 580 2871 appele
597 2825 629 2857 en
643 2810 717 2857 Italic
730 2825 778 2872 par
794 2811 832 2858 les
846 2811 986 2858 Tarentins
1000 2811 1053 2873 (280
1065 2825 1109 2858 av.

105 2870 119 2916 J
123 2869 196 2976 .·Cip,
211 2869 332 2930 Pyrrhus
345 2869 427 2919 battit
436 2871 474 2918 les
482 2870 584 2918 armdes
596 2872 727 2920 romaines
739 2873 753 2918 a
768 2872 894 2920 Hdraclde
908 2876 935 2920 et
947 2873 962 2918 i
973 2873 1110 2930 Asculum,

105 2935 132 2978 et
151 2946 167 2978 a
189 2931 296 2978 ranchit
314 2931 353 2978 les
372 2932 449 2979 villes
468 2934 501 2980 de
519 2933 596 2980 Sicile
616 2934 649 2979 de
669 2933 693 2980 la
715 2934 880 2980 domination
902 2935 1110 2995 carthaginoise3

105 2993 124 3038 il
136 2993 177 3040 tut
197 2992 302 3040 ensuite
322 2993 401 3040 battu
420 2995 516 3054 parles
529 2994 655 3041 Romulus
671 2995 685 3041 a
703 2993 847 3042 Bdndvcnt.
862 3023 890 3030 —
901 2996 1053 3049 Primum.
1068 2998 1111 3043 Au

105 3052 162 3101 dire
176 3055 210 3100 de
224 3055 377 3115 Plutarque,
392 3054 412 3102 P
433 3056 509 3102 rrhus
527 3056 651 3102 admirait
665 3071 697 3102 au
715 3058 847 3104 contraire
860 3057 885 3104 la
898 3053 1057 3119 disposilion
1075 3058 1111 3105 du

106 3128 184 3177 camp
206 3117 319 3163 romain.
340 3141 370 3150 -
420 3118 442 3173 t,
462 3117 566 3178 depend
579 3118 612 3164 de
635 3132 701 3164 earn.
722 3145 751 3152 —
772 3119 820 3168 Ea
838 3121 940 3175 terra,
961 3119 1062 3166 l'ltalie.
1081 3144 1111 3154 -

105 3175 313 3238 Exsequenti
324 3195 355 3220 =
368 3176 556 3241 interroganti.
570 3206 599 3213 -
609 3180 662 3234 Me
676 3181 972 3238 vero,sous-entendu,
985 3180 1109 3229 dicerem.

104 3263 135 3272 -·
147 3238 305 3294 Movisse,
319 3237 424 3300 ddpend
440 3240 472 3287 de
486 3240 616 3300 referunt.
632 3241 671 3288 On
687 3245 751 3302 peut
769 3242 827 3288 voir
839 3243 862 3288 le
876 3244 960 3288 meme
978 3243 1109 3289 entretien

105 3299 173 3346 dans
207 3300 246 3346 les
270 3297 417 3363 Dialogues
433 3301 478 3348 des
507 3303 590 3349 morto
618 3303 651 3348 de
676 3303 783 3352 Lucien.
807 3303 957 3358 Tite-Line,
981 3305 1015 3350 du
1030 3308 1108 3365 reste,

104 3359 236 3408 u'at'iirnrc
253 3361 319 3408 rien.
334 3380 345 3402 u
367 3361 387 3407 ll
408 3361 465 3409 faut
483 3368 606 3413 raconter
627 3379 671 3410 ces
693 3365 796 3422 choses,
815 3366 955 3442 puisqu'on
969 3365 1006 3412 les
1019 3365 1109 3427 re'pdte

105 3426 231 3484 partout;
249 3423 367 3469 maison
387 3421 455 3471 u'est
467 3439 515 3484 pas
537 3428 600 3472 tenu
617 3424 661 3487 d'y
679 3427 772 3473 croire.
796 3427 866 3474 Cest
885 3442 920 3473 un
938 3428 970 3473 de
993 3442 1037 3474 ces
1057 3428 1110 3474 dia-

105 3487 198 3544 logues
220 3482 300 3545 qu'on
322 3483 411 3546 redige
438 3486 503 3532 dans
531 3487 570 3533 les
600 3487 688 3534 eccles
710 3488 742 3534 de
770 3488 900 3536 rheteurs.
927 3489 1061 3536 Hannibal
1083 3492 1111 3536 ct

104 3543 224 3606 Scipion·
241 3559 269 3592 se
286 3548 444 3594 retrouvant
465 3548 541 3609 aprds
560 3548 605 3594 dix
626 3563 673 3594 ans
698 3549 756 3595 eta
778 3549 802 3596 la
820 3550 897 3596 veille
917 3549 994 3596 d'une
1011 3552 1110 3611 grande

103 3620 200 3664 guerre
210 3607 332 3654 auraient
344 3621 377 3654 eu
390 3612 464 3654 autre
478 3609 557 3656 chose
575 3609 589 3656 a
607 3623 635 3656 se
653 3610 708 3656 dire
722 3625 772 3671 que
785 3612 809 3658 la
831 3613 968 3658 vanitcuse
985 3613 1110 3672 question

103 3667 136 3714 de
149 3667 204 3715 l'un
226 3672 250 3716 :t
269 3668 292 3714 le
312 3672 372 3729 trop
388 3669 528 3732 inge'nieux
545 3671 718 3732 complinrent
737 3673 769 3719 dc
782 3671 876 3719 l'autrc
889 3691 899 3714 u
915 3673 1028 3735 (Duruy,
1040 3673 1108 3720 His-t.

103 3727 150 3776 des
164 3730 205 3788 rt,
219 3729 252 3787 11,
270 3732 317 3790 42).
337 3757 364 3764 —
377 3729 436 3780 Se:
453 3731 569 3793 Scipion.

132 3818 178 3859 Vte
189 3817 304 3870 Publione
318 3816 355 3858 dee
366 3817 481 3860 Romulus.
948 3839 953 3849 ·
1006 3823 1018 3861 4

542 3921 575 3930 ..
594 3891 627 3942 49
647 3892 682 3934 ’-
