2756 4238
550 107 555 133 1

255 200 341 257 294.
361 201 539 256 n’avocet
559 172 733 256 aori-irie
752 197 850 255 farre
864 197 1011 267 payerr

394 313 529 376 (Gratisne
542 311 646 361 oratori
660 312 795 377 agendum
812 311 873 375 sill)

171 463 315 525 Gratisne
337 465 452 524 oratori
476 484 596 542 semper
615 463 767 540 agendum
790 463 830 520 sit
851 461 997 521 tractari*
1021 457 1191 540 0010012ο

133 560 223 626 Quod
251 581 288 620 ex
311 561 410 640 prima
435 561 538 619 statim
564 560 665 618 fronte
685 559 867 638 dijudicare,
893 557 1135 638 imprudentium

132 664 189 717 est.
208 658 284 716 Nam
306 657 374 737 quis
392 657 513 734 ignorat
530 657 605 736 quin
617 657 677 714 *id
700 657 789 734 louge
811 655 851 714 sit
872 656 1135 728 honestissimum,

131 775 166 812 ae
175 754 354 813 liberalibus
366 752 536 833 disciplinis
546 754 637 812 etillo
647 774 737 832 quem
749 753 900 830 exigimus
910 753 1013 811 animo
1022 750 1137 828 dignis-

130 851 254 922 simum,
279 871 340 908 non
356 851 512 908 vendere*
534 870 658 929 operam
677 871 733 908 nee
753 850 873 908 elevare
892 849 971 908 tanti
997 846 1137 907 beneficii

130 948 374 1006 auctoritatem?
388 967 456 1025 cum
474 927 619 1026 pleraque
639 947 697 1006 hoc
721 946 787 1026 ipso
808 946 929 1026 possint
948 945 1046 1004 videri
1063 944 1137 1002 vilia

131 1042 213 1122 quod
234 1045 369 1123 pretium
392 1044 517 1104 habent.
540 1044 639 1118 Caecis
659 1043 728 1115 hoc,
750 1050 785 1102 ut
807 1044 903 1114 aiunt,
928 1043 1002 1101 satis
1021 1042 1136 1100 clarum

64 1133 69 1139 ⁵
131 1148 178 1199 est
193 1161 199 1200 :
213 1161 269 1199 nec
281 1141 454 1220 quisquam,
468 1141 520 1219 qui
535 1140 720 1199 sufficientia
732 1136 791 1199 sibi
810 1139 939 1219 (modica
957 1147 1058 1198 autem
1072 1139 1137 1196 haee

134 1238 216 1316 sunt)
246 1238 427 1317 possidebit,
459 1237 542 1296 bunc
570 1245 722 1317 quaestum
754 1237 819 1295 sine
847 1237 975 1296 crimine
1000 1235 1137 1294 sordium

133 1329 242 1392 fecerit
252 1335 274 1393 *.
292 1337 333 1393 At
350 1334 376 1392 si
390 1355 438 1391 res
451 1334 612 1393 familiaris
622 1334 753 1412 amplius
769 1333 887 1413 aliquid
902 1333 939 1392 ad
951 1353 1024 1391 usus
1036 1337 1138 1390 00000-

134 1430 231 1488 0001οο
253 1430 365 1508 exiget,
390 1431 558 1489 secundum
579 1451 685 1489 omnes
702 1431 884 1510 sapientium
904 1430 985 1507 leges
1005 1429 1139 1508 patietur

132 1527 191 1585 sibi
209 1527 478 1604 gratiamrelerri;
496 1527 691 1606 nequeenim
710 1527 802 1585 video
822 1519 897 1606 quae'
902 1527 1017 1606 justior
1036 1527 1139 1604 acqui-

135 1624 223 1682 rendi
239 1625 319 1683 ratio
333 1643 424 1703 quam
441 1646 477 1682 ex
497 1624 715 1682 honestissimo
731 1624 846 1694 labore,
867 1631 897 1682 et
912 1624 949 1681 ab
965 1624 1002 1680 iis
1018 1623 1054 1680 de
1070 1623 1139 1702 qui'-

135 1715 193 1778 bus
211 1721 327 1800 optime
345 1723 524 1792 meruerint,
545 1722 671 1801 quique,
693 1721 718 1779 si
733 1720 810 1780 nibil
833 1721 965 1778 invicem
979 1726 1137 1799 praestent,

133 1817 253 1894 indigni
283 1818 398 1876 luerint
428 1818 616 1877 defensione.
648 1818 736 1884 Quod
772 1800 896 1897 quidem
932 1838 993 1875 non
1019 1817 1137 1896 justum
1243 1842 1248 1850 ¹

135 1915 239 1984 modo,
262 1915 314 1972 sed
335 1916 539 1974 necessarium
561 1915 652 1973 etiam
675 1921 721 1972 est
747 1933 753 1974 :
777 1935 845 1972 cum
872 1915 937 1973 haec
961 1915 1026 1995 ipsa
1047 1897 1154 1993 opera¹

134 2019 319 2091 tempusque
335 2032 425 2070 omne
442 2011 550 2070 alienis
567 2011 698 2088 negotiis
709 2011 827 2082 datum,
841 2012 1017 2070 facultatem
1030 2010 1140 2069 *aliter

130 2109 316 2186 'acquirendi
330 2109 480 2167 recidant.
493 2108 552 2166 Sed
562 2116 629 2166 tum
642 2129 764 2187 quoque
780 2107 932 2166 tenendus
946 2116 992 2167 est
1004 2107 1112 2166 modus
1131 2126 1137 2167 :

139 2225 174 2262 ac
203 2204 369 2282 plurimum
394 2204 488 2264 refert
512 2212 543 2262 et
567 2225 583 2264 0
606 2225 667 2283 quo
691 2204 834 2282 accipiat,
865 2211 895 2262 et
922 2212 1081 2282 quantum,
1109 2211 1141 2262 et

134 2301 348 2380 quousque*..
848 2303 850 2306 ’

165 2499 206 2547 Νο
225 2499 312 2548 294:
331 2497 488 2548 Tractari
509 2513 514 2545 :
534 2499 552 2544 il
568 2513 587 2560 y
604 2512 619 2546 a
639 2499 686 2544 des
706 2497 809 2545 raisons
831 2512 900 2558 pour
917 2499 944 2544 et
966 2499 1013 2544 des
1036 2499 1140 2546 raisons

134 2563 235 2612 contre.
255 2587 284 2594 -
298 2560 376 2618 Quis
393 2560 526 2622 ignorat
544 2560 619 2620 quin
632 2579 663 2602 =
678 2559 791 2606 dubium
807 2574 858 2606 non
877 2561 924 2606 est.
939 2586 968 2593 -
982 2561 1138 2609 Vendere.

135 2621 157 2668 ll
169 2637 186 2682 y
197 2622 271 2668 avait
281 2624 366 2668 nieme
379 2637 430 2669 une
443 2622 477 2669 loi
493 2621 670 2682 (1001310010),
685 2621 816 2682 proposee
834 2635 865 2668 en
885 2623 928 2667 201
943 2635 991 2682 000
1007 2622 1031 2667 10
1049 2622 1140 2668 tribun

134 2683 242 2730 Cincius
257 2685 415 2742 Alimentus,
428 2685 472 2743 qui
484 2684 610 2744 imposuit
623 2684 647 2730 la
661 2682 782 2743 gratuite.
798 2682 873 2729 Cette
883 2683 928 2740 loi,
940 2682 1082 2730 confirme'e
1093 2697 1141 2744 par

135 2759 170 2790 un
189 2745 434 2792 senatus-consulte
454 2760 517 2792 sous
537 2747 667 2805 Auguste,
686 2745 726 2790 sut
742 2743 827 2790 viole'e
846 2745 878 2790 de
899 2744 959 2790 bien
976 2745 1022 2791 des
1037 2745 1139 2801 100000.

137 2805 235 2852 Claude
248 2821 266 2867 y
280 2807 414 2853 substitua
432 2822 466 2853 un
484 2808 547 2853 taril'
562 2806 644 2852 fixant
662 2821 695 2852 un
715 2807 858 2852 maximum
877 2805 923 2866 (10.
939 2811 982 2851 000
1000 2805 1139 2867 sesterces)

136 2881 188 2913 oux
206 2868 360 2914 honoraires
376 2870 422 2914 des
439 2870 553 2915 avocate.
568 2867 607 2914 On
624 2867 743 2914 de'lendit
756 2869 816 2929 plus
834 2868 892 2914 tard
912 2869 926 2914 0
943 2868 1049 2914 ceux-ci
1065 2869 1096 2914 de
1112 2883 1140 2914 se

137 2929 202 2975 faire
220 2943 305 2990 payer
320 2929 454 2988 d'avunce,
472 2930 504 2975 (10
520 2930 632 2990 stipuler
648 2944 716 2989 pour
732 2943 782 2975 eux
800 2944 835 2975 un
851 2930 923 2975 droit
937 2929 1140 2991 proportionnel

137 3005 183 3036 sur
192 2990 284 3050 l'objet
295 2992 330 3036 du
344 2992 424 3051 litige,
437 3005 470 3036 ou
484 3007 519 3036 un
531 2991 701 3052 supplement
716 2989 897 3038 d’honoraires
910 2990 1092 3051 (palmarium)
1107 3005 1140 3037 en

136 3065 181 3098 cas
200 3053 231 3098 de
253 3053 355 3099 succes.
373 3079 398 3086 -
412 3051 550 3102 Fecerit.
570 3053 620 3098 Les
638 3052 746 3098 enciens
761 3065 789 3099 se
804 3053 928 3100 faisuient
943 3067 994 3099 une
1010 3053 1068 3098 ide'e
1086 3053 1140 3100 tr'es

137 3113 217 3159 haute
235 3114 270 3159 du
288 3114 342 3159 0010
361 3115 392 3160 (10
411 3114 574 3174 1010000000
592 3114 668 3172 111010
684 3113 784 3173 Tacite,
803 3113 920 3176 1110100,
938 3119 952 3159 0
968 3117 994 3160 01
1011 3115 1059 3174 30),
1079 3115 1140 3161 Cela

136 3175 251 3222 1000110
271 3176 402 3236 plusieurs
420 3190 513 3222 causes
533 3191 538 3223 :
557 3177 571 3222 0
590 3173 701 3221 l'amour
718 3177 750 3221 de
767 3175 792 3221 la
810 3175 905 3236 gloire3
927 3177 941 3222 a
960 3176 984 3221 10
1003 3176 1139 3222 condition

137 3237 235 3283 sociale
254 3237 300 3283 des
318 3241 438 3284 orateurs
460 3237 504 3297 qui
523 3237 726 3297 appartenaient
746 3251 777 3282 en
796 3236 901 3297 general
926 3238 940 3283 0
960 3238 1007 3283 (100
1029 3237 1141 3284 l'amilles

135 3299 223 3346 riclies
236 3313 270 3343 ou
284 3299 477 3358 patriciennes;
491 3299 505 3344 0
521 3299 544 3344 10
558 3299 641 3344 forme
659 3299 745 3344 meme
758 3299 804 3345 des
820 3298 992 3358 republiques
1007 3299 1139 3358 antiques,

136 3361 179 3417 ou,
198 3373 301 3406 comme
314 3360 354 3406 dit
368 3359 483 3406 Fe'nelon
497 3359 595 3418 (lettre
608 3359 622 3406 at
635 3358 745 3419 l’Acad.,
762 3359 880 3420 ltlre'tor.)
896 3379 906 3402 κ
922 3363 981 3405 1001
997 3361 1141 3420 dependerit

136 3421 171 3467 du
187 3421 292 3482 peuple,
311 3424 337 3466 et
354 3423 387 3468 00
401 3422 424 3467 10
438 3422 534 3482 000010
548 3421 692 3482 de'pendait
707 3422 739 3467 de
753 3422 776 3468 la
790 3422 880 3482 parole
903 3440 923 3466 u.
942 3448 972 3455 -
985 3421 1141 3471 Faculta-

136 3483 211 3532 tem.
226 3482 327 3542 Depuis
340 3484 363 3529 la
373 3486 448 3544 perte
459 3483 491 3528 de
505 3483 528 3530 la
542 3483 646 3540 liberte',
659 3481 823 3543 l'eloquence
836 3497 867 3528 ne
883 3483 958 3528 mene
974 3484 1033 3544 plus
1046 3485 1059 3530 (1
1074 3485 1138 3531 rien.

138 3544 186 3590 Les
199 3547 296 3604 grands
310 3545 403 3604 proces
417 3545 561 3604 politiqucs
577 3548 638 3591 sont
653 3559 735 3594 rares.
749 3559 783 3590 ou
795 3544 872 3604 juges
886 3559 934 3606 par
952 3559 986 3590 un
1001 3544 1075 3591 senat
1089 3561 1141 3592 ser-

136 3606 188 3651 vile
201 3608 227 3651 et
240 3607 321 3666 00010
335 3605 441 3652 Conseil
453 3607 487 3651 du
502 3607 601 3666 prince.
614 3605 788 3666 L'e'loquence
800 3607 898 3652 0011000
912 3607 944 3652 (10
961 3608 1062 3652 0100010
1074 3608 1141 3654 (1000

137 3669 174 3713 100
192 3666 397 3714 centumvirates
415 3681 514 3726 causae;
535 3669 610 3725 mais,
629 3683 661 3714 en
683 3669 832 3726 attendant,
852 3668 869 3713 il
885 3669 942 3714 faut
957 3667 1018 3714 bien
1035 3683 1085 3728 que
1103 3671 1141 3715 les

136 3731 247 3776 arocuts
263 3743 294 3774 en
308 3730 408 3776 vivent.
423 3755 452 3763 —
467 3730 640 3790 Quousque
656 3743 661 3776 :
676 3743 726 3775 une
740 3730 791 3775 lois
805 3730 909 3775 devenu
928 3729 1009 3788 riche,
1028 3729 1142 3776 l'arocat

136 3805 194 3837 sera
207 3791 293 3837 moins
304 3793 434 3852 exigeant.
1140 3787 1146 3808 ⁸

562 3981 594 3989 ...
616 3951 666 4000 297
686 3979 720 3988 -
