2696 4244
340 179 425 235 211.
445 179 516 234 Les
529 177 692 234 factione
708 179 774 233 des
790 177 928 236 nobles.

427 273 475 338 (De
488 272 638 322 nobilitatis
657 272 841 335 factionibus.)

172 391 318 451 Celerum
343 410 410 449 mos
434 390 589 470 partium*
611 389 808 470 popularium
835 395 865 447 et
889 388 1080 448 factionum*
1100 408 1135 447 ac
1150 385 1190 450 2⁰

128 487 413 547 deinde*omnium
423 486 574 546 malarum
593 487 706 546 artium
721 486 828 566 paucis
838 492 910 544 ante
923 486 1011 544 annis
1027 486 1135 544 Romae

128 592 220 644 ortus
236 591 283 644 est
293 584 358 644 otio
370 591 463 665 atque
476 584 666 644 abundantia
682 603 786 643 earum
804 603 917 654 rerum,
933 604 1002 663 quae
1017 583 1137 663 prima*

129 681 278 742 mortales
292 681 421 741 ducunt.
436 681 514 741 Nam
529 688 600 740 ante
614 681 832 759 Carthaginem
847 679 979 739 deletam
1003 682 1136 761 populus
1150 698 1152 704 ’

127 785 163 837 et
177 787 302 838 senatus
317 779 476 838 Romanus
490 777 611 859 placide
637 777 857 858 modesteque*
869 777 950 836 inter
968 799 999 836 se
1014 799 1136 857 rempu-
1153 795 1155 800 ’

129 875 243 935 blicam
256 877 440 950 tractabant,
461 896 560 956 neque
580 875 687 953 gloriae
707 895 807 955 neque
826 875 1046 956 dominationis
1070 895 1150 935 cert

129 980 235 1032 tamen
262 972 345 1031 iuter
364 974 448 1033 cives
472 980 553 1046 erat;
577 980 677 1032 metus
701 972 840 1030 hostilis*
854 973 885 1030 in
907 972 996 1031 bonis
1017 973 1136 1033 artibus

127 1069 289 1128 civitatem
299 1070 461 1132 retinebat.
477 1070 537 1130 Sed
549 1069 601 1129 ubi
612 1070 663 1128 illa
674 1069 806 1128 formido
820 1069 974 1128 mentibus
990 1069 1133 1143 decessit,
1148 1129 1151 1134 ,

128 1165 269 1225 scilicet*
296 1187 342 1237 ea,
369 1188 438 1248 quae
471 1166 615 1226 secundae
642 1187 689 1225 res
716 1168 852 1241 amant*,
886 1167 1012 1226 lascivia
1043 1175 1135 1248 atque

126 1264 273 1343 superbia
289 1265 451 1324 incessere.
467 1265 607 1346 Namque
627 1284 748 1344 coepere
771 1264 916 1323 nobilitas
938 1264 1132 1342 dignitatem,
1149 1255 1151 1272 ²
1220 1297 1221 1302 κ

129 1362 264 1440 populus
292 1362 512 1422 libertatemin
532 1361 721 1421 lubidinem*
756 1368 886 1434 vertere,
917 1361 976 1420 sibi
1004 1363 1153 1444 quisque¹

126 1457 254 1532 ducere,
269 1459 400 1530 trahere,
417 1462 553 1540 rapere*.
577 1459 624 1519 Ita
649 1459 753 1518 omnia
773 1459 804 1517 in
824 1458 901 1516 duas
926 1464 1045 1538 partes*
1067 1461 1150 1520 abs-²

128 1561 229 1616 tracta
255 1563 346 1634 sunt,·
371 1557 555 1637 respublica,
582 1577 651 1636 quae
684 1556 784 1615 media
812 1556 926 1628 luerat,
955 1557 1150 1620 dilacerata*

126 1651 274 1712 Ceterum
284 1653 429 1713 nobilitas
437 1655 590 1714 factione*
600 1654 698 1732 magis
706 1652 857 1732 pollebat,
868 1653 966 1732 plebis
977 1655 1023 1713 vis
1034 1655 1135 1717 soluta
1149 1671 1151 1692 ⁷

127 1756 222 1830 atque
239 1750 376 1830 dispersa
396 1752 428 1810 in
444 1751 662 1811 multitudine*
681 1751 783 1809 minus
801 1758 933 1829 poterat.
962 1747 1149 1814 Paucorum*

127 1847 257 1907 arbitrio
272 1848 345 1907 belli
356 1848 501 1930 domique
512 1847 722 1926 agitabatur*;
735 1867 829 1927 penes
842 1848 967 1906 eosdem
979 1850 1132 1926 aerarium,
1148 1837 1150 1872 ³

129 1944 309 2022 provinciae,
324 1947 532 2024 magistratus
549 1946 674 2025 gloriae*
689 1944 900 2025 triumphique
918 1953 1019 2021 erant;
1035 1933 1152 2028 popu-¹³

129 2039 177 2098 lus
192 2041 301 2101 militia
312 2049 404 2122 atque
419 2044 524 2123 inopia
539 2044 717 2121 urgebatur.
733 2042 781 2101 lta
798 2062 868 2100 cum
888 2045 1047 2121 potentia*
1063 2039 1149 2106 ava-³

128 2136 277 2198 ritia'sine
290 2141 397 2200 modo*
411 2141 624 2220 modestiaque
636 2140 796 2212 invadere,
812 2139 949 2218 polluere
966 2148 997 2199 et
1013 2150 1134 2204 vastare

127 2235 243 2308 omnia,
259 2237 337 2296 nihil
352 2237 458 2318 pensi*
472 2258 573 2318 neque
589 2236 821 2308 sanctihabere,
837 2237 940 2316 quoad
960 2247 1056 2300 semet
1067 2233 1148 2321 ipsa*

128 2332 347 2412 praecipitavit.

158 2474 200 2523 ΙΨ
216 2474 291 2525 211.
320 2475 470 2525 Partium
490 2474 588 2538 (plebe)
614 2475 795 2525 lactionum
815 2473 961 2538 (noblesse)
987 2491 992 2524 :
1015 2469 1134 2530 heureux

126 2537 208 2582 choix
220 2535 429 2598 d'expressions;
451 2537 605 2585 l'existence
619 2539 652 2584 de
667 2551 710 2584 ces
733 2538 803 2583 deux
820 2536 905 2596 partis
923 2538 985 2586 bien
1007 2542 1133 2590 tranches

126 2598 190 2644 date
199 2598 231 2645 de
239 2597 362 2660 l'epoque
371 2600 418 2646 des
431 2599 577 2661 Gracques.
593 2626 620 2634 -
639 2599 764 2649 Deinde
785 2612 790 2644 ι
816 2597 850 2644 ici
866 2599 997 2647 veritable
1013 2603 1147 2664 adjectis,

128 2659 236 2720 qualifie
256 2661 390 2708 malarum
403 2661 513 2709 artium.
533 2687 564 2696 -
581 2661 672 2721 Quae
681 2661 788 2723 prima
799 2674 804 2706 :
814 2657 1074 2712 l'auteurconsidere
1090 2679 1133 2722 ros

126 2735 231 2769 comme
256 2721 429 2831 l'eqqivalent
450 2721 512 2770 d'un
535 2721 631 2784 pluriel
652 2727 760 2780 neutre3
784 2722 881 2768 accord
905 2724 1075 2835 sylleptiqqe.
1102 2755 1148 2786 -,

127 2783 284 2834 Modeste.
328 2788 370 2832 est
380 2786 404 2832 la
415 2784 581 2833 modo'ration
593 2786 638 2846 qui
651 2784 766 2832 assurait
778 2784 803 2830 la
816 2786 954 2834 concorde.
979 2814 1008 2822 -

1056 2789 1150 2840 usti-x

127 2843 170 2892 lis
182 2864 213 2886 =
228 2844 355 2893 bostium.
370 2846 410 2894 Cl.
424 2847 524 2904 Tacite,
543 2847 624 2908 Ann,
643 2846 677 2906 ll,
696 2850 734 2905 38,
749 2847 777 2892 et
793 2843 871 2894 Catil.
893 2847 923 2894 X.
942 2875 972 2883 -
989 2849 1148 2912 seilicet,

126 2905 238 2982 indique
251 2922 301 2968 que
317 2923 347 2954 ce
369 2908 415 2970 qui
433 2908 488 2956 suit
507 2912 616 2957 estune
638 2909 823 2970 consequence
840 2911 969 2958 naturelle
988 2912 1020 2958 de
1040 2927 1070 2960 ce
1085 2915 1131 2975 qui

127 2967 251 3030 precede.
265 2995 295 3004 -
305 2969 428 3020 Amant
443 2989 475 3013 =
489 2969 594 3018 volunt.
611 2970 650 3020 Cf.
662 2971 686 3018 le
698 2984 759 3032 grec
771 2969 857 3037 φιλεῖν.
874 3000 905 3007 -
925 2973 1130 3038 Lubidinem,

127 3043 237 3091 marque
261 3029 346 3079 l'abus
365 3032 514 3081 arbitrairc.
533 3058 564 3068 -
584 3033 638 3083 Ra
661 3045 716 3082 ere
731 3048 903 3100 :remarquer
914 3035 939 3082 la
955 3035 1051 3082 liberte'
1066 3051 1132 3086 avec

127 3091 241 3152 laquelle
265 3091 380 3140 Salluste
402 3093 516 3154 emploie
534 3094 573 3142 les
590 3046 687 3142 verbus
705 3096 771 3146 dans
786 3115 823 3146 un
842 3111 904 3148 sens
922 3097 1026 3146 absolu.
1045 3126 1075 3134 -
1093 3101 1131 3150 In

126 3153 217 3212 duee·
234 3156 349 3216 partes
371 3169 377 3202 :
400 3156 420 3203 il
445 3170 478 3203 ne
497 3156 575 3218 s’agit
595 3170 644 3217 pas
666 3158 698 3203 de
722 3162 806 3219 partis
827 3158 983 3223 potitiques,
1005 3162 1071 3209 mais
1097 3163 1130 3210 de

128 3215 313 3270 tiraillcmenls
327 3231 358 3263 en
372 3231 433 3264 sens
450 3218 606 3265 contraires.
620 3245 650 3252 -
670 3218 835 3281 Factione,
851 3223 993 3283 marquant
1016 3220 1131 3272 l’e'uoite
1221 3269 1224 3276 .

125 3276 254 3324 cohesion
276 3278 313 3324 du
334 3280 403 3339 parti
416 3279 630 3340 aristocratique,
649 3278 772 3342 s'oppose
792 3285 907 3332 asoluta
924 3287 952 3332 et
972 3283 1129 3347 bdisperca.

126 3337 206 3388 —In
218 3340 437 3401 multitudine,
457 3340 563 3402 depend
581 3343 614 3388 de
637 3340 726 3391 minus
740 3348 849 3407 poterat
868 3361 874 3395 ε
892 3347 916 3392 le
936 3347 1032 3407 peuple
1058 3349 1132 3396 avait

126 3400 214 3447 moins
226 3401 258 3448 de
269 3401 342 3449 force
361 3402 460 3464 malgre
480 3417 509 3449 sa
522 3403 651 3464 superiori
657 3403 681 3450 te
694 3408 859 3469 numerique.
873 3435 903 3443 -
916 3407 1131 3472 Agitabatur,
1146 3440 1148 3459 ;

126 3462 213 3522 passis
233 3463 413 3524 impersonnel
433 3464 571 3512 :omnia
589 3464 764 3529 gerebantur.
786 3496 815 3504 -
832 3469 973 3526 Gloriae,
989 3469 1085 3529 pluriel
1097 3473 1131 3519 de

126 3524 264 3594 symetrie
278 3525 317 3595 (ll.
330 3525 458 3588 Ju9.,313
471 3525 560 3585 Catil,
573 3531 610 3574 20.
621 3525 721 3575 C'estle
730 3533 787 3578 mot
799 3532 832 3578 dc
844 3532 942 3578 Lucain
957 3545 962 3578 :
976 3531 1131 3582 Humanum

122 3599 219 3648 paucis
236 3589 301 3634 vivit
325 3601 411 3650 qenuc
424 3587 540 3650 (Phara,
558 3589 601 3651 V).
620 3615 650 3623 -
668 3589 747 3640 Cum
761 3593 912 3654 potentia
928 3607 933 3640 :
947 3591 1065 3642 l'avidite
1083 3596 1130 3644 des

126 3647 220 3694 nobles
242 3652 283 3696 est
299 3649 430 3696 favorisee
448 3665 496 3711 par
511 3651 536 3697 la
570 3652 705 3698 ossession
729 3654 764 3700 du
782 3657 904 3716 pouvoir.
929 3683 956 3691 -
980 3657 1084 3715 Modo,
1105 3658 1131 3706 la

126 3723 231 3756 mesure
249 3725 280 3756 en
303 3711 468 3772 elle—meme3
494 3665 631 3772 mollientia,
654 3712 678 3758 le
698 3717 844 3764 sentiment
869 3718 901 3764 dc
927 3718 953 3766 la
972 3733 1130 3772 mesura-,-

126 3770 223 3820 Penei
237 3771 278 3834 (de
292 3773 420 3836 pendere)
437 3774 676 3835 :primitivement
690 3777 703 3822 b
716 3777 807 3836 Rome,
826 3795 860 3826 un
880 3795 912 3826 ne
934 3782 1065 3843 comptail
1081 3797 1131 3844 pas

124 3829 245 3894 l'argent,
257 3832 323 3882 mais
335 3849 369 3882 on
382 3835 406 3882 le
419 3837 522 3898 pessit,
538 3837 571 3884 de
583 3837 642 3884 lale
661 3852 721 3885 sens
735 3840 767 3886 de
782 3842 917 3888 examinet·
929 3857 993 3890 avec
1002 3844 1070 3894 soin.

550 3945 707 3996 -213-
