2696 4244
122 165 210 222 164.
231 164 497 234 organisation
508 167 556 222 du
572 166 715 224 service
737 169 803 224 des
818 179 915 224 eeux
930 168 952 225 a
966 166 1089 224 Rome.
1157 198 1162 206 -

414 260 461 324 (De
477 261 608 326 Aquariis
630 261 766 326 romanis.)

124 375 228 434 Duae*
244 383 317 434 sunt
331 375 548 456 aquariorum*
564 377 717 449 1111111111*Ὶ
735 377 829 436 altera
846 376 979 456 publica,
995 375 1089 434 altera
1105 364 1145 428 3⁶

13 453 15 514 l
72 471 231 555 ⁸Caesaris.
249 472 376 530 Publica
391 479 438 531 est
450 473 627 552 antiquior:
646 468 739 552 quam
756 473 794 534 ab
816 473 976 552 Agrippa*
1001 471 1090 530 relic·
1168 508 1171 513 -

80 575 151 626 tam
168 570 319 646 Angusto,
335 575 366 627 et
378 569 415 628 ab
431 589 467 628 eo
477 566 665 648 publicatam
681 570 833 632 diximus:
847 569 1090 629 habethomines

13 697 14 734 3
77 665 213 723 circiter
224 665 404 724 CCXXXX.
417 665 547 726 Caesaris
563 667 686 725 lamiliae
702 688 848 726 numerus
858 673 905 726 est
915 651 1088 732 CCCCLX,

13 775 15 832 ξ
78 781 181 840 quam
195 761 372 834 Claudius*,
391 782 461 820 cum
472 783 566 843 aquas
581 763 613 821 in
631 763 744 823 Urbem
764 763 956 843 perduceret,
975 760 1091 820 consti-

80 859 159 917 tuit.
177 857 314 939 Utraque
329 867 431 921 autem
448 859 561 919 familia
578 860 610 918 in
626 860 745 940 aliquot
765 860 1004 918 ministeriorum
1022 877 1091 936 spe-

79 956 149 1014 cies
166 955 355 1016 deducitur:
377 952 497 1028 vilicos,
518 956 718 1030 castellarios,
739 957 905 1029 circitoreS,
928 953 1088 1022 silicarioS,
1155 1025 1157 1034 Ι
1229 1003 1233 1015 .

81 1045 233 1124 tectorel,
254 1052 398 1132 ¹aliosque
426 1053 563 1132 opifices
598 1054 642 1112 Ex
671 1054 718 1113 his
740 1053 859 1133 aliquos
874 1059 960 1113 extra
984 1049 1090 1111 urbem

81 1168 154 1206 esse
171 1157 294 1227 oportet
310 1149 349 1208 ad
370 1170 404 1208 ea
420 1170 489 1230 qnae
501 1170 564 1208 non
579 1158 652 1208 sunt
666 1171 785 1228 magnae
795 1149 974 1226 molitionis,
991 1155 1092 1206 matu-

80 1265 156 1303 rum
179 1251 281 1303 tamen
304 1247 454 1305 auxilium
483 1247 627 1306 videntur
656 1249 788 1325 exigere.
814 1247 928 1306 Omnes
950 1247 980 1304 in
1002 1243 1088 1325 urbe,

13 1405 14 1408 Ἴ
80 1343 170 1400 circa
190 1342 403 1401 castellorum*
426 1351 456 1402 et
482 1364 643 1404 munerum
666 1345 823 1417 stationes,
849 1364 942 1423 opera
961 1361 1091 1423 quaeque

13 1433 14 1436 ¹
84 1446 214 1516 urgent.
240 1439 314 1498 Tam
337 1440 472 1519 amplum
495 1462 656 1500 numerum
677 1443 836 1521 utriusque
859 1440 994 1508 familiae,
1020 1437 1092 1496 soli·

13 1589 14 1606 ,
82 1544 154 1593 tum
180 1535 348 1596 ambitione
368 1545 421 1595 aut
442 1537 635 1616 neglegentia
649 1528 901 1618 'praepositorum
918 1538 950 1596 in
970 1536 1091 1616 privata

13 1625 15 1666 ἶ
82 1653 183 1711 opera
205 1632 323 1706 diduci,
344 1654 490 1693 revocare
512 1635 549 1694 ad
569 1635 702 1715 aliquam
724 1635 919 1714 disciplinam
940 1641 971 1694 et
991 1632 1092 1712 publi-

13 1789 14 1792 ,
82 1751 122 1788 ca
138 1730 313 1788 ministeria
338 1730 380 1789 ita
393 1731 597 1802 instituimus,
615 1740 649 1790 ut
669 1732 769 1811 pridie
786 1731 860 1812 quid
884 1739 964 1790 esset
985 1736 1092 1790 actura

84 1827 288 1896 dictaremus,
307 1835 338 1886 et
361 1828 436 1907 quid
461 1849 582 1908 quoque
600 1828 650 1887 die
667 1829 779 1906 egisset
799 1829 875 1888 actis
892 1826 1093 1907 comprehen-

84 1923 226 1982 deretur.
261 1923 430 1983 Commoda
458 1925 589 2004 publicae
615 1926 739 1985 lamiliae
770 1947 807 1986 ex
830 1925 937 1985 aerario
960 1925 1090 1996 dantur;

83 2020 172 2100 quod
198 2020 389 2100 impendium
411 2030 596 2082 exoneratur
619 2022 817 2100 vectigalium
849 2022 952 2082 reditu
979 2020 1017 2080 ad
1039 2020 1091 2100 jus

85 2138 240 2197 aquarum
266 2118 496 2197 pertinentium.
523 2119 654 2178 Caesaris
681 2120 797 2179 familia
818 2141 856 2180 ex
884 2120 957 2178 fisco
980 2118 1122 2205 accipit·¹

85 2215 253 2273 commoda
271 2233 277 2275 :
298 2214 379 2274 unde
395 2224 425 2273 et
438 2236 528 2274 omne
544 2215 703 2296 plumbum
720 2225 751 2276 et
768 2238 873 2276 omnes
888 2217 1035 2295 impensae
1052 2213 1092 2273 ad

86 2313 202 2370 ductus
219 2319 250 2371 et
264 2296 389 2371 castella
402 2319 432 2371 et
449 2313 533 2372 lacus
546 2314 734 2392 pertinentes
754 2320 930 2391 erogantur.

117 2469 162 2519 N⁰
185 2471 272 2520 164:
297 2470 398 2520 Duae.
419 2468 551 2526 L'nuteur,
571 2470 661 2518 Julius
681 2471 836 2530 Frontinus,
857 2471 933 2532 apres
952 2471 1028 2518 avoir
1048 2470 1091 2520 eta

87 2532 199 2594 preteur
210 2533 243 2578 de
254 2532 337 2578 Rome
351 2533 409 2595 (70),
423 2534 464 2579 lut
474 2533 567 2593 appele
579 2548 627 2593 par
640 2533 726 2580 Nerva
739 2534 754 2580 a
767 2533 943 2580 l'intendnnce
955 2533 1002 2580 des
1014 2547 1091 2580 caux.

88 2593 160 2641 C'est
179 2594 297 2655 pendant
316 2593 379 2654 qu'd
402 2597 526 2656 occupait
545 2599 615 2640 cette
634 2596 756 2642 dernidre
773 2595 891 2642 fonction
912 2595 976 2656 qu'il
993 2597 1092 2651 cononi

88 2655 167 2703 l'ide'e
186 2657 218 2702 de
238 2671 285 2702 son
304 2655 382 2702 traitd
400 2655 445 2702 des
466 2656 619 2718 Aqueducs,
642 2677 652 2698 «
672 2659 767 2704 autaut
789 2671 838 2718 par
858 2657 953 2704 devoir
970 2669 1022 2719 que
1044 2671 1093 2718 par

88 2720 164 2780 gout,
181 2737 191 2759 11
205 2718 277 2764 dit-il
297 2731 329 2763 au
347 2717 431 2765 dc'but
448 2718 480 2764 de
498 2732 545 2764 son
565 2732 689 2778 ouvrage.
708 2744 735 2752 -
753 2717 976 2826 Aquarlorum
993 2735 998 2766 :
1015 2719 1091 2764 lonc-

89 2779 236 2836 tionuaires
252 2779 372 2826 attachds
389 2794 422 2825 nu
440 2780 541 2826 service
557 2780 604 2825 des
619 2780 753 2840 aqueducs
768 2794 772 2826 :
787 2780 819 2826 is
836 2780 958 2828 devaient
972 2780 1091 2826 veillera

88 2857 118 2888 ce
134 2841 200 2902 qu'il
213 2856 245 2887 ne
259 2843 298 2887 lut
312 2855 358 2901 pas
372 2841 426 2902 pris
440 2856 490 2888 une
525 2842 626 2888 uantitd
639 2841 713 2887 d'eau
727 2841 785 2902 plus
797 2842 895 2902 grande
906 2857 957 2902 que
970 2842 1034 2888 calle
1045 2842 1090 2904 qui

87 2903 157 2952 dtait
168 2902 301 2949 concedee
313 2917 361 2963 par
374 2903 397 2948 la
415 2903 449 2952 loi
466 2903 482 2949 a
500 2917 514 2948 c
534 2917 602 2963 aque
615 2903 736 2948 individu
754 2919 787 2949 ou
805 2904 820 2950 a
837 2904 939 2964 chaque
952 2904 1093 2950 dtablisse*

88 2967 165 3016 nient
180 2965 280 3026 public.
294 2991 324 2997 —
337 2963 498 3014 Familiae
512 2979 517 3011 :
535 2965 572 3010 les
589 2965 725 3026 employe's
741 2965 907 3012 subalternes
920 2966 954 3012 de
966 2981 1009 3012 ces
1022 2966 1091 3012 deux

87 3026 206 3074 services
223 3025 324 3072 e'taient
343 3041 375 3072 en
394 3025 501 3087 gc'ndral
521 3027 567 3073 des
586 3029 703 3073 esclaves
723 3027 828 3088 publics
848 3028 917 3087 (voir
935 3042 968 3073 au
987 3028 1091 3088 lexiquc

86 3087 161 3137 servi
180 3086 304 3149 publici).
328 3113 356 3122 -
375 3086 525 3150 Agrippa
548 3085 704 3135 construlsit
729 3089 867 3148 l'aqueduc
894 3089 987 3150 appele'
1012 3092 1090 3151 Aqua

85 3148 171 3206 Julia,
186 3153 213 3196 ct
230 3164 262 3196 en
274 3148 368 3208 repara
377 3150 449 3201 deux
465 3153 554 3197 autres
568 3165 573 3197 ε
587 3150 683 3212 l'Aqna
704 3145 802 3212 Tepula
817 3153 844 3197 et
862 3151 958 3214 l'Aqua
975 3151 1090 3209 Marcia;

87 3215 104 3261 il
120 3211 212 3260 onvrit
224 3225 257 3257 au
290 3210 362 3258 ublic
376 3215 420 3257 170
433 3211 509 3258 baius
521 3211 643 3272 gratuits.
658 3216 684 3258 et
698 3212 728 3257 fit
740 3212 828 3258 c'lever
845 3215 888 3258 los
906 3211 1047 3259 tontaines.
1061 3239 1092 3248 -
1167 3265 1171 3271 Ι

85 3272 256 3327 Claudius.
270 3225 292 3320 ll
305 3273 381 3333 s'agit
393 3274 440 3320 des
448 3273 518 3319 deux
530 3274 665 3334 aqueducs
678 3275 755 3335 Aqua
767 3273 878 3320 Claudia
892 3277 919 3320 et
931 3273 1001 3321 Anio
1015 3288 1091 3329 norro,

85 3335 258 3385 commences
271 3349 303 3380 en
317 3339 345 3380 38
365 3350 413 3396 par
430 3335 548 3396 Caligula
564 3339 591 3382 et
608 3335 721 3381 acheves
739 3349 787 3396 par
800 3336 898 3384 Glande
917 3351 949 3382 en
967 3340 995 3382 52
1013 3337 1092 3396 apres

85 3400 100 3447 J
105 3397 155 3446 .-C.
169 3423 200 3430 -
210 3395 436 3446 castellorum.
457 3397 476 3444 11
491 3398 595 3459 yavait
611 3397 625 3442 11
640 3397 731 3453 Rome,
746 3412 808 3443 sous
824 3397 957 3458 l'Empire,
972 3401 1014 3443 247
1029 3398 1091 3444 cha-

86 3467 169 3510 tcaux
189 3457 264 3504 d'eau
285 3459 317 3504 de
336 3459 489 3506 dill'c'rentes
508 3459 661 3519 grandeurs.
683 3459 719 3504 La
740 3473 824 3504 masse
843 3459 917 3505 d'eau
936 3459 968 3513 de
988 3459 1091 3520 chaque

84 3521 211 3585 aqueduc
220 3519 286 3566 e'tait
294 3519 395 3567 divisde
406 3535 437 3566 en
451 3521 517 3567 trois
530 3521 629 3581 parties
640 3536 645 3568 ;
658 3521 680 3566 la
693 3519 822 3581 premiere
833 3534 902 3580 pour
911 3522 948 3566 lcs
958 3521 1091 3568 fontaines

15 3599 17 3616 ἐ
85 3582 242 3649 publiques‚
256 3582 278 3628 la
292 3581 429 3628 deuxieme
443 3596 511 3641 pour
525 3582 562 3628 les
579 3583 704 3639 thermes,
720 3583 743 3628 la
762 3583 896 3628 troisicme
914 3597 982 3643 pour
994 3582 1092 3644 l'usage

83 3651 133 3696 dcs
154 3643 333 3706 particuliers.
350 3646 373 3689 A
393 3647 464 3691 cette
484 3644 562 3704 triple
586 3645 748 3690 destination
769 3645 1006 3704 correspondaient
1025 3645 1092 3691 trois

84 3709 194 3759 bassins
206 3705 351 3759 dillerents,
368 3706 434 3752 dont
447 3706 548 3752 chacun
560 3705 623 3752 dtait
638 3706 762 3752 alimento
776 3719 823 3766 par
835 3720 870 3751 un
882 3709 965 3768 tuyau
981 3706 1091 3768 spe'cial,

83 3769 279 3820 d’offd'autres
290 3769 392 3828 tuyaux
409 3768 596 3814 distribuatent
608 3753 675 3814 l’eau
688 3782 720 3814 en
731 3771 792 3814 tons
805 3782 874 3814 sens.

15 3883 17 3888 ’
514 3895 669 3970 -1654

15 3891 28 4227 l
171 4127 185 4157 ·
710 4097 750 4116 ,.
