2658 4244
169 171 250 228 106.
270 169 394 229 Neron
410 185 450 228 se
467 172 538 229 fait
559 171 758 242 applaudir
771 184 820 228 au
831 169 992 228 theatro.

344 269 425 331 (Nero
432 269 547 332 plausus
561 269 588 316 in
603 269 708 316 theatro
719 269 828 331 captat.)

129 384 251 442 Interea
274 391 410 455 senatus,
437 391 471 442 ut
501 383 656 442 dedecus*
677 390 839 452 averteret,
858 384 947 441 otlert
963 383 1095 461 impera·
1110 378 1151 442 2ο

94 481 152 539 tori
166 481 329 539 victoriam
345 489 465 551 cantus,
484 481 652 560 adjicitque
674 481 827 540 sacundiae
851 501 1008 549 coronam,
1034 498 1094 558 qua

94 577 210 636 ludicra
231 577 432 636 deformitas*
455 577 620 636 velaretur.
645 579 704 635 Sed
731 578 822 647 Nero,
852 576 929 634 nihil
958 574 1096 634 ambitu*

91 695 145 732 nec
173 681 327 753 potestate
359 683 483 734 senatus
510 695 588 753 opus
616 695 681 732 esse
707 675 863 745 dictitans,
891 695 922 732 se
952 672 1097 752 aequum*

91 772 239 830 adversus
255 772 393 845 aemulos
421 779 451 831 et
472 772 620 850 religione
641 772 783 852 judicum
812 771 953 829 meritam
975 770 1097 828 laudem

92 876 318 937 assecuturum,
337 869 436 948 primo
449 889 573 926 carmen
591 869 621 926 in
636 889 733 928 scaena
750 869 878 926 recitat*
896 886 996 938 :mox,
1012 866 1098 942 ssagi-

96 972 180 1024 tante
193 966 287 1042 vulgo
304 990 317 1019 «
336 972 371 1024 ut
385 966 488 1023 omnia
505 965 606 1023 studia
621 987 675 1024 sua
693 965 865 1045 publicaret
892 990 905 1018 »
925 963 1000 1044 (haec
1016 964 1097 1021 enim

92 1063 185 1121 verba
226 1061 355 1141 dixere),
384 1062 558 1139 ingreditur
590 1062 758 1134 theatrum,
800 1063 920 1120 cunctis
952 1060 1098 1120 citharae*

95 1159 215 1238 legibus
237 1159 456 1238 obtemperans
476 1177 482 1216 τ
502 1179 540 1216 ne
566 1159 664 1217 lessus
691 1159 848 1229 resideret,
877 1179 914 1217 ne
941 1158 1096 1228 sudorem,

95 1257 153 1314 nisi
170 1276 205 1314 ea
226 1275 318 1334 quam
344 1255 466 1313 indutui
491 1255 616 1332 gerebat
637 1263 735 1327 veste,
754 1256 941 1334 detergeret;
964 1253 1098 1313 utnulla

92 1353 154 1410 oris
170 1358 226 1412 aut
244 1353 365 1410 narium
393 1359 588 1410 excrementa
614 1353 797 1412 viserentur.
821 1353 980 1411 Postremo
1002 1352 1099 1408 llexus

92 1470 185 1528 genu,
202 1454 234 1507 et
253 1457 365 1507 coetum
377 1451 388 1492 I
402 1448 489 1511 illum
516 1469 608 1507 manu
635 1456 812 1520 veneratus,
836 1449 1004 1508 sententias
1017 1447 1099 1526 judi-

92 1567 162 1604 cum
177 1546 398 1625 opperiebatur
413 1546 508 1603 ficto*
528 1566 654 1625 pavore.
680 1547 719 1604 Et
738 1546 824 1626 plebs
848 1546 972 1626 quidem
995 1544 1096 1616 Urbis,

89 1643 306 1701 histrionum*
332 1663 455 1721 quoque
491 1650 597 1720 gestus
623 1643 754 1722 juvare*
786 1644 886 1715 solita,
914 1641 1099 1722 personabat

92 1740 207 1797 certis*
235 1739 336 1798 modis
358 1739 529 1819 plausuque
549 1741 734 1819 composito.
757 1741 904 1799 Crederes
925 1739 1035 1810 laetari;
1064 1757 1098 1796 ac

94 1837 225 1895 sortasse
237 1836 423 1895 laetabantur
434 1839 455 1907 *,
471 1857 526 1915 per
541 1838 690 1895 incuriam
707 1837 822 1916 publici
840 1837 959 1916 flagitii.
976 1835 1099 1894 Consti-

99 1934 138 1991 tit
173 1933 340 2013 plerosque
369 1934 519 2012 equitum,
552 1933 625 1992 dum
660 1955 714 2013 per
747 1935 904 2013 augustias
931 1933 1032 1991 aditus
1069 1938 1099 1990 et

97 2030 294 2108 ingruentem
304 2029 535 2088 multitudinem
547 2031 717 2100 enituntur,
732 2032 874 2103 obtritos,
887 2039 917 2089 et
928 2031 1015 2101 alios,
1025 2029 1097 2087 dum

96 2127 177 2184 diem
200 2128 409 2205 noctemque*
432 2127 579 2185 sedilibus
601 2129 794 2198 continuant,
813 2111 925 2186 morbo
950 2126 1098 2186 exitiabili

97 2231 259 2302 correptos
282 2241 288 2282 :
315 2225 431 2302 quippe
455 2225 579 2300 gravior
606 2225 705 2283 inerat
728 2234 838 2296 metus,
872 2226 896 2282 si
923 2224 1099 2303 spectaculo

98 2320 282 2394 defuissent,
295 2320 402 2379 multis
419 2321 519 2399 palam
530 2323 550 2392 *,
569 2329 599 2380 et
614 2322 752 2400 pluribus
765 2322 905 2394 occultis,
923 2329 957 2380 ut
975 2322 1099 2380 nomina

96 2437 132 2474 ac
153 2417 268 2489 vultuS,
288 2417 477 2476 alacritatem
494 2418 712 2497 tristitiamque
728 2419 905 2480 coeuntium
926 2427 1099 2476 scrutaren-

95 2515 180 2575 tur*.

123 2654 165 2704 Νο
179 2654 243 2705 106
269 2669 274 2702 :
298 2655 456 2706 Dedecus
478 2656 514 2703 Le
537 2655 619 2704 Se'nat
639 2658 765 2705 voudraIt
784 2657 869 2704 evIter
885 2657 910 2704 le
922 2657 1055 2706 scandale.
1070 2684 1099 2691 -

93 2715 305 2767 Deformitas.
320 2717 341 2763 Il
354 2718 441 2764 aurait
456 2717 499 2764 ete
516 2717 636 2764 honteux
650 2733 719 2779 pour
734 2717 891 2780 l'empereur
904 2720 937 2766 de
949 2722 1100 2780 remporter

92 2793 128 2824 un
142 2779 233 2826 succes
247 2779 280 2824 de
293 2778 404 2826 thettre.
419 2780 442 2826 A
460 2779 552 2838 Rome,
570 2780 609 2826 les
624 2784 730 2827 acteurs
748 2781 849 2828 e'taIent
866 2781 913 2828 des
931 2781 1049 2828 esclaves
1064 2796 1099 2828 ou

94 2841 140 2886 des
152 2841 304 2888 affranchis.
317 2867 346 2875 —
359 2840 495 2892 Amnitu
510 2855 515 2888 :
529 2842 553 2888 le
564 2841 648 2902 senat,
662 2857 741 2904 corps
752 2843 806 2890 tres
814 2842 927 2889 lnssuent
938 2842 1097 2904 (potestate),

10 2897 12 2958 3
94 2903 214 2962 pourrait
226 2901 397 2950 circonoenir
412 2903 436 2949 le
444 2903 515 2964 jury.
531 2929 559 2937 -
572 2903 721 2965 AEquum,
736 2919 756 2952 S.
769 2907 822 2952 ent.
835 2918 899 2952 esse.
914 2930 941 2938 -
953 2902 1097 2954 Recitat.

10 2963 12 3002 ἰ
96 2962 182 3010 Neron
196 2963 316 3011 declama
329 2963 440 3011 d'abord
454 2965 501 3012 des
512 2979 587 3024 vers3
602 2966 672 3026 puis,
684 2965 703 3012 il
720 2968 777 3013 sort
792 2967 824 3013 de
839 2967 864 3013 Ia
879 2965 944 3014 salle
958 2965 999 3028 (V.
1014 2965 1098 3026 Suet,

10 3037 12 3068 ;
100 3023 196 3084 Vitell,
210 3026 235 3086 l)
249 3028 276 3072 et
288 3025 394 3073 bientbt
406 3041 424 3088 y
439 3029 564 3088 reparatt,
576 3028 685 3088 rappele
695 3043 744 3088 par
756 3027 890 3088 Vitellius,
901 3027 1039 3087 president
1052 3029 1099 3075 des

10 3077 12 3142 ξ
92 3085 155 3144 jeux
167 3085 344 3158 (ingreditur)
355 3103 360 3135 :
371 3085 460 3135 c'etaIt
472 3102 523 3135 une
536 3089 656 3136 come'die
664 3104 733 3151 pour
740 3090 776 3136 lui
785 3092 931 3150 permettre
940 3091 972 3136 de
981 3093 1101 3136 montrer

10 3195 11 3198 ,
96 3161 127 3193 au
139 3149 230 3208 public
244 3147 417 3211 (publicaret)
429 3164 471 3197 ses
482 3151 581 3198 talents
596 3165 641 3198 sur
654 3151 680 3198 la
695 3151 761 3212 lyre.
777 3177 807 3186 -
817 3151 971 3201 citharas.
988 3151 1009 3197 ll
1023 3149 1100 3212 s'agit

99 3210 195 3256 nonde
212 3209 402 3271 l'Instrument,
423 3213 489 3259 mais
509 3213 556 3259 des
580 3226 710 3260 coneours
726 3214 760 3260 ou
776 3213 794 3259 il
809 3213 900 3274 figure.
918 3241 945 3248 —
963 3213 1098 3270 Coetum,

100 3272 180 3318 terme
191 3272 224 3318 de
237 3271 345 3332 mepris.
360 3299 390 3306 —
407 3271 509 3322 ricto.
527 3273 656 3321 Nouvelle
672 3275 800 3322 comedia.
823 3275 892 3322 Dion
910 3275 1000 3335 ajoute
1014 3276 1099 3322 meme

10 3327 12 3358 ⁸
97 3330 201 3394 (LXIII,
215 3334 239 3396 9)
253 3347 305 3394 que
322 3333 411 3380 Neron
428 3335 523 3382 achela
540 3334 715 3397 l’indulgence
733 3337 780 3383 des
802 3337 964 3385 remedians.
989 3336 1099 3387 -His-

96 3393 248 3455 trionum,
260 3395 293 3441 de
304 3392 447 3458 l'etrusque
461 3396 554 3457 hister,
566 3397 695 3445 hateleur.
709 3425 740 3432 —
750 3399 771 3448 «Ι
774 3410 888 3458 uvare,
902 3399 917 3445 a
932 3413 984 3460 peu
997 3399 1058 3460 pres
1074 3400 1099 3446 Ie

96 3469 156 3526 sens
170 3457 203 3502 de
236 3457 389 3505 ersonabat.
406 3455 552 3508 -Certis
565 3473 570 3506 :
584 3457 650 3506 c'est
661 3460 686 3506 la
699 3461 801 3521 elaque.
813 3459 1098 3518 -Laetabantum

95 3530 132 3563 cr1
153 3515 205 3564 d'in
226 3518 347 3580 ignation
365 3519 397 3566 de
415 3519 514 3568 Tacite.
534 3546 562 3555 -
573 3520 782 3583 Noctemque.
797 3522 886 3570 Neron
901 3523 975 3569 avait
987 3523 1036 3570 tait
1047 3523 1100 3569 ter-

95 3593 151 3626 mer
162 3580 200 3626 les
213 3581 299 3627 issues
312 3580 348 3625 du
361 3580 471 3629 theetre.
490 3607 517 3616 —
535 3582 651 3632 Palam
664 3603 695 3625 :
707 3585 903 3645 praesentibus.
918 3611 946 3619 —
964 3584 1099 3635 Scruta-

95 3643 218 3690 rentur.
240 3640 333 3688 Tacite
350 3643 423 3690 avait
440 3644 475 3689 dtr
490 3658 518 3691 se
536 3645 603 3691 taire
618 3643 720 3707 (Agris.
735 3645 758 3707 2)
771 3647 892 3706 pendant
903 3647 927 3694 le
942 3647 1005 3708 long
1019 3646 1099 3708 r'egne

95 3703 127 3749 de
145 3703 292 3752 Domitian.
307 3702 347 3750 De
359 3703 384 3750 ia
399 3719 443 3751 ces
457 3705 535 3752 traits
553 3706 585 3752 de
600 3705 706 3754 flamme
738 3705 783 3754 u'il
798 3709 873 3755 lance
890 3708 991 3768 parlois
1006 3712 1099 3755 contre

93 3764 132 3811 les
143 3767 245 3827 tyrans,
259 3767 287 3812 et
297 3765 332 3812 od
345 3764 460 3813 eclatent
476 3781 523 3813 son
537 3782 631 3814 amour
644 3769 676 3815 de
693 3723 827 3816 ladiberte
845 3773 872 3816 et
882 3785 924 3817 ses
937 3769 1052 3831 qualitas
1066 3770 1098 3815 de

92 3827 284 3889 psychologue.
295 3826 334 3876 CI.
347 3827 451 3890 Agrio,
461 3831 502 3876 45:
513 3849 523 3871 (ι
534 3844 594 3876 cum
605 3831 719 3892 suspirIa
728 3835 820 3880 nostra
832 3831 1065 3879 subscriberentur
1076 3850 1096 3878 υ.

517 3937 675 3988 *107-
