2664 4234
512 85 594 140 445.
617 85 668 140 De
682 84 722 138 la
735 83 968 140 Providence.

620 209 666 270 (De
679 208 870 270 Providentia.)

186 353 230 416 4²
284 369 515 448 Supervacuum
529 377 576 428 est
591 369 620 428 in
636 369 824 448 praesentia*
843 367 1005 424 ostendere
1029 387 1169 445 processe
1192 365 1263 422 uni-

246 466 340 524 versis
357 466 596 526 Providentiam.
607 467 669 525 Suo
680 467 736 524 iste
746 465 875 543 tempori
887 467 1115 522 reserventur'.
1129 463 1262 521 Faciam

244 583 325 620 nunc
345 583 407 620 rem
429 585 488 620 non
510 563 687 622 dillicilem:
711 582 832 620 causam
853 561 978 618 deorum
999 580 1104 634 agam.
1130 560 1166 616 ln
1191 578 1263 636 gra-

243 659 316 716 tiam
338 659 477 718 homines
500 661 641 718 reducam
662 680 731 718 cum
749 659 821 728 diis,
842 657 987 716 adversus
1011 657 1155 734 optimos
1177 655 1264 734 opti-

242 756 318 814 mis'
339 777 345 816 :
364 777 461 836 neque
484 757 564 814 euim
585 777 684 814 rerum
703 766 809 814 natura
826 755 940 834 patitur
954 762 987 810 ut
1003 773 1156 832 umquam
1175 752 1263 810 bona

244 852 333 910 bonis
359 857 519 912 noceant'.
544 854 627 911 luter
646 852 744 910 bonos
764 854 846 910 viros
866 872 901 909 ac
926 851 1023 908 Deum
1046 851 1196 908 amicitia
1218 857 1264 906 est

243 949 426 1008 conciliante
447 951 573 1008 virtute.
596 951 771 1008 Amicitiam
789 949 883 1007 dico?
900 949 993 1005 immo
1006 946 1101 1003 etiam
1121 946 1262 1004 necessi·
1318 977 1319 982 κ

243 1046 334 1110 tudo*
350 1067 385 1105 ac
396 1047 564 1105 similitudo
575 1051 586 1072 '
601 1048 765 1126 :quoniam
779 1046 900 1125 quidem
916 1045 1014 1102 bonus
1026 1047 1093 1125 ipse
1112 1052 1264 1122 tempore

245 1147 361 1200 teritum
378 1165 393 1200 n
413 1144 476 1201 lleo
490 1144 603 1211 dillert,
617 1144 788 1223 discipulus
802 1145 878 1220 ejus,
893 1145 1120 1224 tumulatorque
1137 1151 1169 1200 et
1188 1162 1263 1198 vere

243 1241 426 1316 progenies:
451 1261 541 1319 quem
570 1262 680 1320 parens
709 1240 763 1299 ille
792 1242 981 1317 magnificus,
1010 1243 1170 1299 virtutum
1200 1259 1262 1296 non

242 1337 319 1398 lenis
339 1347 463 1396 exactor
473 1341 493 1408 ',
516 1339 595 1396 sicut
614 1339 711 1396 severi
731 1348 841 1417 patres,
862 1339 967 1397 durius
989 1339 1115 1397 educat.
1147 1339 1263 1416 ltaque

242 1454 311 1492 cum
327 1434 438 1492 videris
453 1435 549 1492 honos
566 1436 648 1493 viros
664 1445 867 1514 acceptosque.
882 1435 940 1492 diis
956 1437 1109 1506 laborare,
1128 1435 1261 1501 sudare,

244 1531 438 1609 perarduum
455 1531 646 1602 escendere',
668 1531 762 1590 malos
782 1541 883 1590 autem
905 1532 1045 1590 lascivire
1059 1541 1092 1590 et
1107 1533 1262 1612 volupta-

244 1625 324 1686 tibus
340 1629 444 1698 lluerc,
460 1629 557 1705 cogita
572 1629 702 1686 filiorum
720 1649 775 1686 nos
791 1627 937 1686 modestis
958 1629 1121 1698 delectari,
1144 1651 1261 1687 vernu-

232 1721 325 1782 larum
348 1725 491 1782 licentia*
512 1744 518 1784 ε
539 1725 607 1783 illos
626 1725 787 1804 disciplina
811 1725 938 1783 tristiori
953 1726 1123 1794 contineri,
1143 1725 1258 1785 horum

242 1821 280 1880 uli
297 1821 485 1880 antaeum.
507 1821 587 1880 ldcm
605 1822 658 1880 tibi
679 1822 716 1880 de
735 1823 800 1880 Deo
815 1821 940 1900 liqueat.
961 1822 1084 1879 Bonum
1104 1824 1216 1880 virum
1232 1824 1258 1880 in

241 1917 429 1976 deliciisuon
447 1917 537 1976 hahet
556 1938 561 1978 :
577 1919 743 1998 experitur,
758 1918 891 1989 indurat,
907 1918 964 1976 sibi
978 1919 1063 1976 illum
1080 1929 1257 1999 praeparat.

273 2125 314 2176 Ν0
329 2125 396 2176 445
411 2139 416 2171 t
434 2125 470 2174 In
493 2125 693 2187 praeseutia,
710 2125 810 2186 oppos&
827 2127 841 2172 d
860 2139 948 2172 nunc:
970 2123 1067 2185 seciam
1100 2141 1183 2176 nunc
1207 2143 1258 2175 rem

245 2201 295 2234 uon
310 2185 454 2248 difficilem.
468 2213 494 2221 -·
511 2187 746 2236 Reserventur.
762 2188 810 2234 Les
826 2201 938 2248 preuves
954 2187 1034 2233 tirees
1049 2187 1084 2232 de
1101 2187 1211 2238 l’ordre
1228 2191 1258 2236 du

243 2248 1258 2310 moniti·sorontde'reloppccsparSe'nequedsnslesQuestionsnnturelles,
1315 2265 1316 2307 i

244 2311 262 2368 l,
277 2309 308 2367 ΙΙ,
324 2309 368 2364 ΙΙΙ,
390 2312 497 2371 possim.
518 2337 544 2345 —
564 2309 698 2370 Optimis
714 2325 718 2357 :
739 2311 851 2371 puisque
865 2311 903 2356 les
914 2310 1043 2371 &preuves
1056 2311 1213 2370 presentcs
1228 2316 1258 2358 du
1315 2312 1317 2351 l

239 2373 312 2478 pisto
327 2377 387 2418 sont
402 2387 450 2418 unc
463 2387 561 2432 pruove
570 2373 601 2418 dc
610 2372 740 2418 l'dlcction
752 2373 850 2418 divine.
862 2399 892 2406 —
902 2372 1059 2420 Noouant.
1069 2371 1113 2418 Cl.
1124 2380 1258 2434 pour-tout
1315 2359 1317 2431 l

256 2435 342 2480 hicinc
354 2435 560 2494 (Andromaquc,
572 2433 617 2492 ΙΙΙ,
629 2434 650 2493 1)
664 2449 668 2480 :
680 2435 710 2480 Je
720 2449 751 2479 ne
763 2435 823 2490 sais,
832 2435 863 2480 de
877 2434 1143 2494 touttcmps,quelle
1156 2437 1258 2498 injuste

242 2497 382 2558 puissunce
395 2495 483 2541 Loissc
497 2496 519 2542 le
528 2496 608 2541 crime
621 2509 652 2541 en
664 2496 724 2556 pnix
733 2499 759 2542 el
770 2493 1068 2556 poursuitl'innoeence.
1078 2495 1124 2542 De
1139 2501 1258 2560 quelque

244 2561 303 2618 port
321 2572 366 2602 sur
383 2557 434 2603 moi
453 2572 503 2617 que
518 2557 544 2616 je
563 2561 656 2604 tour-ne
673 2558 710 2603 les
727 2573 806 2618 yeux,
820 2557 851 2604 Je
864 2571 895 2603 ne
913 2557 971 2602 vois
986 2571 1037 2616 quo
1050 2557 1202 2607 malheurs
1218 2561 1257 2621 qni

242 2620 422 2665 condmunont
435 2620 472 2664 les
483 2619 576 2665 Uicus.
590 2618 628 2665 Cf.
643 2619 713 2665 aussi
726 2619 861 2676 Claudien,
873 2618 969 2665 Contre
980 2616 1069 2678 ltufin,
1085 2617 1108 2676 1,
1123 2624 1196 2680 1-24,
1210 2629 1256 2668 ctc.

243 2681 278 2728 Lu
298 2681 412 2727 solution
429 2681 460 2727 de
480 2683 549 2727 cette
567 2679 710 2727 antinomie
728 2683 872 2741 apparente
886 2681 920 2726 du
930 2681 1002 2741 juste
1019 2679 1171 2739 perse'cutc'e
1187 2689 1215 2730 et
1227 2686 1257 2729 dn

242 2743 362 2789 criminel
376 2743 541 2804 triumphant
554 2756 581 2787 sc
596 2745 688 2788 trouve
707 2743 772 2788 duos
789 2742 812 2787 le
830 2743 924 2800 dogme
937 2742 970 2788 do
982 2742 1005 2788 la
1021 2741 1203 2792 Providence
1217 2746 1256 2806 qui

242 2818 310 2850 nous
324 2803 399 2850 mune
419 2818 465 2864 par
476 2802 609 2864 l'dpreuve
627 2804 676 2850 sla
692 2807 769 2850 vertu
782 2802 939 2863 (stoicisme)
955 2806 982 2850 et
997 2817 1030 2849 au
1044 2802 1180 2851 bonheur
1195 2808 1258 2854 e'tcr-

242 2865 283 2912 nrl
299 2865 522 2924 (christianismo).
535 2865 557 2908 V
560 2866 600 2911 oir
608 2865 737 2925 Sdneque,
748 2865 778 2911 de
791 2863 970 2922 Prouidentia,
983 2863 1003 2924 Ι,
1013 2869 1035 2921 2,
1047 2867 1114 2921 33et
1127 2865 1256 2916 Bossuct.

241 2926 353 2974 Sermon
363 2941 411 2974 sur
423 2926 447 2973 lu
458 2927 628 2974 Providence.
639 2953 668 2960 -
676 2926 903 2986 Necessitudo,
912 2927 970 2987 plus
982 2926 1035 2972 tort
1045 2939 1096 2985 que
1112 2929 1238 2976 amicitia
1251 2945 1256 2975 τ
1315 2936 1316 2990 l

242 3003 272 3035 cc
286 2991 347 3036 sont
362 2988 399 3035 les
413 2988 667 3035 liensclel'intimitd
685 3003 718 3035 ou
734 2989 766 3034 de
784 2987 808 3034 lu
826 2988 985 3049 parente'.-
1001 2985 1200 3040 Similitudo
1223 2993 1255 3038 Lu
1315 2993 1316 3044 ζ

241 3048 1254 3172 utut‘'ttttsssllultultus}uttlttththhtttutu
1316 3068 1317 3140 ἴ

241 3175 336 3221 aetate.
356 3149 466 3236 S'npieus
484 3175 537 3220 lom
554 3187 639 3235 aequo
657 3172 745 3220 animo
763 3126 852 3219 dionis
868 3173 939 3234 apud
956 3172 1022 3220 ulios
1039 3170 1113 3217 uidet
1132 3178 1255 3222 contem·

244 3234 338 3297 nitque
357 3249 437 3298 quum
455 3233 562 3297 Jupiter
576 3249 581 3281 :
595 3237 620 3280 et
638 3234 686 3281 hoc
704 3248 731 3281 se
750 3233 833 3296 mopis
853 3234 973 3296 suspicit,
992 3233 1064 3296 quod
1080 3232 1198 3294 Jupiter
1217 3237 1254 3282 uti

245 3295 300 3343 iltis
322 3311 373 3344 non
390 3297 484 3358 potest,
503 3295 609 3359 sapiens
626 3311 678 3343 non
691 3296 750 3343 uult
766 3315 787 3343 s.
803 3321 830 3330 —
850 3297 1003 3352 Exactor,
1024 3295 1157 3355 implique
1176 3297 1253 3344 l'idce

244 3357 404 3418 d'exisence.
424 3385 453 3392 -
473 3358 666 3416 Escendere,
686 3357 746 3420 plus
761 3358 815 3404 sort
836 3373 886 3418 que
906 3356 1054 3404 escendere.
1072 3356 1110 3402 Cf.
1134 3357 1252 3405 Bossuct.

245 3420 300 3480 (Or.
322 3421 376 3467 tun.
397 3421 429 3467 de
449 3420 474 3466 la
493 3420 565 3466 reine
582 3419 696 3481 d‘Angl.)
714 3433 718 3467 :
733 3439 743 3462 (ι
761 3432 791 3465 ce
810 3420 910 3466 sent-ier
922 3418 1038 3466 solitaire
1056 3421 1082 3464 et
1098 3419 1167 3464 rude
1180 3422 1216 3466 ou
1230 3422 1251 3466 h·

242 3481 315 3541 justo
328 3483 428 3543 grimpe
445 3482 535 3542 plutdt
552 3480 615 3543 qu'il
627 3496 659 3528 ne
672 3481 777 3528 marche
792 3500 811 3527 n.
828 3508 859 3516 -
875 3479 1034 3536 Licentia,
1048 3479 1250 3530 audaciam:

245 3543 403 3590 sentiments
422 3542 544 3605 otranges
560 3544 622 3590 chez
640 3557 675 3589 un
695 3543 853 3603 philosophe
871 3543 915 3604 qui
935 3557 948 3588 s
968 3543 990 3588 si
1011 3539 1250 3602 magnifiquemcnt

245 3603 332 3709 plpide
343 3603 367 3650 la
380 3618 458 3710 celiuse
470 3605 507 3725 de)
515 3603 688 3652 tafraternite
699 3605 768 3651 etde
780 3604 805 3649 ln
818 3604 953 3650 solidarite
964 3602 1101 3650 humaines
1112 3601 1136 3662 (d
1150 3603 1247 3662 Lucil,

253 3679 270 3710 ,o
287 3667 303 3709 t.
317 3669 346 3708 95
359 3667 386 3710 et
410 3666 454 3710 eu.
469 3668 518 3711 45.

632 3786 830 3870 .-us-·-
