2658 4244
334 152 391 210 78.
407 155 548 210 Moeurs
564 155 631 209 des
647 153 810 210 Gaulois.

396 255 443 319 (De
456 257 595 304 Gallorum
612 256 752 318 moribus.)

116 390 146 447 ln
164 389 291 469 reliquis
309 389 381 448 vilae
398 389 559 458 insliluliS,
573 390 631 447 hoc
644 389 705 447 lere
717 389 754 447 ab
763 389 1075 468 reliquis*dille1·unl,
1092 385 1134 448 3⁸

82 487 154 564 quod
170 508 242 546 suos
261 486 384 560 liberos,
403 487 460 544 nisi
478 507 548 544 cum
573 486 777 544 aduleverunl
799 489 853 544 ut*
871 506 982 544 munus
1000 485 1078 542 mili-

83 583 123 640 liae
143 584 293 643 sustinere
313 583 442 662 possint,
467 583 566 662 palam
589 582 626 641 ad
649 604 681 642 se
706 581 789 641 adire
814 603 876 640 non
905 582 1076 661 paliunlur,

82 679 228 760 liliumque
246 680 357 760 puerili
374 683 493 748 aelate*,
522 680 552 737 in
575 680 711 759 publico,
741 680 771 737 in
791 687 959 758 conspectu
982 678 1078 758 patris

82 778 219 847 assistere,
240 785 329 856 turpe
351 777 479 835 ducunt.
500 777 577 847 Viri,
597 785 727 856 quantas
750 776 896 855 pecunias
916 776 953 834 ab
977 774 1081 834 uxori·

81 871 128 931 bus
144 874 223 932 dolis
242 874 365 932 nomine
381 881 576 952 acceperunt,
604 881 704 932 lentas
733 894 770 931 ex
788 873 850 931 suis
875 873 975 945 boniS,
995 872 1079 930 aesli-

82 972 201 1029 melione
221 970 311 1042 facta,
333 991 404 1028 cum
420 970 544 1029 dotibus
573 971 832 1028 communicant*.
852 969 954 1049 Hujus
978 969 1078 1027 omnis

81 1069 206 1144 pecuniae
221 1067 431 1146 conjunctim*
448 1067 527 1126 ralio
542 1066 683 1138 habetur,
701 1067 883 1146 fructusque
901 1073 1075 1124 servantur.

83 1164 147 1222 Uter
159 1185 267 1223 eorum
285 1165 348 1222 vila
366 1165 524 1244 superavit
534 1165 556 1234 *,
577 1163 614 1222 ad
635 1185 705 1222 eum
730 1183 801 1243 pars
822 1161 989 1243 'utriusque
1007 1183 1077 1221 cum

81 1261 240 1320 lruclibus'
257 1261 451 1340 superiorum
466 1268 640 1339 temporum
660 1260 812 1339 pervenit.
832 1259 898 1318 Viri
911 1261 942 1318 in
955 1280 1075 1331 uxoreS,

80 1358 158 1416 sicuti
183 1359 214 1416 in
240 1357 366 1430 liberoS,
396 1358 467 1416 vilae
489 1358 634 1436 necisque
655 1357 787 1416 habent*
814 1364 1016 1436 potestatem
1047 1362 1079 1414 et

79 1474 140 1511 cum
166 1455 387 1534 paterfamilias
417 1454 583 1512 illustriore
617 1453 685 1512 loco
719 1462 810 1512 natus
842 1454 982 1525 decessit,
1011 1453 1078 1533 ejus

80 1552 235 1631 propinqui
254 1552 458 1622 conveniunt,
476 1551 558 1609 etde
575 1558 673 1608 morte
691 1550 715 1607 si
729 1553 798 1609 res*
822 1551 851 1608 in
871 1551 1077 1629 suspicionem

80 1648 165 1718 venit,
175 1648 212 1706 de
223 1649 391 1707 uxoribus*
401 1648 432 1706 in
444 1648 586 1706 servilem
599 1647 725 1706 modum
737 1648 939 1726 quaeslionem
951 1647 1075 1719 habent,

79 1751 114 1811 el,
130 1745 153 1802 si
164 1754 356 1824 compertum
374 1752 430 1816 est,
451 1745 513 1822 igni
527 1753 619 1823 alque
637 1743 780 1802 omnibus
795 1744 955 1803 tormentis
969 1766 1077 1803 excru-

78 1841 163 1900 elatas
171 1843 373 1900 inlerficiunl.
388 1841 510 1900 Funera
523 1851 596 1899 sunt
607 1841 775 1920 procullu*
790 1841 948 1900 Gallorum
963 1843 1079 1918 magni-

80 1937 129 1996 fica
145 1946 175 1997 et
189 1947 386 2018 sumptuosa;
406 1939 572 2018 omniaque
586 1959 654 2017 quae
670 1937 749 1995 vivis
766 1937 851 1996 cordi
863 1938 978 1997 luisse*
1000 1939 1077 1997 arbi-

80 2043 191 2095 trantur
209 2037 240 2093 in
260 2037 361 2112 ignem
375 2036 524 2106 inserunt,
543 2036 633 2093 eliam
653 2035 809 2107 animalia;
830 2056 865 2093 ac
883 2035 975 2114 paulo
986 2057 1078 2116 supra

81 2131 150 2191 hanc
170 2133 383 2205 memoriam*,
406 2133 506 2192 servi*
529 2141 559 2190 el
581 2132 708 2190 clientes
735 2153 812 2211 quos
827 2133 864 2191 ab
889 2133 924 2190 iis
949 2133 1078 2191 dilectos

79 2249 136 2286 esse
148 2231 320 2302 constabat,
328 2229 422 2309 justis
432 2232 443 2254 *
454 2229 637 2287 funebribus
649 2228 809 2301 conlectis,
827 2250 885 2287 una
899 2231 1080 2289 cremaban-

83 2332 136 2385 lur.

106 2431 143 2480 N⁰
156 2432 199 2484 '78
216 2445 223 2482 1
240 2433 290 2482 Ab
303 2431 442 2494 reliquis
457 2447 463 2480 z
482 2432 520 2479 les
534 2431 626 2490 Grecs,
642 2431 681 2478 les
694 2431 829 2478 Romains.
842 2459 872 2466 —
884 2432 929 2482 nt
940 2451 971 2474 =
985 2431 1021 2479 ila
1039 2433 1077 2480 ul.

21 2497 22 2548 ζ
78 2517 101 2526 -
120 2493 239 2553 AEtate,
256 2495 354 2541 ablatis
371 2495 404 2540 de
419 2494 529 2556 qualite.
549 2520 579 2529 ·-
600 2493 918 2542 communicantzce
958 2509 989 2540 ue
1011 2509 1080 2541 nous

77 2556 200 2615 appelons
214 2557 238 2602 le
254 2556 353 2616 rc'gime
366 2557 399 2602 de
414 2556 439 2602 la
456 2556 657 2602 conimunnule.
679 2581 706 2589 ·-
729 2509 999 2617 conjunctimlou
1018 2571 1080 2602 con-

76 2615 175 2720 ἱ11111111)
190 2633 217 2666 se
232 2618 384 2678 rapporleel
401 2616 516 2664 liabetur
531 2620 558 2663 et
576 2618 589 2663 ὲ
609 2619 760 2663 servantur.
774 2643 803 2652 -
813 2616 1000 2677 Sapei-avit,
1012 2618 1079 2664 dans

87 2693 169 2726 csens
180 2679 337 2727 intransitil.
353 2705 379 2713 -
393 2677 472 2728 Cum
485 2679 656 2727 fructibus
670 2679 705 2724 :il
722 2676 798 2738 s'agit
814 2679 861 2724 des
876 2693 990 2725 revenus
1009 2680 1079 2740 capi-

76 2740 160 2787 talisls
172 2740 291 2801 (fructus
303 2741 466 2801 servanlur),
477 2741 543 2786 mais
553 2741 633 2801 apres
644 2740 668 2785 le
681 2739 822 2800 decomple
831 2740 879 2786 fait
892 2741 939 2786 dos
948 2741 1078 2801 depensos

77 2801 231 2850 nrlcessitees
251 2817 299 2864 par
314 2801 464 2849 l'entretien
487 2802 519 2847 de
544 2802 568 2848 la
587 2800 696 2848 samille.
722 2828 748 2836 -
772 2801 912 2858 Habent,
936 2816 1038 2848 comme
1063 2803 1077 2849 11

77 2860 166 2920 Rome,
178 2865 244 2911 mais
256 2864 338 2911 Cesar
348 2867 389 2910 est
402 2864 458 2910 seul
471 2864 520 2910 ule
532 2864 588 2910 dire
602 2864 649 2909 des
663 2862 774 2909 Gaulois
789 2900 793 2910 .
806 2863 845 2910 Cs.
859 2863 960 2920 Tacite,
978 2864 1076 2922 Germ,

76 2927 190 2984 unna,
217 2925 289 2983 XIV,
303 2930 347 2984 353
364 2925 518 2986 Plutarque,
536 2924 632 2971 Verlus·
652 2925 697 2970 des
719 2923 837 2984 semines,
857 2929 894 2971 111,
912 2952 943 2959 -
960 2925 1027 2974 Res
1048 2945 1078 2968 =

76 2999 156 3035 causa.
178 3015 206 3022 -
232 2987 279 3036 De
299 2986 469 3038 uxoribus.
496 2985 516 3032 11
541 2986 643 3033 semble
663 2985 768 3046 d'opres
792 3001 822 3032 ce
844 3001 955 3046 passage
979 3003 1031 3048 que
1052 2987 1078 3034 la

77 3048 218 3109 polygamic
231 3049 297 3096 elait
314 3064 345 3096 en
362 3063 444 3109 usage
458 3048 521 3094 chez
538 3048 577 3095 les
595 3049 669 3094 clicls
684 3047 795 3108 patilois.
814 3047 852 3094 Cf.
871 3052 998 3108 pourlant
1018 3048 1076 3107 Vll,

76 3112 109 3165 66,
122 3113 154 3158 οὺ
167 3111 248 3158 Cesar
260 3111 300 3158 dit
310 3111 333 3157 le
347 3110 492 3158 contraire.
507 3109 545 3156 Cl.
564 3110 664 3160 Tacite.
680 3111 778 3168 Germ,
791 3113 828 3156 18.
842 3137 872 3143 —
884 3110 947 3159 Pro
961 3111 1055 3160 cultu
1071 3126 1076 3158 :

76 3169 90 3213 il
101 3170 173 3232 s'agil
185 3174 221 3219 du
232 3187 312 3231 genre
325 3173 358 3219 de
371 3172 423 3231 vie,
435 3172 470 3217 du
483 3171 565 3230 degeo
578 3172 610 3218 tle
624 3171 796 3218 civilisalion,
810 3170 949 3221 —Cordi
962 3171 1077 3231 fuisse,

76 3245 170 3281 comme
183 3251 215 3281 en
229 3235 342 3295 Egypte.
356 3232 396 3280 On
408 3236 512 3290 trouve,
525 3248 557 3278 en
571 3234 642 3290 ellel,
655 3234 720 3279 dans
732 3233 770 3279 los
782 3233 932 3293 sepulturus
945 3235 1077 3293 gauloiscs

76 3293 220 3353 desarmes,
235 3297 283 3342 des
297 3309 374 3342 vases
386 3294 502 3355 d'argilc,
517 3295 563 3340 des
576 3299 727 3341 osscmenls
741 3293 900 3341 d'nnimaux.
915 3323 943 3329 -
959 3297 1078 3345 Memo-

76 3355 161 3405 riam.
175 3359 214 3405 Cl.
228 3356 404 3418 l'expression
419 3358 529 3418 patrum
547 3356 682 3403 memoria.
700 3383 727 3390 --
742 3355 847 3405 Servi.
865 3357 912 3403 Cel
926 3373 1006 3418 usage
1020 3358 1078 3405 bar-

76 3415 132 3464 bare
145 3419 245 3466 semble
263 3419 391 3480 provenir
406 3419 438 3465 de
456 3419 480 3464 la
494 3433 626 3478 croyance
642 3420 656 3464 el
674 3432 724 3464 une
742 3423 817 3464 autre
836 3419 886 3464 vic.
906 3418 945 3464 On
962 3419 1078 3480 esperait

76 3491 121 3536 que
139 3481 160 3527 le
177 3481 274 3528 dosunt
285 3481 464 3528 retrouverait
482 3480 552 3526 ainsi
570 3481 637 3526 dans
651 3479 743 3526 l'aulrc
762 3481 858 3526 monde
877 3483 938 3527 tous
953 3496 1020 3528 ceux
1032 3483 1077 3543 qui

76 3537 106 3585 lui
120 3542 217 3590 etaient
230 3544 317 3590 chers.
332 3541 372 3589 On
384 3542 509 3603 deposuit
523 3543 609 3588 meme
624 3556 670 3588 sur
683 3540 706 3586 lo
720 3541 821 3587 hueber
837 3542 884 3588 des
897 3541 990 3590 lettres
1003 3545 1017 3589 a
1030 3559 1078 3590 son

75 3603 174 3652 adresse
192 3605 295 3663 (Diod,
323 3605 355 3662 V,
375 3605 422 3664 28),
450 3618 515 3650 avec
541 3604 565 3650 la
586 3603 686 3664 pcnsele
704 3601 766 3664 qu'il
782 3604 903 3664 pourrait
922 3604 960 3651 les
976 3605 1032 3652 lire.
1049 3632 1078 3640 -

74 3663 183 3725 Justis,
197 3668 253 3728 pris
267 3666 522 3713 substantivemenl.

101 3744 140 3792 N⁰
167 3747 210 3796 ’79
234 3765 242 3793 :
271 3743 522 3800 Vellaunoduni,
550 3744 754 3804 probablemcnl
783 3743 1079 3804 Toncy-sur-l‘Ouannc

77 3804 193 3870 ll'onne).
218 3833 246 3842 -
265 3805 392 3855 Genabl
410 3805 507 3867 (Gien).
526 3832 554 3840 -
577 3805 772 3864 Novioduni,
797 3806 1000 3867 probablcinenl
1016 3807 1079 3852 San-

495 3914 632 3962 -Ῑ9-
