2696 4244
376 171 459 227 222.
480 171 550 226 Les
570 168 748 226 electione
767 177 788 226 a
808 171 929 226 Rome.

296 265 379 328 (Quae
390 263 478 325 suerit
488 265 560 327 apud
572 264 710 324 Romanos¹
719 264 788 312 ratio
801 261 994 324 comitiorum.)

191 379 278 446 Quod
301 377 446 452 fretum*,
461 398 559 460 ‘quem
576 379 749 458 Euripum*
767 385 814 438 tot
829 386 941 449 motuS,
960 384 1071 446 tantam,
1089 383 1149 435 tam
1169 376 1211 439 2‘

154 477 252 535 varias
266 476 378 534 habere
393 477 514 555 putatis
533 476 717 555 agitationes
738 477 917 547 fluctuum*,
940 480 1070 555 quantas
1084 463 1164 554 per-¹

78 576 82 582 '
153 573 344 632 turbationes
355 579 386 630 et
399 580 533 653 quantos
548 580 641 631 aestus
655 573 835 631 habetratio
848 571 1066 632 comitiorum?
1079 569 1153 630 Dies

149 669 345 728 intermissus
371 689 460 742 unus,
488 677 542 728 aut
572 690 634 729 nox
664 669 847 749 interposita
880 688 960 748 saepe
993 667 1154 746 perturbat

151 765 266 837 omnia,
279 773 310 824 et
324 773 421 825 totam
434 767 612 846 opinionem
627 787 723 846 parva
736 786 968 846 nonnumquam
984 770 1155 822 commutat

151 863 243 920 aura*
258 863 401 921 rumoris.
421 863 509 942 Saepe
522 863 614 921 etiam
630 863 696 922 sine
709 863 770 923 ulla
788 870 893 942 aperta
909 882 1000 920 causa
1015 862 1050 919 fit
1071 859 1153 919 aliud

153 965 245 1037 atque
260 959 456 1031 existimaris
479 966 513 1018 ut
530 979 762 1038 nonnumquam
785 961 827 1017 ita
851 959 965 1017 sactum
981 978 1046 1016 esse
1062 957 1154 1014 etiam

153 1055 287 1134 populus
301 1055 481 1127 admiretur,
499 1056 585 1136 quasi
604 1077 677 1114 vero
692 1077 752 1114 non
769 1056 835 1135 ipse
854 1055 994 1114 lecerit*.
1012 1053 1095 1112 Nihil
1111 1059 1158 1110 est

153 1152 301 1210 incertius
320 1152 425 1230 vulgo,
443 1153 519 1210 nihil
538 1153 700 1212 obscurius
715 1153 875 1211 voluntate
892 1152 1063 1224 hominum,
1081 1149 1157 1207 nihil

154 1247 293 1308 fallacius
323 1250 442 1308 ratione
469 1257 533 1308 tota
565 1251 772 1309 comitiorum.
801 1250 876 1316 Quis
898 1251 931 1308 L.
960 1246 1158 1327 Philippum*

154 1365 275 1404 summo
294 1346 430 1423 ingeni0,
450 1348 573 1425 opera*,
592 1347 699 1426 gratia,
718 1346 878 1405 nobilitate
902 1368 918 1406 a
939 1346 982 1404 M.
1001 1343 1157 1404 Herennio

154 1442 291 1520 superari
306 1462 395 1521 posse
411 1443 579 1502 arbitratus
592 1446 660 1502 est?
675 1443 750 1510 Quis
770 1444 805 1510 Q.
825 1442 998 1514 Catulum*,
1015 1439 1158 1500 humani-

156 1545 229 1609 tate,
253 1539 414 1618 sapientia,
438 1540 615 1619 integritate
637 1540 882 1610 antecellentem,
904 1560 920 1597 a
946 1539 1004 1598 Cn.
1027 1537 1159 1597 Mallio?

154 1635 230 1702 Quis
254 1635 298 1694 M.
324 1636 498 1708 Scaurum*,
526 1637 682 1695 hominem
708 1637 933 1715 gravissimum,
951 1636 1050 1693 civem
1075 1654 1160 1710 egre-

118 1726 124 1744 ’
155 1732 472 1809 gium,fortissimum
496 1742 681 1798 senatorem,
702 1754 716 1792 a
734 1734 769 1800 Q.
788 1734 963 1792 llaximo*‘t
979 1733 1047 1792 Non
1068 1729 1160 1789 modo
1231 1799 1235 1807 Ι

156 1829 286 1887 horum*
302 1829 378 1888 nihil
394 1829 436 1888 ita
455 1831 522 1889 iore
541 1838 683 1909 putatum
703 1839 759 1901 est,
781 1830 833 1888 sed
854 1851 891 1888 ne
912 1850 980 1888 cum
1002 1837 1081 1910 esset
1102 1827 1162 1885 lac-

157 1933 221 1983 tum
245 1925 381 2004 quidem,
406 1947 500 2007 quare
529 1927 570 1985 ita
600 1927 714 1985 sactum
742 1935 832 1995 esset,
864 1927 1000 2003 intellegi
1025 1924 1158 2004 potuit*.

158 2023 246 2092 Nam,
268 2029 302 2081 ut
323 2029 521 2100 tempestates
542 2044 623 2102 saepe
642 2033 727 2082 certo
747 2024 850 2102 aliquo
872 2024 948 2082 caeli
971 2023 1058 2100 signo
1078 2040 1162 2079 com-

156 2126 331 2194 moventur,
347 2139 428 2200 saepe
441 2116 610 2199 improviso
627 2121 710 2180 nulla
726 2142 762 2179 ex
778 2129 860 2180 certa
875 2119 1004 2194 ratione,
1020 2118 1151 2177 obscura

157 2216 260 2296 aliqua
279 2237 316 2274 ex
337 2237 429 2288 causa¹
451 2218 671 2277 concitantur:
689 2219 733 2276 sic
751 2218 783 2275 in
799 2217 855 2276 hac
873 2217 1067 2276 comitiorum
1087 2223 1159 2286 tem,

157 2321 276 2392 pestate
293 2314 435 2393 populari
457 2335 537 2393 saepe
556 2314 661 2372 intelle
674 2334 728 2392 gas
748 2335 809 2393 quo
832 2314 919 2390 signo
944 2320 1098 2371 commota
1122 2311 1163 2369 sit

159 2431 240 2489 saepe
256 2411 298 2469 ita
313 2411 444 2470 obscura
457 2418 514 2484 est,
532 2415 566 2468 ut
583 2431 655 2469 casu
670 2412 802 2470 excitata
813 2431 878 2468 esse
890 2410 1040 2468 videatur.

190 2577 231 2626 N⁰
242 2577 308 2628 222
322 2592 328 2626 :
342 2578 486 2639 Fretum,
501 2593 534 2626 en
547 2577 652 2639 general
667 2577 782 2631 de'troit;
799 2577 965 2639 quelquelois
977 2577 1001 2624 le
1014 2575 1114 2624 (1011011
1126 2578 1160 2624 de

161 2639 287 2686 Messine.
307 2667 337 2674 -
354 2639 520 2701 Euripum,
539 2641 614 2686 canat
632 2654 665 2686 ou
684 2640 746 2686 bras
766 2640 799 2686 de
819 2653 875 2686 mer
894 2643 968 2686 entre
987 2637 1117 2700 l'Attique
1137 2641 1164 2685 et

160 2701 278 2759 l'Eube'e,
296 2703 330 2748 οὺ
346 2702 370 2748 10
387 2701 441 2748 ssux
460 2703 487 2748 et
505 2701 529 2748 le
548 2701 632 2748 rellux
649 2714 676 2748 se
696 2702 820 2748 faisaient
837 2702 928 2758 sentir,
946 2701 1081 2756 disan-on,
1100 2704 1162 2761 sept

162 2763 212 2809 fois
227 2763 251 2809 le
269 2763 325 2810 'our
342 2767 368 2810 et
381 2765 442 2824 sept
455 2763 505 2810 sois
521 2763 624 2810 lenuit.
644 2789 673 2797 -
690 2762 874 2813 Fluctuum.
889 2762 927 2810 cf.
944 2762 995 2809 Pro
1008 2760 1127 2819 Plancio,
1139 2768 1162 2819 6,

163 2828 236 2870 151«
253 2779 315 2872 illae
334 2825 420 2872 undae
438 2823 618 2882 comitiorum,
639 2826 667 2870 ut
685 2839 757 2872 mare
774 2823 942 2887 profundum
955 2826 979 2870 et
994 2823 1162 2882 immensum,

162 2885 200 2932 sic
212 2884 397 2948 effervescunt.
408 2905 419 2928 n
431 2912 460 2920 -
468 2885 569 2943 Aura,
582 2885 737 2948 mc'taphore
748 2887 874 2948 poetique
884 2899 890 2942 ;
899 2886 917 2932 il
958 2901 990 2932 en
1003 2900 1018 2932 a
1032 2885 1164 2946 plusieurs

162 2951 252 2994 autres
265 2948 332 2994 dans
345 2962 374 2994 ce
386 2961 497 3008 passage
512 2963 517 2995 :
529 2962 613 3009 paene
628 2947 734 3008 poetico
747 2947 854 3010 spiritu,
869 2948 909 2994 dit
944 2947 1030 2995 uintil.
1044 2947 1127 3008 (Vlll,
1140 2952 1162 3005 3,

164 3009 211 3070 80).
226 3008 265 3056 cf.
278 3009 332 3056 Pro
343 3008 449 3067 Milone,
460 3014 496 3056 16.
506 3036 535 3044 -
545 3010 618 3070 lpse
628 3010 752 3059 fecerit.
763 3009 833 3056 Crst
845 3010 964 3070 piquant.
978 3008 1018 3056 Cf.
1033 3007 1162 3070 seneque,

164 3069 195 3116 de
213 3069 271 3117 Vita
283 3069 370 3128 beata,
384 3075 406 3118 1.
423 3069 461 3118 Cl.
477 3070 617 3129 Corneille,
636 3072 728 3128 Cinna,
746 3071 778 3124 ll,
792 3075 804 3117 1
820 3071 908 3118 :Mais
925 3071 1014 3132 quand
1027 3071 1051 3117 le
1068 3071 1164 3131 peuple

164 3135 206 3178 est
215 3135 309 3179 mettre
320 3146 354 3178 on
368 3131 449 3193 n'agit
457 3131 534 3193 qu'en
544 3133 657 3180 tumulte
668 3147 673 3190 ;
688 3133 723 3179 La
735 3133 796 3178 voix
807 3134 839 3179 de
850 3133 874 3179 la
885 3133 973 3180 raison
982 3132 1078 3193 Jamais
1091 3147 1124 3178 ne
1137 3146 1165 3178 se

163 3194 294 3241 consulte.
310 3220 340 3227 -
360 3193 546 3255 Philippum
564 3194 628 3241 c'est
644 3193 770 3241 l'orateur
787 3195 936 3256 (vehemens
953 3197 977 3241 et
991 3195 1118 3251 disertae,
1132 3194 1165 3240 de

163 3254 238 3302 Orat.
248 3255 295 3314 111,
307 3254 339 3315 1).
351 3281 380 3289 -
391 3255 508 3316 Opera,
522 3271 543 3302 s.
555 3256 671 3303 entendu
684 3254 794 3314 forensi.
805 3257 843 3302 Cf.
858 3256 970 3314 Horace,
988 3256 1010 3303 Ε
1031 3292 1046 3311 .,
1064 3255 1083 3310 Ι,
1096 3260 1118 3302 1.
1136 3283 1166 3290 -

164 3315 316 3366 Catulum
336 3332 341 3363 :
361 3317 436 3363 illut
453 3317 531 3364 battu
544 3333 576 3364 en
593 3321 637 3364 105
670 3331 699 3363 ar
713 3332 748 3363 un
765 3318 913 3378 incapable,
928 3319 973 3366 Cn.
1022 3318 1107 3364 allius.
1127 3317 1165 3363 En

166 3382 218 3434 101,
232 3377 249 3424 11
263 3378 322 3425 aida
340 3378 440 3425 Marius
456 3379 571 3426 abattre
588 3379 626 3425 les
661 3379 760 3426 imbres
777 3381 792 3426 a
810 3379 922 3427 Verceil.
936 3379 1140 3429 —Scaurum
1159 3393 1164 3426 :

164 3441 198 3486 de
213 3440 237 3486 10
255 3441 310 3486 tres
327 3441 454 3487 ancienne
485 3454 531 3487 ens
544 3439 669 3496 AEmilia;
687 3441 705 3487 il
719 3442 759 3488 sut
773 3441 833 3502 plus
849 3444 908 3489 tard
921 3443 1011 3504 prince
1029 3442 1064 3487 du
1080 3440 1165 3498 se'nat,

165 3504 193 3548 et
205 3503 275 3548 deux
287 3501 337 3548 fois
350 3503 453 3550 consul.
465 3455 577 3550 lliceron
590 3517 622 3548 en
635 3516 650 3548 a
668 3502 716 3549 1011
728 3501 834 3561 Pelope,
850 3505 916 3551 mais
929 3503 1043 3552 Salluste
1060 3517 1074 3549 0
1089 3502 1166 3562 porte

166 3578 212 3610 sur
233 3563 268 3610 lui
289 3578 323 3609 un
339 3563 476 3624 jugement
493 3564 584 3611 101010
604 3563 827 3626 (1090111010.
851 3592 880 3600 -
903 3563 1049 3615 Maximo
1068 3579 1073 3610 :
1090 3563 1108 3610 il
1125 3565 1167 3611 sut

165 3625 259 3671 consul
272 3639 304 3671 en
318 3629 370 3682 116,
385 3629 412 3672 01
424 3626 575 3672 0011101111ηέ
588 3624 725 3673 Eburnus.
738 3653 767 3663 -
782 3627 904 3676 Horum
917 3646 946 3668 =
957 3640 1051 3672 earum
1064 3639 1165 3673 rerum.

168 3713 194 3721 -
213 3686 331 3736 Potuit.
350 3686 457 3734 C'estla
476 3688 683 3734 condamnation
702 3688 737 3734 du
755 3693 816 3735 vote
834 3689 979 3749 populaire.
994 3687 1033 3734 Cf.
1054 3686 1085 3732 de
1104 3687 1165 3747 Rep.

167 3746 200 3806 ll,
217 3752 254 3804 22,
274 3750 308 3794 ort
326 3747 749 3798 0100100101ιο8011100101011
765 3751 916 3796 1101100ου1
934 3753 962 3796 98
982 3749 1116 3795 centurias
1134 3749 1167 3794 dc

165 3810 191 3856 la
205 3813 237 3854 1η
251 3810 335 3857 classe
352 3810 377 3857 lu
396 3811 611 3872 pre'ponde'rance
629 3813 696 3859 dans
713 3813 751 3858 les
767 3812 903 3858 c'lections.

589 3917 748 3968 effi-
