2756 4238
96 19 216 98 '⁹

220 149 305 208 268.
321 153 372 207 De
385 150 590 208 l'arfection
605 151 713 222 qu’on
727 150 804 210 doit
820 150 844 208 e
858 152 897 207 la
911 150 1062 221 femine,

332 239 568 310 crepante,
589 252 637 297 au
657 253 771 310 genre
790 239 951 296 humeln.

183 341 262 404 (Quid
275 341 403 404 familiae,
416 343 483 408 quid
492 344 607 408 patriae,
619 344 687 408 quid
700 344 817 393 humano
831 343 928 410 qcncri
939 343 1102 406 debeamus.)

181 465 302 526 Gradus
329 475 432 527 autem
464 469 566 548 plures
599 476 673 528 sunt
706 469 862 528 societatis
892 467 1067 529 hominum.
1101 462 1219 532 Uter

111 579 115 586 ’
138 564 223 622 enim
244 564 282 623 ab
302 565 444 624 infinita*
464 565 515 624 illa
543 566 745 635 discedatur*,
775 567 902 646 propior
930 573 977 624 est
1002 565 1141 645 ejusdem

137 660 271 738 gentis*‚
295 663 460 736 nationis*,
481 663 605 740 linguae,
628 684 686 742 qua
707 663 838 722 maxime
853 662 994 722 homines
1011 663 1143 740 coujun-

136 765 255 834 guutur
274 777 281 818 t
300 759 451 818 interius*
465 761 558 819 etiam
572 768 629 828 est,
648 761 787 839 ejusdem
801 781 867 819 esse
878 759 1024 820 civitatis.
1041 759 1142 818 Multa

137 855 221 913 enim
241 864 314 915 suut
328 857 447 916 civibus
462 858 543 916 inter
557 878 589 916 se
606 857 791 929 communia,
812 857 923 932 iorum,
943 857 1024 929 fana,
1043 855 1141 936 porti-

137 973 205 1025 cus,
233 954 302 1026 viae,
328 953 421 1032 leges,
444 954 526 1034 jura,
555 954 685 1034 judicia,
718 955 873 1033 suffragia,
903 952 1141 1014 consuetudines

137 1057 297 1128 praeterea
325 1058 357 1110 et
383 1051 626 1125 familiaritateS,
654 1052 820 1132 multisque
852 1069 922 1111 cum
956 1051 1061 1112 multis
1092 1070 1140 1108 res

137 1147 356 1228 rationesque*
372 1155 549 1208 contractae.
568 1149 676 1208 Artior
690 1170 764 1208 vero
779 1149 936 1228 colligatio
951 1155 998 1208 est
1011 1148 1141 1208 societa-

136 1243 179 1303 tis
194 1245 438 1325 propinquorum
455 1265 461 1305 :
476 1245 514 1304 ab
525 1246 574 1305 illa
591 1246 673 1305 enim
688 1246 837 1305 immensa
852 1246 998 1306 societate
1013 1243 1141 1319 humaui

138 1343 260 1420 generis
293 1342 324 1401 in
353 1343 497 1421 exiguum
525 1349 752 1424 angustumque
789 1342 1005 1402 concluditur.
1038 1342 1142 1401 Prima

138 1439 270 1498 societas
289 1439 321 1498 iu
343 1439 412 1520 ipso
433 1440 579 1520 conjugio
603 1448 659 1512 est,
683 1440 822 1519 proxima
837 1440 869 1498 iu
883 1439 1008 1514 liberis;
1030 1438 1142 1498 deiude
1205 1487 1208 1492 .

139 1557 201 1596 una
219 1536 339 1611 domus
361 1538 535 1597 communia
555 1539 669 1598 omnia.
692 1537 745 1600 ld,*
763 1545 866 1597 autem
888 1544 934 1596 est
953 1536 1142 1617 principium

139 1633 225 1692 urbis
234 1635 256 1704 *‚
272 1639 302 1692 et
316 1634 403 1714 quasi
414 1635 611 1694 seminarium
622 1634 810 1715 reipublicae.
823 1634 1003 1715 Sequuntur
1013 1633 1142 1693 fratrum

139 1731 396 1810 conjunctiones;
412 1739 483 1812 post
498 1732 773 1791 consobrinorum*
796 1732 1054 1810 sobrinorumque
1076 1728 1141 1809 qui,

139 1849 210 1888 curn
226 1849 287 1887 una
307 1828 399 1891 domo
411 1828 475 1909 jam
493 1830 561 1908 capi
582 1850 642 1888 non
658 1829 790 1909 possint,
805 1827 838 1888 in
856 1828 930 1888 alias
946 1827 1054 1887 domos
1066 1833 1144 1886 tam-

139 1945 233 2003 quam
253 1925 285 1983 in
304 1924 442 1984 colonias
461 1932 585 1985 exeunt.
608 1926 804 2007 Sequuntur*
822 1925 976 1985 conubia*
995 1930 1026 1984 et
1042 1923 1144 1984 alfini-

140 2021 250 2093 tates*‚
268 2023 430 2102 exquibus
445 2024 537 2082 etiam
552 2023 655 2104 plures
670 2023 837 2104 propinqui
857 2041 864 2084 :
879 2043 948 2102 quae
962 2021 1144 2103 propagatio

139 2127 170 2178 et
187 2119 310 2179 suboles
327 2121 413 2199 origo
437 2128 483 2180 est
504 2141 606 2180 rerum
626 2121 831 2200 publicarum.
854 2119 1018 2200 Sanguinis
1040 2126 1144 2178 autern

141 2217 323 2295 conjunctio
344 2217 559 2278 benevolentia
584 2217 721 2277 devincit
748 2217 888 2277 homines
918 2224 950 2276 et
977 2215 1104 2276 caritate
1134 2235 1141 2279 :

141 2334 287 2390 magnum
312 2323 358 2373 est
377 2315 458 2373 enim
481 2313 587 2373 eadem
609 2314 721 2373 habere
741 2314 959 2374 monumenta*
978 2313 1142 2393 majorum,

141 2410 248 2469 iisdem
266 2411 310 2470 uti
325 2412 449 2484 sacris*,
467 2411 626 2491 sepulcra*
639 2410 752 2470 habere
767 2410 954 2472 communia.

172 2569 213 2619 Νο
226 2569 293 2622 268
307 2582 313 2618 :
329 2569 471 2628 Infinita,
486 2571 678 2619 sous-entendu
690 2567 906 2619 societaterc’est
924 2569 949 2617 la
967 2568 1067 2618 societ&
1085 2570 1145 2618 uni-

140 2631 253 2679 ver-selle
265 2632 300 2680 du
311 2646 390 2695 genre
404 2632 520 2680 humain.
531 2660 562 2668 -
570 2631 779 2691 macedam,
795 2631 946 2694 subjonctis
954 2631 1143 2694 impersonnel.

140 2721 170 2728 -
185 2693 309 2754 Gentis,
323 2694 467 2744 nationis
479 2708 484 2742 τ
495 2693 664 2803 ρεηεὲνεοθ),
684 2696 711 2742 et
730 2693 823 2763 natio(
845 2693 941 2756 euple).
953 2719 985 2730 -·
1000 2692 1144 2744 Interius

142 2757 203 2814 est,
226 2770 240 2802 a
260 2770 329 2818 pour
340 2755 410 2818 sujet
428 2771 483 2804 esse
501 2756 561 2818 ejus
582 2770 622 2804 em
640 2754 763 2804 civitatis.
781 2781 808 2791 -
861 2768 906 2816 es,
923 2754 1071 2805 rationes
1089 2769 1095 2803 ε
1113 2769 1144 2804 ce

140 2820 204 2865 sont
221 2818 259 2865 les
271 2818 398 2865 relations
413 2817 555 2876 d'asfaireS‚
570 2819 596 2865 et
605 2818 644 2866 les
656 2818 784 2865 relations
795 2815 927 2865 d'intdret.
937 2844 967 2853 -
976 2817 1023 2877 Id,
1038 2815 1145 2880 (conju-

139 2878 236 2943 gium).
255 2907 286 2915 -
303 2879 413 2938 Urbis,
433 2893 439 2927 ε
458 2894 490 2927 en
505 2895 566 2942 grec
585 2881 663 2940 athe
683 2907 714 2915 -
733 2879 1015 2937 Consobriuorum‚
1035 2892 1066 2926 ce
1082 2881 1146 2928 sont

141 2951 180 2996 les
195 2949 235 2996 fiis
252 2951 284 2996 de
299 2949 381 2997 freres
394 2963 428 2997 ou
444 2950 476 2998 de
493 2963 579 2998 soeurs
597 2950 713 3012 (cousins
728 2949 878 3013 germains);
895 2952 921 2998 et
933 2949 971 2998 les
983 2947 1097 3008 sobrini,
1113 2963 1145 2998 ce

140 3015 204 3059 sont
218 3013 256 3058 les
270 3012 310 3058 fils
324 3012 370 3059 des
383 3010 538 3060 consobrini
554 3012 669 3074 (cousins
682 3013 751 3060 issus
760 3013 792 3059 de
805 3012 956 3074 germains).
965 3010 1145 3122 —Sezuun-

141 3077 205 3133 tur,
230 3074 415 3120 continuation
435 3074 468 3121 de
487 3072 687 3121 l'enumeration
702 3088 805 3121 comme
823 3075 883 3135 plus
900 3073 973 3121 haut.
994 3099 1021 3108 -
1070 3083 1145 3122 onu-

142 3134 199 3184 bla
216 3138 242 3183 et
259 3133 443 3185 afflnItates
464 3135 605 3198 designent
634 3137 673 3183 les
695 3135 763 3183 liens
789 3134 940 3182 d'allection
962 3135 1007 3196 qui
1027 3134 1146 3184 existent

141 3199 216 3244 entre
232 3197 270 3244 les
283 3199 392 3258 parents
404 3198 451 3245 des
461 3198 531 3244 deux
544 3197 640 3322 e‘poux.
656 3224 687 3232 -
697 3198 910 3247 Monumenta
921 3211 927 3244 :
939 3196 1032 3244 hustes
1045 3210 1076 3243 en
1090 3196 1145 3245 cire

142 3259 285 3322 {imagines
298 3285 328 3293 -
340 3259 400 3305 voir
411 3272 444 3306 au
453 3260 558 3321 lexique
572 3259 900 3322 ‚arbresgenealogiques
909 3261 961 3306 etc.
972 3285 1003 3294 -
1015 3257 1143 3307 Sacris:

141 3322 179 3367 les
195 3334 271 3368 sarra
289 3319 396 3384 privata
412 3321 445 3368 de
459 3320 561 3383 chaque
571 3321 678 3369 samille.
693 3320 776 3370 -Se
800 3320 904 3370 ulcra.
920 3319 1012 3368 Fustel
1026 3320 1059 3367 de
1072 3319 1144 3368 Cou-

141 3384 231 3444 langes
256 3396 269 3429 a
290 3383 345 3429 tr'es
362 3383 506 3430 lortement
527 3382 609 3430 etabli
624 3398 675 3456 que
690 3383 716 3430 la
732 3383 770 3431 cit
801 3383 910 3444 antique
927 3382 1045 3443 reposuit
1060 3395 1105 3428 sur
1119 3381 1144 3431 le

140 3445 212 3491 culte
226 3445 271 3491 des
284 3446 413 3492 ancetres.
432 3443 472 3493 Cl.
491 3444 678 3506 Montesqureu
694 3458 700 3493 :
722 3463 733 3488 α
752 3443 780 3493 Si
794 3444 821 3506 je
832 3443 919 3492 savais
932 3444 1046 3505 quelque
1062 3443 1144 3492 chose

141 3506 186 3566 qui
204 3520 246 3553 me
261 3507 302 3553 fut
316 3506 381 3553 utile
401 3509 427 3554 et
459 3506 485 3553 ui
499 3506 539 3553 tut
549 3505 742 3568 prejudiciable
759 3506 829 3554 hma
841 3505 947 3563 lamille,
959 3505 986 3568 je
999 3505 1023 3552 le
1038 3506 1143 3565 rejette·

142 3568 193 3614 rais
211 3568 320 3615 demon
338 3569 429 3629 esprit.
467 3568 524 3630 ije
539 3569 628 3615 savais
643 3567 757 3630 quelque
776 3567 855 3616 chose
887 3567 913 3614 ui
930 3567 969 3614 frit
985 3567 1143 3614 utilerlma

142 3629 240 3676 familie
257 3630 341 3691 etqui
360 3644 392 3676 ne
408 3630 433 3677 ie
445 3630 486 3678 sut
498 3643 545 3692 pas
559 3631 573 3676 u
589 3645 631 3677 ma
645 3631 740 3692 patrie,
756 3631 783 3692 je
795 3629 874 3677 chere
895 3629 963 3676 erais
979 3629 993 3674 u
1011 3626 1141 3676 l'oublier.

140 3691 168 3738 Si
184 3691 211 3750 je
226 3692 314 3738 savais
327 3692 441 3752 quelque
453 3691 535 3739 chose
545 3692 610 3738 utile
624 3693 638 3739 h
651 3706 694 3739 ma
705 3691 792 3754 patrie
803 3693 830 3739 et
841 3692 886 3754 qui
899 3689 941 3738 lut
951 3689 1142 3753 prejudiciable

142 3751 293 3814 al'Europe
307 3756 334 3802 et
346 3768 379 3800 au
392 3768 470 3815 genre
486 3753 603 3814 humanu,
610 3753 637 3817 je
649 3753 847 3816 leregarderais
859 3766 962 3802 comme
977 3767 1013 3800 uu
1026 3752 1117 3801 crime.
1130 3770 1141 3796 u

147 3891 153 3904 ἱ
224 3837 267 3883 Vir
280 3839 394 3895 Puhlt'que
406 3841 443 3883 des
454 3841 568 3896 Romlainr.
914 3843 917 3848 ⁴
1033 3840 1058 3882 18

562 3951 599 3963 -
617 3923 665 3975 271
686 3952 721 3964 -
