<?xml version="1.0" encoding="UTF-8"?>
<!DOCTYPE html PUBLIC "-//W3C//DTD XHTML 1.0 Transitional//EN"
    "http://www.w3.org/TR/xhtml1/DTD/xhtml1-transitional.dtd">
<html xmlns="http://www.w3.org/1999/xhtml" xml:lang="en" lang="en">
 <head>
  <title>
</title>
<meta http-equiv="Content-Type" content="text/html;charset=utf-8" />
  <meta name='ocr-system' content='tesseract 3.04.00' />
  <meta name='ocr-capabilities' content='ocr_page ocr_carea ocr_par ocr_line ocrx_word'/>
</head>
<body>
  <div class='ocr_page' id='page_1' title='image "./depublicaprivat01arnagoog_0253.png"; bbox 0 0 2696 4244; ppageno 0'>
   <div class='ocr_carea' id='block_1_1' title="bbox 279 137 1084 310">
    <p class='ocr_par' dir='ltr' id='par_1_1' title="bbox 279 137 1084 310">
     <span class='ocr_line' id='line_1_1' title="bbox 279 137 1084 213; baseline -0.005 -17"><span class='ocrx_word' id='word_1_1' title='bbox 279 138 363 196; x_wconf 77' lang='lat'>204.</span> <span class='ocrx_word' id='word_1_2' title='bbox 384 141 454 196; x_wconf 85' lang='lat' dir='ltr'><strong>sur</strong></span> <span class='ocrx_word' id='word_1_3' title='bbox 468 141 524 198; x_wconf 86' lang='lat' dir='ltr'><strong>les</strong></span> <span class='ocrx_word' id='word_1_4' title='bbox 542 140 703 198; x_wconf 85' lang='lat' dir='ltr'><strong>Comiees</strong></span> <span class='ocrx_word' id='word_1_5' title='bbox 717 142 765 197; x_wconf 89' lang='lat' dir='ltr'><strong>du</strong></span> <span class='ocrx_word' id='word_1_6' title='bbox 783 141 914 210; x_wconf 83' lang='lat' dir='ltr'><strong>peuple</strong></span> <span class='ocrx_word' id='word_1_7' title='bbox 929 137 1084 213; x_wconf 79' lang='lat' dir='ltr'><strong>romain.</strong></span> 
     </span>
     <span class='ocr_line' id='line_1_2' title="bbox 458 243 907 310; baseline 0.002 -18"><span class='ocrx_word' id='word_1_8' title='bbox 458 245 505 307; x_wconf 72' lang='lat' dir='ltr'><strong>(De</strong></span> <span class='ocrx_word' id='word_1_9' title='bbox 522 244 638 292; x_wconf 84' lang='lat' dir='ltr'><strong>comitiis</strong></span> <span class='ocrx_word' id='word_1_10' title='bbox 656 244 755 310; x_wconf 84' lang='lat' dir='ltr'><strong>populi</strong></span> <span class='ocrx_word' id='word_1_11' title='bbox 776 243 907 306; x_wconf 57' lang='lat' dir='ltr'><strong>Romane)</strong></span> 
     </span>
    </p>
   </div>
   <div class='ocr_carea' id='block_1_2' title="bbox 123 399 1241 2128">
    <p class='ocr_par' dir='ltr' id='par_1_2' title="bbox 123 399 1241 2128">
     <span class='ocr_line' id='line_1_3' title="bbox 123 399 1187 484; baseline -0.004 -22"><span class='ocrx_word' id='word_1_12' title='bbox 123 399 165 462; x_wconf 77' lang='lat'><strong>4⁸</strong></span> <span class='ocrx_word' id='word_1_13' title='bbox 220 402 312 474; x_wconf 86' lang='lat' dir='ltr'>Quid,</span> <span class='ocrx_word' id='word_1_14' title='bbox 330 410 403 462; x_wconf 90' lang='lat' dir='ltr'><strong>tune</strong></span> <span class='ocrx_word' id='word_1_15' title='bbox 419 407 541 463; x_wconf 88' lang='lat' dir='ltr'><strong>aerem*</strong></span> <span class='ocrx_word' id='word_1_16' title='bbox 560 404 720 482; x_wconf 76' lang='lat' dir='ltr'><strong>dignitatis</strong></span> <span class='ocrx_word' id='word_1_17' title='bbox 738 403 876 484; x_wconf 88' lang='lat' dir='ltr'><strong>judicem</strong></span> <span class='ocrx_word' id='word_1_18' title='bbox 893 409 983 484; x_wconf 89' lang='lat' dir='ltr'><strong>putas</strong></span> <span class='ocrx_word' id='word_1_19' title='bbox 999 421 1065 462; x_wconf 84' lang='lat' dir='ltr'><strong>esse</strong></span> <span class='ocrx_word' id='word_1_20' title='bbox 1088 422 1187 481; x_wconf 90' lang='lat' dir='ltr'><strong>popu-</strong></span> 
     </span>
     <span class='ocr_line' id='line_1_4' title="bbox 166 499 1188 580; baseline -0.004 -23"><span class='ocrx_word' id='word_1_21' title='bbox 166 499 266 558; x_wconf 80' lang='lat' dir='ltr'><strong>lum?</strong></span> <span class='ocrx_word' id='word_1_22' title='bbox 290 499 432 558; x_wconf 77' lang='lat' dir='ltr'><strong>Fortasse</strong></span> <span class='ocrx_word' id='word_1_23' title='bbox 455 521 702 580; x_wconf 90' lang='lat' dir='ltr'><strong>nonnumquam</strong></span> <span class='ocrx_word' id='word_1_24' title='bbox 726 509 782 560; x_wconf 89' lang='lat' dir='ltr'><strong>est.</strong></span> <span class='ocrx_word' id='word_1_25' title='bbox 803 501 953 560; x_wconf 83' lang='lat' dir='ltr'><strong>Utinam*</strong></span> <span class='ocrx_word' id='word_1_26' title='bbox 977 519 1048 558; x_wconf 92' lang='lat' dir='ltr'><strong>vero</strong></span> <span class='ocrx_word' id='word_1_27' title='bbox 1066 518 1188 576; x_wconf 82' lang='lat' dir='ltr'><strong>semper</strong></span> 
     </span>
     <span class='ocr_line' id='line_1_5' title="bbox 182 595 1186 678; baseline -0.002 -24"><span class='ocrx_word' id='word_1_28' title='bbox 182 595 277 655; x_wconf 84' lang='lat' dir='ltr'><strong>esset!</strong></span> <span class='ocrx_word' id='word_1_29' title='bbox 296 596 355 654; x_wconf 89' lang='lat' dir='ltr'><strong>Sed</strong></span> <span class='ocrx_word' id='word_1_30' title='bbox 379 605 426 657; x_wconf 88' lang='lat' dir='ltr'><strong>est</strong></span> <span class='ocrx_word' id='word_1_31' title='bbox 445 618 580 676; x_wconf 90' lang='lat' dir='ltr'><strong>perraro.</strong></span> <span class='ocrx_word' id='word_1_32' title='bbox 605 598 673 656; x_wconf 91' lang='lat' dir='ltr'><strong>Non</strong></span> <span class='ocrx_word' id='word_1_33' title='bbox 697 597 831 656; x_wconf 90' lang='lat' dir='ltr'><strong>comitiis</strong></span> <span class='ocrx_word' id='word_1_34' title='bbox 845 597 968 678; x_wconf 87' lang='lat' dir='ltr'><strong>judicat</strong></span> <span class='ocrx_word' id='word_1_35' title='bbox 983 616 1114 675; x_wconf 78' lang='lat' dir='ltr'><strong>semper,</strong></span> <span class='ocrx_word' id='word_1_36' title='bbox 1133 595 1186 652; x_wconf 91' lang='lat' dir='ltr'><strong>sed</strong></span> 
     </span>
     <span class='ocr_line' id='line_1_6' title="bbox 182 693 1187 775; baseline -0.003 -23"><span class='ocrx_word' id='word_1_37' title='bbox 182 701 326 752; x_wconf 90' lang='lat' dir='ltr'><strong>movetur</strong></span> <span class='ocrx_word' id='word_1_38' title='bbox 347 694 528 773; x_wconf 88' lang='lat' dir='ltr'><strong>plerumque</strong></span> <span class='ocrx_word' id='word_1_39' title='bbox 544 695 640 772; x_wconf 86' lang='lat' dir='ltr'><strong>gratia</strong></span> <span class='ocrx_word' id='word_1_40' title='bbox 666 714 671 755; x_wconf 95' lang='lat'><strong>:</strong></span> <span class='ocrx_word' id='word_1_41' title='bbox 693 694 776 753; x_wconf 88' lang='lat' dir='ltr'><strong>cedit</strong></span> <span class='ocrx_word' id='word_1_42' title='bbox 791 694 932 775; x_wconf 83' lang='lat' dir='ltr'><strong>precibus</strong></span> <span class='ocrx_word' id='word_1_43' title='bbox 947 713 954 753; x_wconf 76' lang='grc' dir='ltr'><strong><em>ε</em></strong></span> <span class='ocrx_word' id='word_1_44' title='bbox 969 693 1066 753; x_wconf 80' lang='lat' dir='ltr'><strong>lacit*</strong></span> <span class='ocrx_word' id='word_1_45' title='bbox 1090 712 1152 758; x_wconf 79' lang='lat' dir='ltr'><strong>eos,</strong></span> <span class='ocrx_word' id='word_1_46' title='bbox 1170 711 1187 749; x_wconf 93' lang='lat' dir='ltr'><strong>a</strong></span> 
     </span>
     <span class='ocr_line' id='line_1_7' title="bbox 182 789 1185 871; baseline -0.003 -22"><span class='ocrx_word' id='word_1_47' title='bbox 182 789 294 869; x_wconf 90' lang='lat' dir='ltr'><strong>quibus</strong></span> <span class='ocrx_word' id='word_1_48' title='bbox 318 799 365 848; x_wconf 89' lang='lat' dir='ltr'><strong>est</strong></span> <span class='ocrx_word' id='word_1_49' title='bbox 382 791 515 849; x_wconf 84' lang='lat' dir='ltr'><strong>maxime</strong></span> <span class='ocrx_word' id='word_1_50' title='bbox 531 791 666 850; x_wconf 84' lang='lat' dir='ltr'><strong>ambitus</strong></span> <span class='ocrx_word' id='word_1_51' title='bbox 695 810 701 851; x_wconf 93' lang='lat'>:</span> <span class='ocrx_word' id='word_1_52' title='bbox 729 792 875 871; x_wconf 89' lang='lat' dir='ltr'><strong>denique,</strong></span> <span class='ocrx_word' id='word_1_53' title='bbox 898 790 1034 850; x_wconf 88' lang='lat' dir='ltr'><strong>etiamsi</strong></span> <span class='ocrx_word' id='word_1_54' title='bbox 1056 789 1185 870; x_wconf 85' lang='lat' dir='ltr'><strong>judicat,</strong></span> 
     </span>
     <span class='ocr_line' id='line_1_8' title="bbox 182 885 1185 967; baseline 0 -23"><span class='ocrx_word' id='word_1_55' title='bbox 182 904 244 945; x_wconf 88' lang='lat' dir='ltr'><strong>non</strong></span> <span class='ocrx_word' id='word_1_56' title='bbox 266 887 386 945; x_wconf 85' lang='lat' dir='ltr'><strong>delectu</strong></span> <span class='ocrx_word' id='word_1_57' title='bbox 413 887 518 967; x_wconf 91' lang='lat' dir='ltr'><strong>aliquo</strong></span> <span class='ocrx_word' id='word_1_58' title='bbox 540 896 593 946; x_wconf 90' lang='lat' dir='ltr'><strong>aut</strong></span> <span class='ocrx_word' id='word_1_59' title='bbox 609 888 760 967; x_wconf 88' lang='lat' dir='ltr'><strong>sapientia</strong></span> <span class='ocrx_word' id='word_1_60' title='bbox 776 889 901 948; x_wconf 85' lang='lat' dir='ltr'><strong>ducitur</strong></span> <span class='ocrx_word' id='word_1_61' title='bbox 923 887 961 947; x_wconf 90' lang='lat' dir='ltr'><strong>ad</strong></span> <span class='ocrx_word' id='word_1_62' title='bbox 972 885 1185 967; x_wconf 81' lang='lat' dir='ltr'><strong>judicandum,</strong></span> 
     </span>
     <span class='ocr_line' id='line_1_9' title="bbox 184 983 1185 1064; baseline -0.002 -23"><span class='ocrx_word' id='word_1_63' title='bbox 184 984 235 1042; x_wconf 90' lang='lat' dir='ltr'><strong>sed</strong></span> <span class='ocrx_word' id='word_1_64' title='bbox 253 985 370 1062; x_wconf 87' lang='lat' dir='ltr'><strong>impetu</strong></span> <span class='ocrx_word' id='word_1_65' title='bbox 391 1005 638 1064; x_wconf 89' lang='lat' dir='ltr'><strong>nonnumquam</strong></span> <span class='ocrx_word' id='word_1_66' title='bbox 659 993 690 1043; x_wconf 89' lang='lat' dir='ltr'><strong>et</strong></span> <span class='ocrx_word' id='word_1_67' title='bbox 705 985 838 1064; x_wconf 88' lang='lat' dir='ltr'><strong>quadam</strong></span> <span class='ocrx_word' id='word_1_68' title='bbox 861 985 952 1044; x_wconf 90' lang='lat' dir='ltr'><strong>etiam</strong></span> <span class='ocrx_word' id='word_1_69' title='bbox 980 983 1185 1042; x_wconf 81' lang='lat' dir='ltr'><strong>temeritate&#39;.</strong></span> 
     </span>
     <span class='ocr_line' id='line_1_10' title="bbox 184 1079 1189 1158; baseline -0.003 -20"><span class='ocrx_word' id='word_1_70' title='bbox 184 1081 253 1138; x_wconf 91' lang='lat' dir='ltr'><strong>Non</strong></span> <span class='ocrx_word' id='word_1_71' title='bbox 269 1088 316 1138; x_wconf 92' lang='lat' dir='ltr'><strong>est</strong></span> <span class='ocrx_word' id='word_1_72' title='bbox 335 1082 415 1138; x_wconf 86' lang='lat' dir='ltr'><strong>enim</strong></span> <span class='ocrx_word' id='word_1_73' title='bbox 432 1081 596 1139; x_wconf 87' lang='lat' dir='ltr'><strong>consilium</strong></span> <span class='ocrx_word' id='word_1_74' title='bbox 622 1083 653 1139; x_wconf 93' lang='lat' dir='ltr'><strong>in</strong></span> <span class='ocrx_word' id='word_1_75' title='bbox 675 1082 780 1158; x_wconf 81' lang='lat' dir='ltr'><strong>vulgo,</strong></span> <span class='ocrx_word' id='word_1_76' title='bbox 802 1103 865 1140; x_wconf 89' lang='lat' dir='ltr'><strong>non</strong></span> <span class='ocrx_word' id='word_1_77' title='bbox 890 1082 978 1150; x_wconf 86' lang='lat' dir='ltr'><strong>ratio,</strong></span> <span class='ocrx_word' id='word_1_78' title='bbox 997 1101 1060 1140; x_wconf 89' lang='lat' dir='ltr'><strong>non</strong></span> <span class='ocrx_word' id='word_1_79' title='bbox 1081 1079 1189 1138; x_wconf 89' lang='lat' dir='ltr'><strong>discri-</strong></span> 
     </span>
     <span class='ocr_line' id='line_1_11' title="bbox 184 1177 1189 1256; baseline -0.003 -21"><span class='ocrx_word' id='word_1_80' title='bbox 184 1197 265 1247; x_wconf 87' lang='lat' dir='ltr'><strong>men,</strong></span> <span class='ocrx_word' id='word_1_81' title='bbox 277 1198 337 1234; x_wconf 89' lang='lat' dir='ltr'><strong>non</strong></span> <span class='ocrx_word' id='word_1_82' title='bbox 351 1177 543 1256; x_wconf 80' lang='lat' dir='ltr'><strong>dilig·entia*.</strong></span> <span class='ocrx_word' id='word_1_83' title='bbox 558 1179 625 1236; x_wconf 90' lang='lat' dir='ltr'><strong>Hoc</strong></span> <span class='ocrx_word' id='word_1_84' title='bbox 634 1186 737 1236; x_wconf 84' lang='lat' dir='ltr'><strong>tamen</strong></span> <span class='ocrx_word' id='word_1_85' title='bbox 753 1178 843 1237; x_wconf 92' lang='lat' dir='ltr'><strong>multi</strong></span> <span class='ocrx_word' id='word_1_86' title='bbox 859 1178 1022 1237; x_wconf 89' lang='lat' dir='ltr'><strong>clarissimi</strong></span> <span class='ocrx_word' id='word_1_87' title='bbox 1030 1184 1061 1236; x_wconf 91' lang='lat' dir='ltr'><strong>et</strong></span> <span class='ocrx_word' id='word_1_88' title='bbox 1070 1177 1189 1255; x_wconf 89' lang='lat' dir='ltr'><strong>sapien-</strong></span> 
     </span>
     <span class='ocr_line' id='line_1_12' title="bbox 183 1274 1188 1335; baseline -0.004 -2"><span class='ocrx_word' id='word_1_89' title='bbox 183 1275 296 1333; x_wconf 89' lang='lat' dir='ltr'><strong>tissimi</strong></span> <span class='ocrx_word' id='word_1_90' title='bbox 319 1275 401 1333; x_wconf 87' lang='lat' dir='ltr'><strong>cives</strong></span> <span class='ocrx_word' id='word_1_91' title='bbox 415 1275 554 1334; x_wconf 86' lang='lat' dir='ltr'><strong>tulerunt</strong></span> <span class='ocrx_word' id='word_1_92' title='bbox 569 1295 574 1335; x_wconf 90' lang='lat'>:</span> <span class='ocrx_word' id='word_1_93' title='bbox 592 1284 639 1333; x_wconf 87' lang='lat' dir='ltr'><strong>est</strong></span> <span class='ocrx_word' id='word_1_94' title='bbox 651 1276 733 1334; x_wconf 90' lang='lat' dir='ltr'><strong>enim</strong></span> <span class='ocrx_word' id='word_1_95' title='bbox 750 1275 825 1334; x_wconf 87' lang='lat' dir='ltr'><strong>haec</strong></span> <span class='ocrx_word' id='word_1_96' title='bbox 841 1275 1007 1334; x_wconf 86' lang='lat' dir='ltr'><strong>condicio*</strong></span> <span class='ocrx_word' id='word_1_97' title='bbox 1022 1274 1188 1332; x_wconf 88' lang='lat' dir='ltr'><strong>liberorum</strong></span> 
     </span>
     <span class='ocr_line' id='line_1_13' title="bbox 179 1371 1190 1452; baseline -0.002 -23"><span class='ocrx_word' id='word_1_98' title='bbox 179 1372 382 1452; x_wconf 86' lang='lat' dir='ltr'><strong>populorum,</strong></span> <span class='ocrx_word' id='word_1_99' title='bbox 418 1373 634 1452; x_wconf 72' lang='lat' dir='ltr'><strong>praecipueque</strong></span> <span class='ocrx_word' id='word_1_100' title='bbox 675 1372 768 1452; x_wconf 84' lang='lat' dir='ltr'><strong>hujus</strong></span> <span class='ocrx_word' id='word_1_101' title='bbox 812 1373 963 1452; x_wconf 89' lang='lat' dir='ltr'><strong>principis</strong></span> <span class='ocrx_word' id='word_1_102' title='bbox 1004 1371 1121 1451; x_wconf 86' lang='lat' dir='ltr'><strong>populi,</strong></span> <span class='ocrx_word' id='word_1_103' title='bbox 1159 1376 1190 1427; x_wconf 90' lang='lat' dir='ltr'><strong>et</strong></span> 
     </span>
     <span class='ocr_line' id='line_1_14' title="bbox 184 1464 1189 1548; baseline -0.003 -22"><span class='ocrx_word' id='word_1_104' title='bbox 184 1469 322 1526; x_wconf 89' lang='lat' dir='ltr'><strong>omnium</strong></span> <span class='ocrx_word' id='word_1_105' title='bbox 346 1469 483 1546; x_wconf 85' lang='lat' dir='ltr'><strong>gentium</strong></span> <span class='ocrx_word' id='word_1_106' title='bbox 509 1469 625 1527; x_wconf 88' lang='lat' dir='ltr'><strong>domini</strong></span> <span class='ocrx_word' id='word_1_107' title='bbox 646 1490 680 1527; x_wconf 91' lang='lat' dir='ltr'><strong>ac</strong></span> <span class='ocrx_word' id='word_1_108' title='bbox 702 1470 842 1540; x_wconf 90' lang='lat' dir='ltr'><strong>victoris,</strong></span> <span class='ocrx_word' id='word_1_109' title='bbox 869 1491 957 1548; x_wconf 91' lang='lat' dir='ltr'><strong>posse</strong></span> <span class='ocrx_word' id='word_1_110' title='bbox 972 1468 1124 1546; x_wconf 81' lang='lat' dir='ltr'><strong>suffragiis</strong></span> <span class='ocrx_word' id='word_1_111' title='bbox 1140 1464 1189 1524; x_wconf 86' lang='lat' dir='ltr'><strong>vel</strong></span> 
     </span>
     <span class='ocr_line' id='line_1_15' title="bbox 184 1565 1189 1645; baseline -0.003 -21"><span class='ocrx_word' id='word_1_112' title='bbox 184 1566 267 1637; x_wconf 88' lang='lat' dir='ltr'><strong>dare,</strong></span> <span class='ocrx_word' id='word_1_113' title='bbox 293 1567 342 1624; x_wconf 89' lang='lat' dir='ltr'><strong>vel</strong></span> <span class='ocrx_word' id='word_1_114' title='bbox 371 1565 541 1636; x_wconf 77' lang='lat' dir='ltr'><strong>detrahere,</strong></span> <span class='ocrx_word' id='word_1_115' title='bbox 569 1567 651 1644; x_wconf 91' lang='lat' dir='ltr'><strong>quod</strong></span> <span class='ocrx_word' id='word_1_116' title='bbox 678 1566 765 1638; x_wconf 89' lang='lat' dir='ltr'><strong>velit,</strong></span> <span class='ocrx_word' id='word_1_117' title='bbox 794 1567 925 1645; x_wconf 82' lang='lat' dir='ltr'><strong>cuique;</strong></span> <span class='ocrx_word' id='word_1_118' title='bbox 959 1567 1117 1624; x_wconf 83' lang='lat' dir='ltr'><strong>nostrum*</strong></span> <span class='ocrx_word' id='word_1_119' title='bbox 1143 1570 1189 1622; x_wconf 88' lang='lat' dir='ltr'><strong>est</strong></span> 
     </span>
     <span class='ocr_line' id='line_1_16' title="bbox 185 1661 1241 1743; baseline -0.004 -21"><span class='ocrx_word' id='word_1_120' title='bbox 185 1670 298 1733; x_wconf 91' lang='lat' dir='ltr'><strong>autem,</strong></span> <span class='ocrx_word' id='word_1_121' title='bbox 316 1663 368 1742; x_wconf 93' lang='lat' dir='ltr'><strong>qui</strong></span> <span class='ocrx_word' id='word_1_122' title='bbox 382 1663 414 1720; x_wconf 94' lang='lat' dir='ltr'><strong>in</strong></span> <span class='ocrx_word' id='word_1_123' title='bbox 428 1664 485 1721; x_wconf 89' lang='lat' dir='ltr'><strong>hac</strong></span> <span class='ocrx_word' id='word_1_124' title='bbox 499 1670 682 1743; x_wconf 86' lang='lat' dir='ltr'><strong>tempestate</strong></span> <span class='ocrx_word' id='word_1_125' title='bbox 694 1663 800 1742; x_wconf 93' lang='lat' dir='ltr'><strong>populi</strong></span> <span class='ocrx_word' id='word_1_126' title='bbox 811 1664 967 1743; x_wconf 85' lang='lat' dir='ltr'><strong>jactamur</strong></span> <span class='ocrx_word' id='word_1_127' title='bbox 981 1684 1016 1722; x_wconf 90' lang='lat' dir='ltr'><strong>ac</strong></span> <span class='ocrx_word' id='word_1_128' title='bbox 1028 1661 1187 1731; x_wconf 79' lang='lat' dir='ltr'><strong>fluctibuS,</strong></span> <span class='ocrx_word' id='word_1_129' title='bbox 1239 1669 1241 1672; x_wconf 83' lang='lat'>&#39;</span> 
     </span>
     <span class='ocr_line' id='line_1_17' title="bbox 185 1759 1190 1838; baseline -0.003 -21"><span class='ocrx_word' id='word_1_130' title='bbox 185 1760 263 1818; x_wconf 84' lang='lat' dir='ltr'><strong>terre</strong></span> <span class='ocrx_word' id='word_1_131' title='bbox 288 1759 408 1818; x_wconf 90' lang='lat' dir='ltr'><strong>modice</strong></span> <span class='ocrx_word' id='word_1_132' title='bbox 425 1759 533 1838; x_wconf 91' lang='lat' dir='ltr'><strong>populi</strong></span> <span class='ocrx_word' id='word_1_133' title='bbox 557 1760 742 1831; x_wconf 90' lang='lat' dir='ltr'><strong>voluntates,</strong></span> <span class='ocrx_word' id='word_1_134' title='bbox 765 1759 886 1819; x_wconf 80' lang='lat' dir='ltr'><strong>allicere</strong></span> <span class='ocrx_word' id='word_1_135' title='bbox 912 1760 1038 1832; x_wconf 88' lang='lat' dir='ltr'><strong>alienas,</strong></span> <span class='ocrx_word' id='word_1_136' title='bbox 1056 1759 1190 1816; x_wconf 90' lang='lat' dir='ltr'><strong>retinere</strong></span> 
     </span>
     <span class='ocr_line' id='line_1_18' title="bbox 184 1857 1187 1936; baseline -0.001 -22"><span class='ocrx_word' id='word_1_137' title='bbox 184 1866 299 1935; x_wconf 86' lang='lat' dir='ltr'><strong>partas,</strong></span> <span class='ocrx_word' id='word_1_138' title='bbox 312 1857 433 1935; x_wconf 90' lang='lat' dir='ltr'><strong>placare</strong></span> <span class='ocrx_word' id='word_1_139' title='bbox 449 1857 605 1926; x_wconf 83' lang='lat' dir='ltr'><strong>turbatas;</strong></span> <span class='ocrx_word' id='word_1_140' title='bbox 626 1857 758 1916; x_wconf 85' lang='lat' dir='ltr'><strong>honores</strong></span> <span class='ocrx_word' id='word_1_141' title='bbox 769 1858 794 1915; x_wconf 90' lang='lat' dir='ltr'><strong>si</strong></span> <span class='ocrx_word' id='word_1_142' title='bbox 812 1858 937 1934; x_wconf 84' lang='lat' dir='ltr'><strong>magni*</strong></span> <span class='ocrx_word' id='word_1_143' title='bbox 954 1877 1016 1915; x_wconf 91' lang='lat' dir='ltr'><strong>non</strong></span> <span class='ocrx_word' id='word_1_144' title='bbox 1032 1863 1187 1936; x_wconf 75' lang='lat' dir='ltr'><strong>putemne,</strong></span> 
     </span>
     <span class='ocr_line' id='line_1_19' title="bbox 185 1951 1191 2033; baseline -0.002 -22"><span class='ocrx_word' id='word_1_145' title='bbox 185 1974 246 2011; x_wconf 88' lang='lat' dir='ltr'><strong>non</strong></span> <span class='ocrx_word' id='word_1_146' title='bbox 270 1953 383 2012; x_wconf 88' lang='lat' dir='ltr'><strong>servire</strong></span> <span class='ocrx_word' id='word_1_147' title='bbox 409 1952 543 2032; x_wconf 93' lang='lat' dir='ltr'><strong>populo;</strong></span> <span class='ocrx_word' id='word_1_148' title='bbox 569 1954 616 2011; x_wconf 90' lang='lat' dir='ltr'><strong>sin</strong></span> <span class='ocrx_word' id='word_1_149' title='bbox 641 1973 694 2011; x_wconf 91' lang='lat' dir='ltr'><strong>eos</strong></span> <span class='ocrx_word' id='word_1_150' title='bbox 723 1961 913 2033; x_wconf 88' lang='lat' dir='ltr'><strong>expetamus,</strong></span> <span class='ocrx_word' id='word_1_151' title='bbox 940 1973 1002 2012; x_wconf 89' lang='lat' dir='ltr'><strong>non</strong></span> <span class='ocrx_word' id='word_1_152' title='bbox 1026 1951 1191 2030; x_wconf 84' lang='lat' dir='ltr'><strong>defatigari</strong></span> 
     </span>
     <span class='ocr_line' id='line_1_20' title="bbox 185 2050 1124 2128; baseline -0.002 -20"><span class='ocrx_word' id='word_1_153' title='bbox 185 2050 388 2128; x_wconf 88' lang='lat' dir='ltr'><strong>supplicando</strong></span> <span class='ocrx_word' id='word_1_154' title='bbox 399 2052 422 2108; x_wconf 84' lang='lat'><strong>*.</strong></span> <span class='ocrx_word' id='word_1_155' title='bbox 810 2061 814 2069; x_wconf 90' lang='grc'><em>“</em></span> <span class='ocrx_word' id='word_1_156' title='bbox 1121 2069 1124 2074; x_wconf 91' lang='grc'>·</span> 
     </span>
    </p>
   </div>
   <div class='ocr_carea' id='block_1_3' title="bbox 185 2199 1192 2454">
    <p class='ocr_par' dir='ltr' id='par_1_3' title="bbox 185 2199 1191 2262">
     <span class='ocr_line' id='line_1_21' title="bbox 185 2199 1191 2262; baseline 0.003 -16"><span class='ocrx_word' id='word_1_157' title='bbox 185 2214 263 2262; x_wconf 90' lang='lat' dir='ltr'><strong>passe</strong></span> <span class='ocrx_word' id='word_1_158' title='bbox 281 2213 343 2246; x_wconf 86' lang='lat' dir='ltr'><strong>sous</strong></span> <span class='ocrx_word' id='word_1_159' title='bbox 357 2199 382 2247; x_wconf 83' lang='lat' dir='ltr'><strong>ta</strong></span> <span class='ocrx_word' id='word_1_160' title='bbox 396 2199 469 2248; x_wconf 82' lang='lat' dir='ltr'><strong>main</strong></span> <span class='ocrx_word' id='word_1_161' title='bbox 481 2201 517 2246; x_wconf 92' lang='lat' dir='ltr'><strong>du</strong></span> <span class='ocrx_word' id='word_1_162' title='bbox 530 2214 653 2248; x_wconf 89' lang='lat' dir='ltr'><strong>nouveau</strong></span> <span class='ocrx_word' id='word_1_163' title='bbox 669 2200 732 2248; x_wconf 85' lang='lat' dir='ltr'><strong>chel</strong></span> <span class='ocrx_word' id='word_1_164' title='bbox 747 2201 779 2247; x_wconf 91' lang='lat' dir='ltr'><strong>de</strong></span> <span class='ocrx_word' id='word_1_165' title='bbox 794 2199 819 2248; x_wconf 84' lang='lat' dir='ltr'><strong>la</strong></span> <span class='ocrx_word' id='word_1_166' title='bbox 833 2199 1031 2249; x_wconf 78' lang='lat' dir='ltr'><strong>communaute.</strong></span> <span class='ocrx_word' id='word_1_167' title='bbox 1047 2225 1074 2238; x_wconf 86' lang='lat'><strong>--</strong></span> <span class='ocrx_word' id='word_1_168' title='bbox 1090 2199 1191 2250; x_wconf 80' lang='lat' dir='ltr'><strong>Dece-</strong></span> 
     </span>
    </p>

    <p class='ocr_par' dir='ltr' id='par_1_4' title="bbox 185 2261 1192 2324">
     <span class='ocr_line' id='line_1_22' title="bbox 185 2261 1192 2324; baseline -0.004 -12"><span class='ocrx_word' id='word_1_169' title='bbox 185 2261 334 2317; x_wconf 75' lang='lat' dir='ltr'><strong>dandum,</strong></span> <span class='ocrx_word' id='word_1_170' title='bbox 348 2276 379 2308; x_wconf 94' lang='lat' dir='ltr'><strong>en</strong></span> <span class='ocrx_word' id='word_1_171' title='bbox 391 2263 464 2321; x_wconf 78' lang='lat' dir='ltr'><strong>signe</strong></span> <span class='ocrx_word' id='word_1_172' title='bbox 476 2263 508 2308; x_wconf 92' lang='lat' dir='ltr'><strong>de</strong></span> <span class='ocrx_word' id='word_1_173' title='bbox 519 2263 667 2309; x_wconf 86' lang='lat' dir='ltr'><strong>deference.</strong></span> <span class='ocrx_word' id='word_1_174' title='bbox 678 2263 716 2310; x_wconf 84' lang='lat' dir='ltr'><strong>Ct.</strong></span> <span class='ocrx_word' id='word_1_175' title='bbox 726 2265 803 2310; x_wconf 91' lang='lat' dir='ltr'><strong>notre</strong></span> <span class='ocrx_word' id='word_1_176' title='bbox 814 2262 971 2324; x_wconf 83' lang='lat' dir='ltr'><strong>expression</strong></span> <span class='ocrx_word' id='word_1_177' title='bbox 983 2280 994 2306; x_wconf 74' lang='lat' dir='ltr'><strong>n</strong></span> <span class='ocrx_word' id='word_1_178' title='bbox 1006 2261 1085 2308; x_wconf 90' lang='lat' dir='ltr'><strong>ceder</strong></span> <span class='ocrx_word' id='word_1_179' title='bbox 1092 2261 1116 2308; x_wconf 90' lang='lat' dir='ltr'><strong>le</strong></span> <span class='ocrx_word' id='word_1_180' title='bbox 1127 2261 1192 2308; x_wconf 89' lang='lat' dir='ltr'><strong>haut</strong></span> 
     </span>
    </p>

    <p class='ocr_par' dir='ltr' id='par_1_5' title="bbox 185 2322 1192 2454">
     <span class='ocr_line' id='line_1_23' title="bbox 185 2322 1192 2440; baseline 0.002 -74"><span class='ocrx_word' id='word_1_181' title='bbox 185 2322 356 2440; x_wconf 49' lang='lat' dir='ltr'><strong>gqioppvqea».</strong></span> <span class='ocrx_word' id='word_1_182' title='bbox 380 2323 475 2371; x_wconf 88' lang='lat' dir='ltr'><strong>Platon</strong></span> <span class='ocrx_word' id='word_1_183' title='bbox 499 2323 594 2386; x_wconf 80' lang='lat' dir='ltr'><strong>s&#39;e&#39;gaie</strong></span> <span class='ocrx_word' id='word_1_184' title='bbox 622 2324 687 2372; x_wconf 87' lang='lat' dir='ltr'><strong>dans</strong></span> <span class='ocrx_word' id='word_1_185' title='bbox 711 2339 740 2371; x_wconf 92' lang='lat' dir='ltr'><strong>ce</strong></span> <span class='ocrx_word' id='word_1_186' title='bbox 764 2338 876 2386; x_wconf 83' lang='lat' dir='ltr'><strong>passage</strong></span> <span class='ocrx_word' id='word_1_187' title='bbox 900 2324 971 2386; x_wconf 91' lang='lat' dir='ltr'><strong>plein</strong></span> <span class='ocrx_word' id='word_1_188' title='bbox 997 2324 1030 2370; x_wconf 87' lang='lat' dir='ltr'><strong>de</strong></span> <span class='ocrx_word' id='word_1_189' title='bbox 1055 2337 1136 2372; x_wconf 86' lang='lat' dir='ltr'><strong>vcrve</strong></span> <span class='ocrx_word' id='word_1_190' title='bbox 1165 2325 1192 2368; x_wconf 86' lang='lat' dir='ltr'><strong>et</strong></span> 
     </span>
     <span class='ocr_line' id='line_1_24' title="bbox 234 2424 334 2454; baseline 0 -14"><span class='ocrx_word' id='word_1_191' title='bbox 234 2433 238 2454; x_wconf 57' lang='grc' dir='ltr'>Ι</span> <span class='ocrx_word' id='word_1_192' title='bbox 300 2427 305 2436; x_wconf 85' lang='lat'><em>·</em></span> <span class='ocrx_word' id='word_1_193' title='bbox 325 2424 334 2440; x_wconf 76' lang='grc' dir='ltr'><strong>ο</strong></span> 
     </span>
    </p>
   </div>
   <div class='ocr_carea' id='block_1_4' title="bbox 85 2515 1248 3812">
    <p class='ocr_par' dir='ltr' id='par_1_6' title="bbox 185 2515 1192 2703">
     <span class='ocr_line' id='line_1_25' title="bbox 217 2515 1192 2580; baseline -0.004 -14"><span class='ocrx_word' id='word_1_194' title='bbox 217 2516 258 2566; x_wconf 83' lang='lat' dir='ltr'><strong>N⁰</strong></span> <span class='ocrx_word' id='word_1_195' title='bbox 270 2515 337 2566; x_wconf 84' lang='lat'><strong>204</strong></span> <span class='ocrx_word' id='word_1_196' title='bbox 355 2531 361 2564; x_wconf 93' lang='lat'>:</span> <span class='ocrx_word' id='word_1_197' title='bbox 378 2515 506 2567; x_wconf 82' lang='lat' dir='ltr'><strong>Acrem.</strong></span> <span class='ocrx_word' id='word_1_198' title='bbox 519 2516 558 2566; x_wconf 82' lang='lat' dir='ltr'><strong>Cf.</strong></span> <span class='ocrx_word' id='word_1_199' title='bbox 577 2517 691 2578; x_wconf 86' lang='lat' dir='ltr'><strong>Horace,</strong></span> <span class='ocrx_word' id='word_1_200' title='bbox 707 2517 755 2580; x_wconf 82' lang='lat' dir='ltr'><strong>Ep.</strong></span> <span class='ocrx_word' id='word_1_201' title='bbox 768 2516 788 2577; x_wconf 76' lang='grc' dir='ltr'><strong>Ι,</strong></span> <span class='ocrx_word' id='word_1_202' title='bbox 802 2523 814 2564; x_wconf 85' lang='grc'><strong>1</strong></span> <span class='ocrx_word' id='word_1_203' title='bbox 826 2517 841 2566; x_wconf 75' lang='lat' dir='ltr'><strong>t</strong></span> <span class='ocrx_word' id='word_1_204' title='bbox 854 2517 923 2580; x_wconf 78' lang='lat' dir='ltr'><strong>rtuq.</strong></span> <span class='ocrx_word' id='word_1_205' title='bbox 939 2532 945 2565; x_wconf 89' lang='lat'>:</span> <span class='ocrx_word' id='word_1_206' title='bbox 960 2537 971 2560; x_wconf 74' lang='lat' dir='ltr'><strong>a</strong></span> <span class='ocrx_word' id='word_1_207' title='bbox 985 2517 1125 2565; x_wconf 80' lang='lat' dir='ltr'><strong>Interdum</strong></span> <span class='ocrx_word' id='word_1_208' title='bbox 1135 2515 1192 2564; x_wconf 88' lang='lat' dir='ltr'><strong>out-</strong></span> 
     </span>
     <span class='ocr_line' id='line_1_26' title="bbox 185 2577 1191 2641; baseline -0.002 -15"><span class='ocrx_word' id='word_1_209' title='bbox 185 2580 359 2641; x_wconf 71' lang='lat' dir='ltr'><strong>quercetum</strong></span> <span class='ocrx_word' id='word_1_210' title='bbox 377 2577 458 2637; x_wconf 83' lang='lat' dir='ltr'><strong>uidet,</strong></span> <span class='ocrx_word' id='word_1_211' title='bbox 478 2580 518 2626; x_wconf 84' lang='lat' dir='ltr'><strong>est</strong></span> <span class='ocrx_word' id='word_1_212' title='bbox 541 2579 588 2627; x_wconf 88' lang='lat' dir='ltr'><strong>ubi</strong></span> <span class='ocrx_word' id='word_1_213' title='bbox 604 2579 698 2641; x_wconf 84' lang='lat' dir='ltr'><strong>peccat</strong></span> <span class='ocrx_word' id='word_1_214' title='bbox 716 2599 737 2628; x_wconf 74' lang='lat' dir='ltr'><strong>n,</strong></span> <span class='ocrx_word' id='word_1_215' title='bbox 759 2580 825 2627; x_wconf 89' lang='lat' dir='ltr'><strong>Voir</strong></span> <span class='ocrx_word' id='word_1_216' title='bbox 837 2580 876 2628; x_wconf 86' lang='lat' dir='ltr'><strong>les</strong></span> <span class='ocrx_word' id='word_1_217' title='bbox 890 2583 967 2627; x_wconf 88' lang='lat' dir='ltr'><strong>notes</strong></span> <span class='ocrx_word' id='word_1_218' title='bbox 987 2579 1019 2626; x_wconf 89' lang='lat' dir='ltr'><strong>de</strong></span> <span class='ocrx_word' id='word_1_219' title='bbox 1037 2578 1062 2627; x_wconf 87' lang='lat' dir='ltr'><strong>la</strong></span> <span class='ocrx_word' id='word_1_220' title='bbox 1077 2579 1191 2626; x_wconf 87' lang='lat' dir='ltr'><strong>Version</strong></span> 
     </span>
     <span class='ocr_line' id='line_1_27' title="bbox 188 2639 1191 2703; baseline 0 -17"><span class='ocrx_word' id='word_1_221' title='bbox 188 2639 347 2700; x_wconf 77' lang='lat' dir='ltr'><strong>precedente</strong></span> <span class='ocrx_word' id='word_1_222' title='bbox 360 2643 387 2688; x_wconf 88' lang='lat' dir='ltr'><strong>et</strong></span> <span class='ocrx_word' id='word_1_223' title='bbox 401 2641 481 2688; x_wconf 91' lang='lat' dir='ltr'><strong>celles</strong></span> <span class='ocrx_word' id='word_1_224' title='bbox 494 2641 526 2687; x_wconf 90' lang='lat' dir='ltr'><strong>de</strong></span> <span class='ocrx_word' id='word_1_225' title='bbox 539 2639 564 2688; x_wconf 91' lang='lat' dir='ltr'><strong>la</strong></span> <span class='ocrx_word' id='word_1_226' title='bbox 580 2641 695 2688; x_wconf 87' lang='lat' dir='ltr'><strong>Version</strong></span> <span class='ocrx_word' id='word_1_227' title='bbox 708 2645 762 2700; x_wconf 78' lang='lat'><strong>222,</strong></span> <span class='ocrx_word' id='word_1_228' title='bbox 775 2642 810 2688; x_wconf 93' lang='lat' dir='ltr'><strong>du</strong></span> <span class='ocrx_word' id='word_1_229' title='bbox 826 2641 907 2703; x_wconf 89' lang='lat' dir='ltr'><strong>Chap.</strong></span> <span class='ocrx_word' id='word_1_230' title='bbox 924 2641 948 2686; x_wconf 86' lang='lat' dir='ltr'>V</span> <span class='ocrx_word' id='word_1_231' title='bbox 962 2640 1009 2703; x_wconf 84' lang='lat' dir='ltr'><strong>(tes</strong></span> <span class='ocrx_word' id='word_1_232' title='bbox 1026 2639 1162 2688; x_wconf 85' lang='lat' dir='ltr'><strong>Elections</strong></span> <span class='ocrx_word' id='word_1_233' title='bbox 1176 2639 1191 2686; x_wconf 73' lang='lat' dir='ltr'><strong>a</strong></span> 
     </span>
    </p>

    <p class='ocr_par' dir='ltr' id='par_1_7' title="bbox 85 2701 1248 3699">
     <span class='ocr_line' id='line_1_28' title="bbox 85 2701 1191 2765; baseline -0.002 -15"><span class='ocrx_word' id='word_1_234' title='bbox 85 2721 87 2724; x_wconf 92' lang='lat'>·</span> <span class='ocrx_word' id='word_1_235' title='bbox 188 2702 286 2762; x_wconf 78' lang='lat' dir='ltr'><strong>Rome).</strong></span> <span class='ocrx_word' id='word_1_236' title='bbox 309 2727 339 2736; x_wconf 89' lang='lat'><strong>—</strong></span> <span class='ocrx_word' id='word_1_237' title='bbox 364 2701 507 2752; x_wconf 80' lang='lat' dir='ltr'><strong>Utinam.</strong></span> <span class='ocrx_word' id='word_1_238' title='bbox 525 2701 563 2750; x_wconf 78' lang='lat' dir='ltr'><strong>Cf.</strong></span> <span class='ocrx_word' id='word_1_239' title='bbox 581 2702 645 2762; x_wconf 74' lang='lat' dir='ltr'><strong>cic,</strong></span> <span class='ocrx_word' id='word_1_240' title='bbox 660 2703 691 2750; x_wconf 86' lang='lat' dir='ltr'><strong>de</strong></span> <span class='ocrx_word' id='word_1_241' title='bbox 701 2703 774 2765; x_wconf 77' lang='lat' dir='ltr'><strong>nep,</strong></span> <span class='ocrx_word' id='word_1_242' title='bbox 786 2703 806 2761; x_wconf 85' lang='grc' dir='ltr'><strong>Ι,</strong></span> <span class='ocrx_word' id='word_1_243' title='bbox 820 2706 848 2749; x_wconf 78' lang='lat' dir='ltr'><strong>at</strong></span> <span class='ocrx_word' id='word_1_244' title='bbox 862 2718 867 2751; x_wconf 95' lang='lat'>:</span> <span class='ocrx_word' id='word_1_245' title='bbox 882 2722 893 2745; x_wconf 78' lang='grc' dir='ltr'>α</span> <span class='ocrx_word' id='word_1_246' title='bbox 908 2701 1016 2760; x_wconf 83' lang='lat' dir='ltr'><strong>Quodsi</strong></span> <span class='ocrx_word' id='word_1_247' title='bbox 1030 2701 1191 2764; x_wconf 87' lang='lat' dir='ltr'><strong>tiberpopu-</strong></span> 
     </span>
     <span class='ocr_line' id='line_1_29' title="bbox 189 2763 1192 2835; baseline -0.002 -24"><span class='ocrx_word' id='word_1_248' title='bbox 189 2765 231 2811; x_wconf 85' lang='lat' dir='ltr'><strong>tus</strong></span> <span class='ocrx_word' id='word_1_249' title='bbox 250 2763 351 2833; x_wconf 78' lang='lat' dir='ltr'><strong>dctiqet</strong></span> <span class='ocrx_word' id='word_1_250' title='bbox 370 2763 472 2826; x_wconf 81' lang='lat' dir='ltr'><strong>quibus</strong></span> <span class='ocrx_word' id='word_1_251' title='bbox 493 2777 520 2811; x_wconf 81' lang='lat' dir='ltr'><strong>se</strong></span> <span class='ocrx_word' id='word_1_252' title='bbox 541 2764 698 2824; x_wconf 80' lang='lat' dir='ltr'><strong>committat,</strong></span> <span class='ocrx_word' id='word_1_253' title='bbox 715 2764 879 2835; x_wconf 75' lang='lat' dir='ltr'><strong>deliqetque,</strong></span> <span class='ocrx_word' id='word_1_254' title='bbox 893 2763 918 2812; x_wconf 82' lang='lat' dir='ltr'><strong>si</strong></span> <span class='ocrx_word' id='word_1_255' title='bbox 933 2764 1010 2811; x_wconf 90' lang='lat' dir='ltr'><strong>modo</strong></span> <span class='ocrx_word' id='word_1_256' title='bbox 1030 2763 1119 2811; x_wconf 85' lang='lat' dir='ltr'><strong>saluus</strong></span> <span class='ocrx_word' id='word_1_257' title='bbox 1137 2777 1192 2810; x_wconf 86' lang='lat' dir='ltr'><strong>csse</strong></span> 
     </span>
     <span class='ocr_line' id='line_1_30' title="bbox 188 2824 1192 2888; baseline -0.003 -15"><span class='ocrx_word' id='word_1_258' title='bbox 188 2825 389 2885; x_wconf 74' lang='lat' dir='ltr'><strong>vultoptimum</strong></span> <span class='ocrx_word' id='word_1_259' title='bbox 410 2839 554 2888; x_wconf 85' lang='lat' dir='ltr'><strong>quemque,</strong></span> <span class='ocrx_word' id='word_1_260' title='bbox 577 2827 648 2874; x_wconf 86' lang='lat' dir='ltr'><strong>certe</strong></span> <span class='ocrx_word' id='word_1_261' title='bbox 671 2825 699 2872; x_wconf 88' lang='lat' dir='ltr'><strong>in</strong></span> <span class='ocrx_word' id='word_1_262' title='bbox 720 2826 884 2888; x_wconf 78' lang='lat' dir='ltr'><strong>optimorum</strong></span> <span class='ocrx_word' id='word_1_263' title='bbox 903 2825 1025 2873; x_wconf 78' lang='lat' dir='ltr'><strong>consitiis</strong></span> <span class='ocrx_word' id='word_1_264' title='bbox 1043 2824 1131 2888; x_wconf 83' lang='lat' dir='ltr'><strong>posita</strong></span> <span class='ocrx_word' id='word_1_265' title='bbox 1153 2827 1192 2872; x_wconf 84' lang='lat' dir='ltr'><strong>est</strong></span> 
     </span>
     <span class='ocr_line' id='line_1_31' title="bbox 188 2885 1248 2946; baseline 0.003 -13"><span class='ocrx_word' id='word_1_266' title='bbox 188 2885 338 2935; x_wconf 84' lang='lat' dir='ltr'><strong>civitatium</strong></span> <span class='ocrx_word' id='word_1_267' title='bbox 351 2886 425 2934; x_wconf 82' lang='lat' dir='ltr'><strong>salus</strong></span> <span class='ocrx_word' id='word_1_268' title='bbox 436 2905 457 2934; x_wconf 70' lang='lat' dir='ltr'><strong>a.</strong></span> <span class='ocrx_word' id='word_1_269' title='bbox 469 2913 499 2921; x_wconf 88' lang='lat'><em>-</em></span> <span class='ocrx_word' id='word_1_270' title='bbox 512 2887 614 2946; x_wconf 81' lang='lat' dir='ltr'><strong>Facit,</strong></span> <span class='ocrx_word' id='word_1_271' title='bbox 625 2888 692 2935; x_wconf 87' lang='lat' dir='ltr'><strong>dans</strong></span> <span class='ocrx_word' id='word_1_272' title='bbox 700 2886 724 2934; x_wconf 92' lang='lat' dir='ltr'><strong>le</strong></span> <span class='ocrx_word' id='word_1_273' title='bbox 735 2903 795 2935; x_wconf 90' lang='lat' dir='ltr'><strong>sens</strong></span> <span class='ocrx_word' id='word_1_274' title='bbox 806 2889 838 2935; x_wconf 87' lang='lat' dir='ltr'><strong>de</strong></span> <span class='ocrx_word' id='word_1_275' title='bbox 849 2889 929 2935; x_wconf 83' lang='lat' dir='ltr'><strong>creat.</strong></span> <span class='ocrx_word' id='word_1_276' title='bbox 941 2914 971 2923; x_wconf 93' lang='lat'>-</span> <span class='ocrx_word' id='word_1_277' title='bbox 983 2886 1190 2937; x_wconf 82' lang='lat' dir='ltr'><strong>Temeritate.</strong></span> <span class='ocrx_word' id='word_1_278' title='bbox 1242 2913 1248 2921; x_wconf 93' lang='lat'>·</span> 
     </span>
     <span class='ocr_line' id='line_1_32' title="bbox 188 2947 1191 3010; baseline 0 -14"><span class='ocrx_word' id='word_1_279' title='bbox 188 2949 228 2996; x_wconf 81' lang='lat' dir='ltr'><strong>Gt.</strong></span> <span class='ocrx_word' id='word_1_280' title='bbox 251 2948 274 2994; x_wconf 91' lang='lat' dir='ltr'><strong>le</strong></span> <span class='ocrx_word' id='word_1_281' title='bbox 302 2962 363 2994; x_wconf 91' lang='lat' dir='ltr'><strong>sens</strong></span> <span class='ocrx_word' id='word_1_282' title='bbox 381 2949 414 2994; x_wconf 89' lang='lat' dir='ltr'><strong>de</strong></span> <span class='ocrx_word' id='word_1_283' title='bbox 437 2949 544 3008; x_wconf 85' lang='lat' dir='ltr'><strong>temere,</strong></span> <span class='ocrx_word' id='word_1_284' title='bbox 562 2964 595 2996; x_wconf 89' lang='lat' dir='ltr'><strong>au</strong></span> <span class='ocrx_word' id='word_1_285' title='bbox 618 2949 723 2996; x_wconf 91' lang='lat' dir='ltr'><strong>hasard.</strong></span> <span class='ocrx_word' id='word_1_286' title='bbox 739 2977 769 2984; x_wconf 95' lang='lat'>—</span> <span class='ocrx_word' id='word_1_287' title='bbox 786 2948 976 3010; x_wconf 77' lang='lat' dir='ltr'><strong>Diligentia.</strong></span> <span class='ocrx_word' id='word_1_288' title='bbox 995 2949 1034 2997; x_wconf 80' lang='lat' dir='ltr'><strong>Cf.</strong></span> <span class='ocrx_word' id='word_1_289' title='bbox 1051 2947 1191 3006; x_wconf 88' lang='lat' dir='ltr'><strong>Corneille‚</strong></span> 
     </span>
     <span class='ocr_line' id='line_1_33' title="bbox 189 2999 1193 3072; baseline 0.001 -15"><span class='ocrx_word' id='word_1_290' title='bbox 189 3009 283 3067; x_wconf 85' lang='lat' dir='ltr'><strong>Cinna,</strong></span> <span class='ocrx_word' id='word_1_291' title='bbox 300 3010 357 3066; x_wconf 88' lang='lat'><strong>11,1</strong></span> <span class='ocrx_word' id='word_1_292' title='bbox 373 3023 379 3057; x_wconf 91' lang='lat'>:</span> <span class='ocrx_word' id='word_1_293' title='bbox 396 3029 407 3052; x_wconf 78' lang='grc' dir='ltr'>α</span> <span class='ocrx_word' id='word_1_294' title='bbox 424 3009 459 3057; x_wconf 92' lang='lat' dir='ltr'><strong>Le</strong></span> <span class='ocrx_word' id='word_1_295' title='bbox 470 3011 527 3072; x_wconf 90' lang='lat' dir='ltr'><strong>pire</strong></span> <span class='ocrx_word' id='word_1_296' title='bbox 540 3011 587 3057; x_wconf 90' lang='lat' dir='ltr'><strong>des</strong></span> <span class='ocrx_word' id='word_1_297' title='bbox 599 2999 676 3060; x_wconf 73' lang='lat' dir='ltr'><strong>Etats</strong></span> <span class='ocrx_word' id='word_1_298' title='bbox 689 3009 754 3058; x_wconf 86' lang='lat' dir='ltr'><strong>c&#39;est</strong></span> <span class='ocrx_word' id='word_1_299' title='bbox 765 3009 845 3058; x_wconf 86' lang='lat' dir='ltr'><strong>l&#39;Etat</strong></span> <span class='ocrx_word' id='word_1_300' title='bbox 857 3010 995 3072; x_wconf 92' lang='lat' dir='ltr'><strong>populaire</strong></span> <span class='ocrx_word' id='word_1_301' title='bbox 1007 3030 1028 3059; x_wconf 78' lang='lat' dir='ltr'><strong>n.</strong></span> <span class='ocrx_word' id='word_1_302' title='bbox 1039 3037 1064 3046; x_wconf 91' lang='lat'><em>—</em></span> <span class='ocrx_word' id='word_1_303' title='bbox 1081 3009 1193 3063; x_wconf 73' lang='lat' dir='ltr'><strong>Condi·</strong></span> 
     </span>
     <span class='ocr_line' id='line_1_34' title="bbox 188 3071 1193 3133; baseline -0.003 -12"><span class='ocrx_word' id='word_1_304' title='bbox 188 3071 247 3121; x_wconf 85' lang='lat' dir='ltr'><strong>cio.</strong></span> <span class='ocrx_word' id='word_1_305' title='bbox 274 3071 366 3118; x_wconf 91' lang='lat' dir='ltr'><strong>Parole</strong></span> <span class='ocrx_word' id='word_1_306' title='bbox 385 3072 532 3132; x_wconf 85' lang='lat' dir='ltr'><strong>protonde;</strong></span> <span class='ocrx_word' id='word_1_307' title='bbox 559 3072 670 3120; x_wconf 84' lang='lat' dir='ltr'><strong>Ciceron</strong></span> <span class='ocrx_word' id='word_1_308' title='bbox 694 3087 753 3119; x_wconf 91' lang='lat' dir='ltr'><strong>com</strong></span> <span class='ocrx_word' id='word_1_309' title='bbox 775 3073 861 3120; x_wconf 89' lang='lat' dir='ltr'><strong>renait</strong></span> <span class='ocrx_word' id='word_1_310' title='bbox 881 3086 932 3133; x_wconf 87' lang='lat' dir='ltr'><strong>que</strong></span> <span class='ocrx_word' id='word_1_311' title='bbox 957 3072 1094 3120; x_wconf 86' lang='lat' dir='ltr'><strong>l&#39;exercice</strong></span> <span class='ocrx_word' id='word_1_312' title='bbox 1113 3072 1146 3118; x_wconf 91' lang='lat' dir='ltr'><strong>de</strong></span> <span class='ocrx_word' id='word_1_313' title='bbox 1167 3071 1193 3118; x_wconf 87' lang='lat' dir='ltr'><strong>la</strong></span> 
     </span>
     <span class='ocr_line' id='line_1_35' title="bbox 187 3089 1192 3195; baseline -0.001 -17"><span class='ocrx_word' id='word_1_314' title='bbox 187 3133 283 3180; x_wconf 79' lang='lat' dir='ltr'><strong>liberte</strong></span> <span class='ocrx_word' id='word_1_315' title='bbox 298 3147 330 3180; x_wconf 91' lang='lat' dir='ltr'><strong>ne</strong></span> <span class='ocrx_word' id='word_1_316' title='bbox 343 3147 377 3180; x_wconf 89' lang='lat' dir='ltr'><strong>va</strong></span> <span class='ocrx_word' id='word_1_317' title='bbox 388 3148 436 3194; x_wconf 90' lang='lat' dir='ltr'><strong>pas</strong></span> <span class='ocrx_word' id='word_1_318' title='bbox 452 3147 513 3180; x_wconf 89' lang='lat' dir='ltr'><strong>sans</strong></span> <span class='ocrx_word' id='word_1_319' title='bbox 526 3133 647 3195; x_wconf 82' lang='lat' dir='ltr'><strong>dangers,</strong></span> <span class='ocrx_word' id='word_1_320' title='bbox 661 3135 728 3181; x_wconf 89' lang='lat' dir='ltr'><strong>mais</strong></span> <span class='ocrx_word' id='word_1_321' title='bbox 743 3089 866 3182; x_wconf 58' lang='lat' dir='ltr'><strong>ilaimait</strong></span> <span class='ocrx_word' id='word_1_322' title='bbox 879 3134 905 3182; x_wconf 85' lang='lat' dir='ltr'><strong>la</strong></span> <span class='ocrx_word' id='word_1_323' title='bbox 916 3133 1021 3182; x_wconf 88' lang='lat' dir='ltr'><strong>liberte.</strong></span> <span class='ocrx_word' id='word_1_324' title='bbox 1034 3131 1192 3181; x_wconf 86' lang='lat' dir='ltr'><strong>N&#39;oublions</strong></span> 
     </span>
     <span class='ocr_line' id='line_1_36' title="bbox 188 3193 1192 3256; baseline 0.002 -16"><span class='ocrx_word' id='word_1_325' title='bbox 188 3209 235 3256; x_wconf 88' lang='lat' dir='ltr'><strong>pas</strong></span> <span class='ocrx_word' id='word_1_326' title='bbox 248 3195 376 3241; x_wconf 83' lang='lat' dir='ltr'><strong>toutefois</strong></span> <span class='ocrx_word' id='word_1_327' title='bbox 391 3193 453 3256; x_wconf 89' lang='lat' dir='ltr'><strong>qu&#39;il</strong></span> <span class='ocrx_word' id='word_1_328' title='bbox 463 3198 528 3242; x_wconf 90' lang='lat' dir='ltr'><strong>veut</strong></span> <span class='ocrx_word' id='word_1_329' title='bbox 539 3196 574 3242; x_wconf 89' lang='lat' dir='ltr'><strong>ici</strong></span> <span class='ocrx_word' id='word_1_330' title='bbox 587 3196 709 3243; x_wconf 89' lang='lat' dir='ltr'><strong>consoler</strong></span> <span class='ocrx_word' id='word_1_331' title='bbox 719 3211 754 3242; x_wconf 93' lang='lat' dir='ltr'><strong>un</strong></span> <span class='ocrx_word' id='word_1_332' title='bbox 763 3196 889 3243; x_wconf 89' lang='lat' dir='ltr'><strong>candidat</strong></span> <span class='ocrx_word' id='word_1_333' title='bbox 898 3196 1078 3254; x_wconf 86' lang='lat' dir='ltr'><strong>malheureux,</strong></span> <span class='ocrx_word' id='word_1_334' title='bbox 1091 3197 1118 3241; x_wconf 89' lang='lat' dir='ltr'><strong>et</strong></span> <span class='ocrx_word' id='word_1_335' title='bbox 1130 3193 1192 3254; x_wconf 85' lang='lat' dir='ltr'><strong>qu&#39;il</strong></span> 
     </span>
     <span class='ocr_line' id='line_1_37' title="bbox 188 3254 1192 3328; baseline 0 -26"><span class='ocrx_word' id='word_1_336' title='bbox 188 3272 204 3302; x_wconf 89' lang='lat' dir='ltr'><strong>a</strong></span> <span class='ocrx_word' id='word_1_337' title='bbox 229 3256 336 3304; x_wconf 89' lang='lat' dir='ltr'><strong>ailleurs</strong></span> <span class='ocrx_word' id='word_1_338' title='bbox 360 3256 508 3304; x_wconf 86' lang='lat' dir='ltr'><strong>condamne</strong></span> <span class='ocrx_word' id='word_1_339' title='bbox 532 3257 556 3304; x_wconf 91' lang='lat' dir='ltr'><strong>le</strong></span> <span class='ocrx_word' id='word_1_340' title='bbox 575 3261 637 3305; x_wconf 88' lang='lat' dir='ltr'><strong>vote</strong></span> <span class='ocrx_word' id='word_1_341' title='bbox 661 3258 800 3318; x_wconf 88' lang='lat' dir='ltr'><strong>populaire</strong></span> <span class='ocrx_word' id='word_1_342' title='bbox 822 3257 862 3320; x_wconf 85' lang='lat' dir='ltr'><strong>(de</strong></span> <span class='ocrx_word' id='word_1_343' title='bbox 884 3257 997 3328; x_wconf 80' lang='lat' dir='ltr'><strong>Repub,</strong></span> <span class='ocrx_word' id='word_1_344' title='bbox 1018 3254 1052 3318; x_wconf 91' lang='lat'><strong>11,</strong></span> <span class='ocrx_word' id='word_1_345' title='bbox 1073 3261 1118 3314; x_wconf 75' lang='lat'><strong>223</strong></span> <span class='ocrx_word' id='word_1_346' title='bbox 1139 3255 1192 3302; x_wconf 85' lang='lat' dir='ltr'><strong>Pro</strong></span> 
     </span>
     <span class='ocr_line' id='line_1_38' title="bbox 188 3317 1191 3380; baseline 0.003 -17"><span class='ocrx_word' id='word_1_347' title='bbox 188 3317 308 3376; x_wconf 87' lang='lat' dir='ltr'><strong>Murena,</strong></span> <span class='ocrx_word' id='word_1_348' title='bbox 332 3319 380 3380; x_wconf 76' lang='lat'>17).</span> <span class='ocrx_word' id='word_1_349' title='bbox 401 3345 430 3352; x_wconf 99' lang='lat'><em>-</em></span> <span class='ocrx_word' id='word_1_350' title='bbox 447 3318 604 3367; x_wconf 81' lang='lat' dir='ltr'><strong>Nostrum</strong></span> <span class='ocrx_word' id='word_1_351' title='bbox 625 3334 630 3367; x_wconf 73' lang='grc' dir='ltr'><strong><em>ι</em></strong></span> <span class='ocrx_word' id='word_1_352' title='bbox 649 3319 668 3364; x_wconf 93' lang='lat' dir='ltr'><strong>il</strong></span> <span class='ocrx_word' id='word_1_353' title='bbox 687 3319 760 3380; x_wconf 86' lang='lat' dir='ltr'><strong>parte</strong></span> <span class='ocrx_word' id='word_1_354' title='bbox 782 3320 829 3366; x_wconf 92' lang='lat' dir='ltr'><strong>des</strong></span> <span class='ocrx_word' id='word_1_355' title='bbox 847 3320 997 3367; x_wconf 70' lang='lat' dir='ltr'><strong>candidus.</strong></span> <span class='ocrx_word' id='word_1_356' title='bbox 1018 3345 1046 3356; x_wconf 92' lang='lat'><em>-</em></span> <span class='ocrx_word' id='word_1_357' title='bbox 1067 3317 1191 3380; x_wconf 74' lang='lat' dir='ltr'><strong>Magni,</strong></span> 
     </span>
     <span class='ocr_line' id='line_1_39' title="bbox 189 3378 1193 3442; baseline 0 -17"><span class='ocrx_word' id='word_1_358' title='bbox 189 3378 306 3426; x_wconf 85' lang='lat' dir='ltr'><strong>adverbe</strong></span> <span class='ocrx_word' id='word_1_359' title='bbox 324 3379 356 3426; x_wconf 89' lang='lat' dir='ltr'><strong>de</strong></span> <span class='ocrx_word' id='word_1_360' title='bbox 375 3379 443 3442; x_wconf 89' lang='lat' dir='ltr'><strong>prix.</strong></span> <span class='ocrx_word' id='word_1_361' title='bbox 463 3405 493 3414; x_wconf 91' lang='lat'><strong>—</strong></span> <span class='ocrx_word' id='word_1_362' title='bbox 512 3380 742 3442; x_wconf 80' lang='lat' dir='ltr'><strong>Supplicando.</strong></span> <span class='ocrx_word' id='word_1_363' title='bbox 764 3381 799 3428; x_wconf 90' lang='lat' dir='ltr'><strong>Ce</strong></span> <span class='ocrx_word' id='word_1_364' title='bbox 819 3383 881 3428; x_wconf 88' lang='lat' dir='ltr'><strong>sont</strong></span> <span class='ocrx_word' id='word_1_365' title='bbox 897 3381 922 3428; x_wconf 85' lang='lat' dir='ltr'><strong>la</strong></span> <span class='ocrx_word' id='word_1_366' title='bbox 939 3381 976 3428; x_wconf 91' lang='lat' dir='ltr'><strong>les</strong></span> <span class='ocrx_word' id='word_1_367' title='bbox 996 3379 1110 3428; x_wconf 90' lang='lat' dir='ltr'><strong>conseils</strong></span> <span class='ocrx_word' id='word_1_368' title='bbox 1131 3378 1193 3425; x_wconf 79' lang='lat' dir='ltr'><strong>d’un</strong></span> 
     </span>
     <span class='ocr_line' id='line_1_40' title="bbox 189 3441 1193 3567; baseline 0.002 -19"><span class='ocrx_word' id='word_1_369' title='bbox 189 3441 1193 3567; x_wconf 57' lang='lat' dir='ltr'><strong>attatei?tttb‘tttttttttttlttltltalet?„tttt‘tttttt</strong></span> 
     </span>
     <span class='ocr_line' id='line_1_41' title="bbox 189 3539 1240 3628; baseline -0.001 -18"><span class='ocrx_word' id='word_1_370' title='bbox 189 3563 307 3625; x_wconf 89' lang='lat' dir='ltr'>XXXV).</span> <span class='ocrx_word' id='word_1_371' title='bbox 327 3564 471 3628; x_wconf 91' lang='lat' dir='ltr'><strong>Comparer</strong></span> <span class='ocrx_word' id='word_1_372' title='bbox 490 3566 542 3612; x_wconf 88' lang='lat' dir='ltr'><strong>Pro</strong></span> <span class='ocrx_word' id='word_1_373' title='bbox 561 3565 680 3626; x_wconf 82' lang='lat' dir='ltr'><strong>Plancio,</strong></span> <span class='ocrx_word' id='word_1_374' title='bbox 703 3566 750 3624; x_wconf 84' lang='lat' dir='ltr'><strong>VI,</strong></span> <span class='ocrx_word' id='word_1_375' title='bbox 773 3571 810 3624; x_wconf 84' lang='lat'><strong>15,</strong></span> <span class='ocrx_word' id='word_1_376' title='bbox 829 3567 864 3613; x_wconf 83' lang='grc' dir='ltr'><strong>οὺ</strong></span> <span class='ocrx_word' id='word_1_377' title='bbox 883 3565 1003 3627; x_wconf 87' lang='lat' dir='ltr'><strong>Ciceron,</strong></span> <span class='ocrx_word' id='word_1_378' title='bbox 1022 3565 1099 3627; x_wconf 86' lang='lat' dir='ltr'><strong>apres</strong></span> <span class='ocrx_word' id='word_1_379' title='bbox 1118 3539 1194 3612; x_wconf 78' lang='lat' dir='ltr'><strong>avoii</strong></span> <span class='ocrx_word' id='word_1_380' title='bbox 1234 3559 1240 3568; x_wconf 72' lang='grc'><strong>“</strong></span> 
     </span>
     <span class='ocr_line' id='line_1_42' title="bbox 189 3625 1192 3699; baseline 0 -26"><span class='ocrx_word' id='word_1_381' title='bbox 189 3625 310 3673; x_wconf 90' lang='lat' dir='ltr'><strong>constate</strong></span> <span class='ocrx_word' id='word_1_382' title='bbox 323 3625 513 3677; x_wconf 87' lang='lat' dir='ltr'><strong>l’inconstance</strong></span> <span class='ocrx_word' id='word_1_383' title='bbox 522 3629 557 3674; x_wconf 91' lang='lat' dir='ltr'><strong>du</strong></span> <span class='ocrx_word' id='word_1_384' title='bbox 567 3627 672 3690; x_wconf 91' lang='lat' dir='ltr'><strong>peuple,</strong></span> <span class='ocrx_word' id='word_1_385' title='bbox 682 3627 771 3689; x_wconf 85' lang='lat' dir='ltr'><strong>ajoute</strong></span> <span class='ocrx_word' id='word_1_386' title='bbox 784 3641 849 3674; x_wconf 91' lang='lat' dir='ltr'><strong>avec</strong></span> <span class='ocrx_word' id='word_1_387' title='bbox 861 3627 1001 3699; x_wconf 88' lang='lat' dir='ltr'><strong>beaucoup</strong></span> <span class='ocrx_word' id='word_1_388' title='bbox 1009 3628 1041 3674; x_wconf 90' lang='lat' dir='ltr'><strong>de</strong></span> <span class='ocrx_word' id='word_1_389' title='bbox 1050 3626 1104 3674; x_wconf 92' lang='lat' dir='ltr'><strong>bon</strong></span> <span class='ocrx_word' id='word_1_390' title='bbox 1113 3640 1175 3672; x_wconf 92' lang='lat' dir='ltr'><strong>sens</strong></span> <span class='ocrx_word' id='word_1_391' title='bbox 1185 3639 1192 3673; x_wconf 90' lang='lat'><strong>:</strong></span> 
     </span>
    </p>

    <p class='ocr_par' dir='ltr' id='par_1_8' title="bbox 189 3687 1194 3812">
     <span class='ocr_line' id='line_1_43' title="bbox 189 3687 1194 3750; baseline -0.001 -18"><span class='ocrx_word' id='word_1_392' title='bbox 189 3707 200 3730; x_wconf 76' lang='lat' dir='ltr'><strong>a</strong></span> <span class='ocrx_word' id='word_1_393' title='bbox 220 3701 268 3735; x_wconf 89' lang='lat' dir='ltr'><strong>nos</strong></span> <span class='ocrx_word' id='word_1_394' title='bbox 281 3690 370 3736; x_wconf 89' lang='lat' dir='ltr'><strong>tamen</strong></span> <span class='ocrx_word' id='word_1_395' title='bbox 387 3690 414 3735; x_wconf 87' lang='lat' dir='ltr'><strong>in</strong></span> <span class='ocrx_word' id='word_1_396' title='bbox 432 3689 534 3750; x_wconf 89' lang='lat' dir='ltr'><strong>impetu</strong></span> <span class='ocrx_word' id='word_1_397' title='bbox 552 3690 701 3738; x_wconf 86' lang='lat' dir='ltr'><strong>studiorum</strong></span> <span class='ocrx_word' id='word_1_398' title='bbox 716 3693 743 3736; x_wconf 88' lang='lat' dir='ltr'><strong>et</strong></span> <span class='ocrx_word' id='word_1_399' title='bbox 759 3692 834 3739; x_wconf 88' lang='lat' dir='ltr'><strong>motu</strong></span> <span class='ocrx_word' id='word_1_400' title='bbox 848 3690 1008 3738; x_wconf 82' lang='lat' dir='ltr'><strong>temeritatis</strong></span> <span class='ocrx_word' id='word_1_401' title='bbox 1024 3689 1133 3738; x_wconf 92' lang='lat' dir='ltr'><strong>modum</strong></span> <span class='ocrx_word' id='word_1_402' title='bbox 1149 3687 1194 3733; x_wconf 85' lang='lat' dir='ltr'><strong>ali-</strong></span> 
     </span>
     <span class='ocr_line' id='line_1_44' title="bbox 189 3751 900 3812; baseline 0 -18"><span class='ocrx_word' id='word_1_403' title='bbox 189 3763 268 3809; x_wconf 87' lang='lat' dir='ltr'><strong>quem</strong></span> <span class='ocrx_word' id='word_1_404' title='bbox 284 3752 311 3797; x_wconf 89' lang='lat' dir='ltr'><strong>et</strong></span> <span class='ocrx_word' id='word_1_405' title='bbox 321 3751 462 3798; x_wconf 88' lang='lat' dir='ltr'><strong>consilium</strong></span> <span class='ocrx_word' id='word_1_406' title='bbox 474 3754 500 3797; x_wconf 93' lang='lat' dir='ltr'><strong>et</strong></span> <span class='ocrx_word' id='word_1_407' title='bbox 508 3752 638 3800; x_wconf 86' lang='lat' dir='ltr'><strong>rationem</strong></span> <span class='ocrx_word' id='word_1_408' title='bbox 653 3751 819 3812; x_wconf 86' lang='lat' dir='ltr'><strong>requiremus</strong></span> <span class='ocrx_word' id='word_1_409' title='bbox 833 3769 854 3798; x_wconf 75' lang='lat' dir='ltr'><strong>n.</strong></span> <span class='ocrx_word' id='word_1_410' title='bbox 896 3777 900 3780; x_wconf 98' lang='lat'>-</span> 
     </span>
    </p>
   </div>
   <div class='ocr_carea' id='block_1_5' title="bbox 621 3892 772 3942">
    <p class='ocr_par' dir='ltr' id='par_1_9' title="bbox 621 3892 772 3942">
     <span class='ocr_line' id='line_1_45' title="bbox 621 3892 772 3942; baseline 0 0"><span class='ocrx_word' id='word_1_411' title='bbox 621 3921 644 3931; x_wconf 56' lang='grc' dir='ltr'><strong>ν</strong></span> <span class='ocrx_word' id='word_1_412' title='bbox 668 3892 772 3942; x_wconf 71' lang='lat' dir='ltr'><strong>aro-⁴</strong></span> 
     </span>
    </p>
   </div>
   <div class='ocr_carea' id='block_1_6' title="bbox 0 0 1360 4244">
    <p class='ocr_par' dir='ltr' id='par_1_10' title="bbox 0 0 1360 4244">
     <span class='ocr_line' id='line_1_46' title="bbox 0 0 1360 4244; baseline 0 0"><span class='ocrx_word' id='word_1_413' title='bbox 0 0 1360 4244; x_wconf 95' lang='lat' dir='ltr'><strong> </strong></span> 
     </span>
    </p>
   </div>
  </div>
 </body>
</html>
