2696 4244
286 175 366 232 152.
383 150 489 232 Prtse
504 177 549 231 de
564 178 675 233 Rome
690 188 762 244 par
773 175 911 232 Alartc.
962 183 965 218 1

373 279 463 341 (Roma
470 279 506 327 ab
518 279 628 327 Alarico
640 280 814 343 expugnata.)

132 434 290 493 Terribilis
299 435 335 495 de
349 437 536 496 Occidente*
551 438 799 509 rumoraffertur,
813 437 944 496 obsideri
956 437 1098 507 Romam,
1113 439 1156 500 4ο

86 537 123 586 -ot
134 551 209 588 auro
224 521 353 591 salutern
375 534 491 592 civium
512 534 637 606 redimi;
661 534 870 615 spoliatosque
895 549 1017 592 rursum
1038 535 1099 592 'cir-
1122 565 1141 575 ¹·

7 631 8 678 l
84 613 262 704 [comdant
279 637 322 697 ut,
338 638 410 710 post
428 630 641 700 substantiam,
660 631 755 690 vitam
776 652 899 711 quoque
923 631 1099 710 perderent.

91 723 200 781 Haeret
212 745 283 799 vox,
298 733 329 784 et
342 727 496 804 singultus
513 727 714 806 intercipiunt
727 727 819 786 verba
831 727 989 786 dictantis.
1009 726 1102 806 Capi-

91 826 145 876 tur
158 821 240 890 urbe,
260 843 329 900 quae
344 831 445 881 totum
457 823 558 902 cepit*
574 823 679 882 orbem
695 843 701 883 :
718 823 812 881 immo
827 823 907 882 same
922 824 1001 903 perit
1016 831 1101 882 ante·

85 935 186 993 quam
202 918 316 994 gladi0,
334 927 364 978 et
377 921 429 977 vix
451 921 553 999 pauci,
573 921 625 999 qui
650 928 845 999 caperentur,
872 921 991 979 inventi
1017 927 1099 978 sunt.

7 1061 9 1096 ᾗ
88 1011 138 1068 Ad
160 1014 309 1073 nefandos
325 1016 409 1074 cibos
428 1017 531 1095 erupit
545 1016 748 1074 esurientium
764 1017 880 1089 rabies,
899 1025 930 1075 et
952 1037 1006 1075 sua
1023 1016 1103 1073 invi-

7 1149 8 1172 ,
87 1097 159 1167 cem
180 1112 316 1170 membra
334 1112 500 1184 laniarunt,
528 1112 602 1171 dum
632 1120 731 1170 mater
760 1133 822 1171 non
853 1114 953 1192 parcit
977 1111 1102 1171 lactenti

7 1211 9 1232 l
88 1206 244 1280 infantiae,
261 1216 291 1266 et
303 1229 358 1268 suo
374 1210 484 1288 recipit
501 1217 601 1280 utero,
618 1230 711 1288 quem
725 1209 817 1288 paulo
834 1217 905 1269 ante
921 1209 1101 1268 effuderat*.

89 1303 173 1360 Vera
189 1307 341 1364 sententia
356 1314 402 1365 est
420 1325 426 1366 :
444 1307 547 1364 omnia
564 1313 631 1364 orta
654 1305 811 1379 occidunt,
834 1314 865 1364 et
887 1315 979 1365 aucta
1001 1326 1104 1364 senes-

85 1408 179 1458 cunt.
198 1401 280 1460 Nihil
300 1410 345 1460 est
360 1424 452 1482 opere
469 1411 500 1461 et
513 1423 605 1461 manu
620 1404 735 1462 lactum
760 1403 844 1483 quod
869 1423 931 1461 non
960 1403 1105 1462 conficiat

87 1504 119 1554 et
135 1508 302 1558 consumat
322 1503 493 1558 vetustas*.
521 1499 595 1566 Quis
615 1499 755 1558 crederet
777 1507 810 1558 ut
831 1501 925 1558 totius
952 1501 1034 1558 orbis
1054 1511 1104 1558 ex·

85 1603 211 1653 structa
227 1596 364 1655 victoriis
392 1598 491 1656 Roma
514 1604 682 1667 corrueret,
708 1604 742 1655 ut
762 1597 826 1676 ipsa
853 1599 915 1655 suis
933 1597 1058 1677 populis
1073 1601 1104 1655 et
1164 1612 1167 1617 ·

86 1701 193 1750 mater
220 1693 306 1751 fieret
331 1702 362 1752 et
386 1694 606 1774 sepulcrum*:
630 1701 663 1752 ut
692 1701 756 1756 tota
784 1695 928 1765 Orientis,
961 1693 1102 1772 AEgypti‚

87 1789 211 1846 Africae
228 1788 320 1849 litora
336 1790 409 1849 olim
425 1791 636 1860 dominatricis
652 1791 736 1848 urbis
754 1811 912 1849 servorum
928 1798 958 1848 et
977 1789 1105 1848 ancilla-

7 1865 8 1914 Τ
84 1907 160 1944 rum
180 1907 314 1945 numero
330 1888 580 1967 complerentur:

177 1982 252 2048 Quis
268 1984 389 2042 cladem
404 1985 487 2042 illius
509 1985 620 2054 noctis,
636 1985 704 2064 quis
715 1985 822 2043 lunera
839 1984 932 2042 laudo

178 2079 329 2158 Explicet,
349 2090 401 2139 aut
414 2083 513 2161 possit
529 2081 661 2140 lacrimis
672 2101 803 2160 aequare
819 2081 977 2140 dolorem?

181 2176 261 2234 Urbs
276 2179 402 2257 antiqua
419 2179 480 2236 ruit
496 2178 609 2237 multos
624 2178 781 2236 dominata
802 2198 855 2257 per
879 2197 991 2250 ann0s;

176 2274 313 2332 Plurima
326 2295 441 2354 perque
453 2275 518 2333 vias
530 2282 717 2354 sparguntur
728 2275 838 2333 inertia
852 2276 965 2353 passim

174 2370 316 2449 Corpora
330 2392 446 2451 perque
459 2372 579 2443 domoS,
597 2380 628 2430 et
642 2372 775 2451 plurima
790 2373 898 2430 mortis
911 2372 1041 2449 imago*.

124 2533 174 2582 N⁰
193 2529 259 2579 152
274 2544 279 2576 :
293 2530 341 2578 De
363 2529 546 2580 Occidente.
568 2530 644 2577 Saint
663 2529 769 2577 Jerome
786 2533 827 2577 est
848 2545 879 2576 en
897 2544 926 2576 ce
939 2533 1059 2577 moment
1071 2544 1104 2576 au

85 2592 257 2644 monestere
280 2592 312 2637 de
338 2591 482 2646 Bethle'em,
507 2594 540 2638 ou
563 2593 580 2638 il
597 2592 719 2639 travaille
743 2593 757 2639 t
780 2607 822 2639 ses
843 2595 951 2639 savants
975 2606 1106 2652 ouvrages

80 2654 242 2714 d'exegesc
270 2653 490 2714 (Commentarios
519 2668 567 2700 sur
594 2653 619 2700 la
643 2653 748 2715 pendae,
772 2652 849 2712 Isate,
872 2651 1006 2712 Ezechiel,
1031 2653 1104 2715 etc).

78 2747 114 2756 -
146 2715 375 2766 Glrcumdari.
407 2716 495 2762 Alaric
516 2715 634 2776 assidgea
661 2715 744 2762 Rome
768 2715 834 2762 trois
859 2715 910 2762 lois
925 2730 931 2762 ι
949 2715 968 2761 il
992 2730 1019 2762 se
1044 2729 1107 2761 con-

79 2784 167 2831 tenta
183 2777 225 2822 les
240 2777 309 2822 deux
323 2777 467 2837 premieres
481 2777 530 2823 sois
550 2778 582 2822 de
603 2777 677 2822 lever
689 2777 837 2823 d'e'normes
850 2776 1065 2823 contributione:
1079 2777 1106 2823 lu

78 2840 246 2894 troisieme,
271 2838 288 2884 il
311 2839 365 2898 prit
384 2838 409 2884 la
433 2839 494 2884 ville
519 2837 635 2884 d'assaut
655 2841 682 2886 et
703 2838 728 2884 la
746 2839 795 2885 mit
817 2853 849 2885 au
869 2839 965 2900 pillage
984 2838 1057 2898 (tto).
1075 2865 1105 2873 -

77 2901 200 2966 cepit.
219 2899 260 2951 Cs.
287 2899 395 2960 Virgile,
418 2901 478 2960 En,
504 2901 549 2957 Vl,
565 2903 628 2947 851:
650 2919 661 2942 (ι
676 2898 715 2945 Tu
736 2915 827 2961 regere
849 2900 961 2961 imperio
981 2899 1105 2961 populos,

78 2969 227 3020 Romane,
243 2963 411 3008 memento».
434 2989 463 2996 -
481 2961 660 3011 Effuderat.
680 2961 757 3008 Saint
779 2961 885 3008 Je'rome
903 2963 971 3008 aime
988 2962 1026 3008 les
1042 2977 1106 3009 cou-

77 3033 160 3078 lcurs
190 3037 282 3078 cruet,
307 3023 345 3069 les
369 3022 464 3070 details
486 3024 608 3070 realistes
628 3025 662 3070 οὺ
684 3038 711 3070 se
734 3023 879 3070 tenuissent
903 3038 932 3070 sa
958 3024 1106 3070 sensibilite

75 3091 208 3141 ardente
221 3087 251 3131 et
264 3099 312 3130 son
327 3085 500 3144 imagination
515 3087 667 3146 t'ougueuse.
682 3111 711 3120 -
722 3085 890 3135 Vetusta&
906 3085 976 3132 C'est
1000 3088 1106 3132 surtout

77 3158 103 3204 le
116 3147 333 3200 christianisme
344 3147 389 3206 qui
403 3161 417 3192 a
431 3147 579 3207 developpc'
593 3148 659 3193 dans
672 3147 697 3193 la
709 3147 860 3194 litterature
874 3148 897 3194 le
912 3148 1057 3194 sentiment
1070 3149 1105 3194 du

74 3231 135 3281 peu
151 3223 214 3287 que
229 3222 299 3254 nous
308 3221 434 3267 sonunes,
443 3223 510 3254 nous
522 3213 549 3254 et
560 3223 608 3254 nos
621 3222 734 3256 oeuvres.
750 3208 788 3256 Cl.
800 3209 960 3267 Lamartine,
975 3208 1104 3275 l'Immor—

7 3299 9 3312 ,
76 3277 163 3328 talita
180 3274 241 3332 (1m
257 3269 440 3329 Meditations)
455 3284 460 3316 :
476 3270 596 3330 Regarde
609 3273 706 3316 autour
718 3270 750 3317 dc
766 3272 818 3329 toi,
833 3273 893 3318 tout
908 3284 1063 3317 commence
1080 3273 1106 3317 et

76 3343 144 3391 tout
159 3336 258 3389 s'use;
273 3330 344 3378 Tout
354 3331 460 3377 niarche
474 3346 533 3378 vers
547 3347 582 3377 un
596 3334 678 3377 terme
692 3336 718 3378 et
732 3335 792 3379 tout
802 3335 858 3379 nait
875 3347 943 3393 pour
955 3333 1056 3378 mourir
1059 3369 1105 3380 .....

72 3405 118 3454 Cf.
132 3396 219 3449 aussi
234 3393 337 3440 Lucain
350 3393 394 3452 IX,
406 3397 449 3438 968
460 3393 598 3451 ;Juvena1,
606 3393 637 3450 X,
648 3396 705 3452 1463
716 3394 827 3441 Ciceron
841 3395 874 3441 ad
886 3393 991 3450 Famil,
1006 3393 1105 3455 Sulpic.

72 3469 109 3515 ad
125 3463 276 3511 Ciceron,
288 3454 332 3510 IV,
343 3459 364 3501 5.
380 3480 406 3489 -
422 3454 623 3516 Sepulcrum.
635 3455 669 3501 Le
678 3457 756 3516 paien
768 3457 905 3516 lunatique
920 3456 1105 3506 Namatiauus.

115 3529 123 3574 i
137 3531 155 3573 a
171 3517 281 3570 assiste
292 3531 344 3562 aux
357 3517 456 3562 memes
467 3517 608 3575 desastres,
623 3517 691 3564 croit
700 3531 733 3563 au
746 3519 879 3564 contraire
896 3533 928 3564 au
943 3517 1107 3563 relereuient

70 3593 107 3640 de
123 3589 234 3636 Rome.
263 3578 330 3627 Voir
354 3581 430 3624 notre
452 3577 614 3640 Antholoqie
630 3577 779 3640 lat.,pages
795 3583 904 3626 toa-573.
927 3606 954 3613 —
972 3579 1106 3640 Imago:

72 3657 170 3702 beaux
187 3657 259 3692 vers
271 3641 305 3686 ou
319 3639 418 3700 Virgile
430 3639 543 3698 (uncto,
566 3628 598 3693 ll,
613 3641 667 3699 361)
688 3641 797 3701 deplore
812 3642 836 3687 la
855 3641 977 3687 derniere
997 3641 1056 3688 nuit
1074 3641 1106 3686 dc

69 3715 159 3764 Troie
173 3711 208 3757 et
222 3717 280 3766 que
292 3702 364 3748 saint
374 3701 489 3759 adrome,
503 3706 564 3749 tout
572 3702 663 3748 nourri
673 3702 720 3748 des
738 3702 864 3760 Anciens,
883 3702 1007 3764 applique
1028 3702 1107 3748 d'uue

71 3784 156 3835 sacon
174 3773 322 3818 heureusc
336 3764 351 3809 d
364 3762 447 3810 Rome
461 3764 619 3811 elle-meme.
