2696 4244
234 141 318 200 227.
339 143 604 213 organisation
623 147 671 202 du
688 144 800 202 senat
817 147 930 215 apres
944 147 984 202 la
997 147 1092 202 mort
1108 147 1153 202 de

625 234 811 290 Romulus.

307 335 463 398 (Quomodo,
477 336 594 385 Romulo
610 339 726 396 mortuo,
741 341 851 386 senatus
863 338 1026 386 constitutus
1038 338 1093 401 sit.)

131 461 175 522 3⁰
241 458 286 516 lta
312 479 376 517 rem
398 459 478 518 inter
502 480 533 518 se
553 467 676 518 centum
698 468 813 540 patres„
834 461 941 521 decem
963 462 1092 521 decuriis
1111 460 1203 520 lactis

201 554 391 636 singulisque
403 557 434 613 in
446 557 599 634 singulas*
613 557 752 616 decurias
763 559 883 630 creatio,
895 560 948 638 qui
961 579 1086 617 summae
1097 578 1202 640 rerum

201 660 379 730 praeessent‚
401 655 610 712 consociant*.
635 653 748 714 Decem
773 655 1003 734 imperitabant,
1028 662 1106 714 unus
1130 675 1201 713 cum

201 747 374 826 insignibus
395 749 515 829 imperii
532 757 563 808 et
576 749 736 810 lictoribus
751 759 834 825 erat;
851 753 988 832 quinque
1004 752 1121 810 dierum
1134 771 1203 830 spa-

201 843 246 903 tio
269 845 435 904 finiebatur
461 847 625 925 imperium
652 868 686 906 ac
710 868 766 927 per
792 869 899 907 omnes
927 849 959 906 in
987 849 1089 907 orbem
1118 846 1200 920 ibat;

201 961 400 1022 annuumque
423 943 619 1002 intervallum
643 945 727 1022 regni
749 945 818 1005 luit.
837 944 872 1004 ld
887 945 925 1005 ab
944 946 1005 1017 re*‚
1024 944 1104 1025 quod
1119 963 1203 1002 nunc

201 1058 326 1118 quoque
350 1045 435 1098 tenet
461 1061 584 1109 nomen,
611 1041 820 1119 interregnum
843 1041 1040 1122 appellatum.
1061 1040 1203 1100 Fremere

200 1134 312 1193 deinde
328 1135 413 1214 plebs
435 1137 671 1217 multiplicatam
694 1139 874 1197 servitutem
884 1140 906 1212 *,
927 1147 1050 1198 centum
1067 1157 1123 1218 pro
1142 1157 1204 1194 uno

200 1231 344 1290 dominos
359 1233 475 1306 lactos;
501 1255 555 1292 nec
572 1234 651 1293 ultra
666 1235 724 1293 nisi
744 1256 846 1313 regern
865 1242 896 1294 et
915 1235 953 1294 ab
972 1235 1046 1315 ipsis
1067 1242 1204 1292 creatum

201 1327 387 1388 videbantur
397 1331 525 1409 passuri.
539 1331 617 1389 Cum
632 1332 799 1391 sensissent
811 1353 846 1392 ea
857 1332 993 1390 moveri*
1003 1337 1115 1411 patres
1132 1332 1206 1389 olle-

202 1426 332 1513 rendum
346 1427 426 1484 ultro
436 1429 492 1485 rati
507 1427 589 1507 quod
603 1429 851 1500 amissurierant,
865 1429 928 1487 ita*
940 1429 1069 1506 gratiam
1084 1427 1202 1492 ineunt,

201 1543 321 1582 summa
333 1530 484 1602 potestate
498 1524 614 1604 populo
629 1525 789 1604 permissa,
806 1532 915 1583 utnon
928 1525 998 1605 plus
1012 1525 1119 1583 darent
1125 1523 1206 1601 juris

202 1640 295 1700 qnam
328 1620 515 1680 detinerent.
549 1622 764 1680 Decrevernnt
794 1622 875 1680 enirn
900 1631 945 1693 ut,
975 1641 1044 1680 oum
1072 1619 1206 1700 populus

203 1737 306 1794 regem
317 1717 469 1796 jussisset,
489 1717 520 1775 id
541 1719 584 1776 sic
601 1726 701 1777 ratum
723 1726 813 1787 esset,
834 1719 858 1776 si
879 1727 981 1797 patres
999 1724 1137 1776 auctores
1151 1716 1206 1772 fie-

202 1821 283 1872 rent.
302 1814 403 1872 Hodie
421 1836 543 1894 quoque
559 1817 589 1873 in
602 1815 720 1892 legibus
736 1814 1028 1895 magistratibusque
1044 1813 1207 1892 rogandis*

203 1914 389 1988 usurpatur*
400 1911 481 1970 idem
491 1913 554 1992 jus,
570 1913 599 1970 vi
612 1912 776 1991 adempta*
790 1931 796 1971 :
809 1913 988 1991 priusquam
1000 1911 1130 1990 populus
1144 1908 1207 1967 sul-

202 2007 336 2084 sragium
360 2008 453 2078 ineat,
477 2010 509 2066 in
534 2010 685 2067 incertum
713 2008 908 2067 comitiorum
937 2015 1079 2066 eventum
1103 2014 1207 2086 patres

203 2111 345 2162 auctores
361 2105 449 2164 fiunt.
464 2106 541 2164 Tum
564 2107 727 2178 interrex*‚
745 2106 890 2164 contione
910 2105 1068 2185 advocata,
1092 2128 1106 2158 «
1123 2103 1206 2182 quod

205 2201 352 2273 bonunr*‚
368 2201 501 2261 faustum
518 2202 654 2283 felixque
670 2203 710 2261 sit
732 2227 758 2274 »‚
776 2203 888 2282 inquit,
911 2226 925 2257 «
943 2202 1086 2270 Quirites,
1104 2219 1207 2277 regem

204 2305 306 2357 create
321 2317 327 2358 ε
342 2298 383 2357 ita
396 2300 536 2378 patribus
554 2301 654 2358 visum
677 2306 733 2358 est.
758 2299 861 2358 Patres
879 2299 1001 2368 deinde,
1021 2298 1046 2356 si
1066 2297 1205 2374 dignum,

206 2395 259 2474 qui
283 2396 435 2454 secundus
458 2397 496 2454 ab
520 2397 652 2454 Romulo
672 2403 852 2455 numeretur
876 2395 1024 2468 creantis,
1046 2393 1206 2453 auctores*

206 2486 324 2549 fients»
343 2492 430 2550 Adeo
455 2493 486 2550 id
510 2503 629 2570 gratum
648 2493 729 2572 plebi
749 2493 809 2551 fuit
824 2500 867 2563 ut,
888 2513 925 2550 ne
938 2491 1034 2550 victi*
1057 2489 1206 2549 beneficio

207 2589 395 2660 viderentur,
424 2589 455 2647 id
480 2590 571 2648 modo
594 2591 759 2648 sciscerent
778 2590 996 2669 juberentque,
1022 2595 1057 2646 ut
1078 2593 1199 2646 senatus

207 2686 387 2745 decerneret
402 2687 455 2766 qni
468 2687 575 2745 Romae
591 2695 742 2765 regnaret.

237 2845 279 2894 N·
296 2845 362 2895 227
381 2859 387 2892 ε
405 2844 441 2893 In
455 2845 604 2904 singulas
619 2861 624 2892 :
639 2860 672 2892 on
686 2846 784 2892 choisit
797 2861 831 2892 un
847 2845 965 2892 membre
981 2859 1031 2906 par
1045 2842 1159 2890 decurie.
1177 2840 1209 2888 In

208 2921 317 2967 marque
337 2907 371 2952 ici
394 2905 419 2952 la
441 2906 623 2954 distribution.
642 2935 672 2941 -
690 2907 893 2960 Consociant„
915 2921 942 2953 se
965 2908 1090 2966 rapporte
1115 2905 1128 2952 l
1153 2917 1209 2950 rem

210 2969 282 3015 inter
299 2983 335 3015 se.
353 2994 382 3002 -
395 2966 446 3016 Ab
465 2982 509 3026 re,
529 2983 607 3029 parce
620 2967 697 3030 qu'ils
715 2970 855 3030 regntrent
868 2968 1082 3015 veritablement.
1097 2993 1126 3000 -
1140 2964 1209 3014 Ser-

207 3030 358 3079 vitutem.
369 3029 408 3076 Cl.
423 3029 584 3083 Ciodrontdc
598 3031 719 3092 Repulit,
733 3031 766 3089 ΙΙ,
780 3035 818 3088 11,
830 3035 867 3087 12,
883 3033 929 3090 23).
943 3027 1114 3083 -Μονθνί,
1127 3042 1146 3074 s.
1156 3030 1208 3096 ent.

209 3091 353 3138 mentibus.
373 3117 402 3124 -
419 3091 480 3147 tta,
495 3106 521 3137 se
536 3092 606 3151 joint
623 3093 638 3138 d
648 3092 788 3154 permissa.
804 3091 872 3139 C'est
886 3106 936 3137 une
949 3090 1101 3138 restriction
1121 3103 1126 3136 :
1144 3103 1209 3135 mars

208 3155 242 3199 de
258 3153 335 3209 lacon
353 3153 375 3198 la.
395 3179 424 3186 -
443 3154 621 3260 Rogandis‚
638 3169 719 3262 qiarce
739 3151 818 3214 qu'on
837 3152 989 3200 demandait
1010 3167 1042 3198 au
1059 3151 1152 3211 peuple
1170 3149 1208 3196 s‘il

208 3214 312 3261 voulait
331 3217 455 3274 acceptor
471 3217 497 3260 te
509 3216 532 3260 le
547 3216 592 3274 loi,
611 3219 636 3262 tc
668 3217 814 3277 magistrat.
832 3241 858 3249 -
873 3215 1071 3274 Usurpatum
1090 3226 1122 3258 en
1134 3214 1209 3259 rertu

206 3277 243 3321 de
255 3274 280 3321 la
294 3276 335 3321 tec
347 3274 467 3322 Publilia
479 3278 524 3336 qni
540 3281 616 3338 porte
633 3292 638 3324 ι
656 3297 667 3319 α
685 3279 714 3323 ut
728 3277 826 3340 legum,
841 3290 909 3338 quae
924 3273 1040 3321 comitiis
1053 3272 1209 3320 centuriatis

206 3336 359 3396 ferrentur,
373 3338 434 3384 ante
453 3337 549 3384 initum
566 3337 729 3402 suffragium
744 3341 834 3400 patres
848 3338 971 3384 auctores
983 3336 1089 3396 fierent.
1105 3354 1116 3376 »
1130 3361 1160 3369 —
1171 3333 1211 3383 Vi

209 3399 375 3458 adempta.
392 3399 529 3446 Tite-Live
542 3404 606 3446 veut
619 3401 675 3446 dire
689 3414 739 3461 que
757 3414 786 3446 ce
799 3400 870 3446 droit
884 3399 917 3445 de
935 3397 1076 3444 confirmer
1089 3397 1128 3443 les
1142 3395 1211 3443 deci-

209 3460 284 3506 sions
297 3461 332 3506 du
343 3462 439 3521 peuple
450 3461 559 3508 n'existe
572 3461 632 3521 plus
647 3477 698 3523 que
715 3476 784 3522 pour
800 3461 825 3507 la
840 3462 933 3507 forme.
946 3486 976 3495 -
988 3459 1148 3508 Interrex.
1164 3457 1212 3505 Sur

210 3521 235 3566 le
257 3524 313 3568 mot
331 3520 526 3585 interregnum,
550 3523 609 3569 voir
629 3524 666 3570 les
687 3527 763 3570 notes
787 3523 819 3569 (le
841 3522 866 3569 la
890 3521 996 3568 version
1016 3525 1054 3567 12.
1072 3548 1102 3555 —
1151 3520 1212 3569 uod

209 3582 1125 3643 honum,ethormuleordinairedesdecretsetdesactespublics.
1155 3596 1213 3629 ous-

210 3644 340 3690 cntendez
358 3644 468 3692 utinam.
487 3671 514 3680 -·
533 3644 696 3695 Auctores
717 3660 722 3692 :
743 3646 775 3692 ils
797 3644 957 3692 confirment
975 3644 1041 3690 ainsi
1061 3645 1076 3690 a
1093 3643 1212 3690 l'avance

210 3719 263 3750 une
276 3704 394 3750 decision
407 3719 503 3752 encore
516 3706 657 3755 inconnue.
671 3731 696 3740 -
712 3706 810 3763 Victi,
824 3707 890 3752 ainsi
904 3720 956 3766 que
968 3704 1006 3752 les
1023 3704 1132 3766 pluriels
1150 3703 1213 3751 scie-

207 3766 311 3823 cerent,
327 3765 467 3827 juberent,
488 3782 515 3815 se
535 3772 671 3828 rappodo,
688 3783 737 3830 par
753 3768 878 3829 syllepse,
903 3782 936 3814 au
953 3766 1073 3814 collectis
1082 3763 1164 3828 plebi.

631 3928 667 3940 -
678 3901 736 3953 230
755 3929 790 3941 -·
