2698 4242
387 152 448 207 41.
469 153 655 210 Hannibal
670 151 823 222 rappele
836 167 882 210 en
896 154 1063 224 Afrique.

478 249 623 311 (Hannibal
636 249 663 296 iu
677 248 801 309 Africam
818 251 979 312 revocatur.)

171 357 210 419 3ο
265 359 313 418 Ad
330 360 532 421 Hannibalem
549 364 640 441 legati
651 363 688 422 ab
700 363 896 442 Carthagine,
910 372 1091 422 revocantes
1105 364 1135 421 in
1148 363 1231 422 Afri-

185 512 188 520 ,
225 476 303 528 cam,
321 467 483 519 venerunt.
502 461 658 519 Frendens
676 482 861 540 gemensque
880 483 915 520 ac
932 462 984 519 vix
1004 461 1138 520 lacrimis
1153 467 1232 518 tem-

225 557 357 632 perans*
374 555 487 615 dicitur
504 558 673 636 legatorum
691 559 783 616 verba
808 558 941 618 audisse.
960 559 1128 638 Postquam
1150 555 1231 614 edita

225 660 298 709 sunt
319 654 461 713 mandata
485 674 490 714 :
517 680 531 708 u
553 656 620 713 lam
645 676 706 713 non
730 654 905 734 perplexe*‚
928 655 1041 736 inquit,
1063 655 1114 712 sed
1131 652 1245 734 palam
1337 701 1338 718 ,

225 758 381 822 revocant,
408 753 458 830 qui
484 753 616 811 vetando
641 753 890 830 supplementum
912 761 942 810 et
962 752 1124 830 pecuniam
1150 749 1231 808 mitti

221 845 406 925 jampridem
420 849 626 908 retrahebant.
639 850 742 907 Vicit*
755 870 828 927 ergo
842 848 1043 907 Hannibalem
1059 869 1120 906 non
1136 868 1239 926 popu·¹

225 942 273 1001 lus
289 943 458 1017 Romanus,
472 947 564 1004 toties
577 967 674 1004 cresus
685 947 881 1026 fugatusque,
897 946 950 1004 sed
966 954 1089 1004 senatus
1105 945 1234 1002 Cartha-

224 1041 373 1116 giniensis
388 1042 634 1102 obtrectatione*
649 1051 741 1123 atque
757 1043 872 1102 invidia
886 1063 892 1114 ;
908 1064 1006 1122 neque
1020 1043 1077 1101 hac
1089 1041 1234 1100 delormi-

225 1139 309 1195 tate*
332 1139 449 1197 reditus
471 1141 530 1198 mei
555 1147 615 1198 tam
633 1141 667 1201 P.
692 1141 796 1220 Scipio
821 1140 987 1199 exsultabit
1013 1147 1105 1217 atque
1126 1139 1233 1196 elleret

226 1255 291 1292 sese
315 1256 407 1314 quam
430 1237 552 1310 Hanno,
577 1238 630 1316 qui
652 1237 777 1295 domum
804 1246 951 1310 nostram,
970 1236 1095 1315 quando
1119 1235 1177 1294 alia
1200 1253 1233 1290 re

226 1353 287 1389 non
311 1334 423 1412 potuit,
450 1335 538 1392 ruina
566 1334 761 1412 Carthaginis
786 1335 953 1414 oppressit.
981 1359 995 1388 u
1021 1333 1104 1392 Raro
1128 1352 1235 1412 quem-

226 1450 317 1510 quam
351 1430 456 1504 alium,
483 1432 634 1510 patriam*
656 1427 753 1489 ausilii
779 1453 870 1490 causa
884 1431 1119 1510 relinquentem,
1136 1429 1234 1505 magis

226 1535 366 1585 maestum
389 1528 499 1586 abiisse
519 1529 633 1604 serunt,
652 1550 744 1608 quam
768 1527 973 1587 Hannibalem
994 1527 1129 1585 hostium
1152 1534 1232 1584 terra

225 1624 423 1683 excedentem
436 1644 442 1697 ;
463 1651 474 1678 a
491 1627 659 1705 respexisse
673 1646 753 1705 saepe
768 1625 863 1684 ltaliae
879 1625 979 1696 litora,
995 1632 1025 1683 et
1039 1625 1121 1682 Deos
1132 1622 1234 1681 homi-

227 1724 361 1800 nesque*
383 1731 590 1795 accusantem,
614 1724 645 1780 in
667 1743 698 1782 se
715 1743 837 1802 quoque
858 1743 893 1780 ac
910 1742 999 1780 suum
1020 1721 1118 1800 ipsius
1141 1725 1235 1798 caput

225 1803 428 1892 exsecratum,
457 1820 627 1898 quodvnon
652 1819 837 1878 cruentum*
867 1819 904 1877 ab
927 1818 1081 1877 Cannensi
1102 1816 1234 1874 victoria

226 1916 355 1973 militem
374 1917 504 1974 Romam
520 1915 679 1974 duxisset*
691 1936 698 1989 3
719 1916 894 1995 Scipionem
907 1917 951 1973 ire
964 1915 1001 1973 ad
1015 1913 1234 1991 Carthaginem

225 2033 345 2084 ausum,
363 2013 415 2090 qui
431 2013 540 2071 consul
556 2013 675 2072 hostem
696 2014 728 2070 in
745 2012 832 2070 ltalia
848 2013 978 2071 Poenum
999 2032 1063 2070 non
1084 2010 1232 2078 vidisset;

226 2131 268 2181 se,
286 2118 409 2168 centum
420 2111 545 2168 milibus
561 2119 747 2168 armatorum
760 2110 797 2167 ad
810 2110 1032 2168 Trasumenum
1050 2109 1235 2186 Cannasque

225 2207 323 2280 caesis
336 2209 416 2265 circa
429 2207 598 2266 Casilinum
608 2207 783 2286 Cumasque
792 2213 823 2264 et
834 2207 942 2264 Nolam
951 2207 963 2230 *
973 2205 1191 2265 consenuisse*
1204 2229 1232 2263 ».

228 2305 301 2361 Haec
316 2324 462 2362 accusans
476 2324 669 2383 querensque
683 2325 719 2362 ex
732 2304 852 2362 diutina
866 2303 1061 2382 possessione
1077 2302 1172 2361 ltaliae
1187 2308 1235 2359 est

225 2401 412 2462 detractus&

256 2551 297 2601 ΙΨ
316 2551 358 2599 41
376 2566 381 2598 ι
396 2551 606 2613 Temperans.
631 2550 669 2598 Cf.
687 2550 785 2598 acette
808 2550 876 2597 helle
901 2565 967 2612 page
991 2551 1070 2611 (juste
1093 2549 1237 2609 hommage

225 2614 310 2659 rendu
321 2613 334 2658 a
346 2611 467 2659 l'ennemi
479 2613 511 2658 de
524 2612 615 2672 Rome)
625 2612 705 2659 Silius
716 2613 833 2671 Italicus,
845 2611 904 2670 XII,
917 2615 960 2658 nat
970 2625 975 2670 ;
986 2616 1013 2659 et
1026 2611 1214 2671 Montesquieu
1228 2625 1233 2656 ι

226 2691 238 2720 a
253 2674 387 2720 Hannibal
401 2675 492 2735 pleura
505 2675 537 2720 de
553 2675 665 2720 douleur
680 2689 712 2721 en
732 2674 829 2720 ce'dant
850 2689 901 2720 aux
925 2674 1052 2720 Romains
1074 2676 1145 2719 cette
1162 2674 1236 2718 terre

225 2737 261 2782 ob
279 2737 296 2782 il
314 2735 351 2782 les
367 2737 440 2783 avait
456 2738 515 2782 tant
528 2735 560 2782 de
577 2736 628 2782 lois
647 2737 757 2782 vaincus
777 2756 798 2782 u.
824 2736 890 2782 Voir
904 2735 941 2782 les
962 2735 1083 2781 versions
1106 2737 1135 2780 38
1154 2736 1181 2779 et
1194 2737 1233 2789 39,

226 2801 254 2845 et
279 2797 316 2843 les
342 2801 420 2844 notes
444 2796 580 2844 Nimirum
604 2803 632 2844 et
653 2797 790 2844 Protinus.
810 2825 839 2832 —
856 2797 1027 2858 Perplexa,
1051 2796 1163 2842 allusion
1182 2809 1234 2841 aux

225 2858 564 2980 attestantibus·
586 2856 1236 2980 litte“tatihaoi..latitabit

225 3010 255 3018 -
281 2980 538 3031 obtrectatione.
568 2982 587 3028 ll
613 2981 689 3042 s'agit
713 2959 745 3028 cle
770 2980 1079 3043 l’oppositionhaineuse
1105 2981 1139 3026 du
1161 2979 1232 3040 parti

225 3044 429 3103 aristocratique
443 3046 470 3089 et
485 3043 616 3105 pacifique
629 3045 675 3090 des
687 3043 810 3091 Hannon.
826 3070 856 3078 -
870 3041 1098 3099 Deformitate‚
1117 3057 1147 3089 ce
1170 3039 1236 3102 qu'il

261 3121 276 3152 a
296 3103 429 3165 d'indigne
454 3106 520 3152 dans
544 3120 574 3152 ce
597 3107 698 3166 ruppeI,
724 3108 818 3152 autaut
841 3119 910 3165 pour
924 3119 953 3150 su
977 3106 1062 3166 patrie
1084 3119 1136 3164 que
1163 3118 1235 3164 pour

225 3121 271 3214 liri.
295 3194 325 3200 -
341 3166 499 3216 Patriam.
520 3167 540 3212 ll
559 3183 577 3231 y
595 3168 688 3224 tenuit,
712 3182 765 3213 non
786 3166 933 3213 seulement
950 3181 998 3226 par
1022 3167 1094 3212 droit
1120 3167 1152 3212 de
1171 3179 1235 3211 con·

225 3229 306 3290 quete
328 3227 523 3291 (possessione),
547 3230 613 3276 mais
635 3243 683 3291 par
705 3229 843 3289 politique.
870 3227 1034 3288 Remarquer
1062 3227 1235 3289 l'opposition

226 3294 301 3338 entre
321 3289 439 3352 patriam
461 3294 489 3337 et
512 3290 630 3338 hostium
653 3291 733 3338 terra.
758 3317 787 3324 -
811 3289 980 3347 Homines,
1004 3291 1042 3336 les
1060 3290 1185 3336 Hannon.
1203 3315 1235 3324 -

226 3352 404 3402 cruentum
426 3351 612 3400 :c'est-a-dire
625 3353 740 3399 aussitot
759 3353 836 3412 apres
848 3352 871 3398 la
883 3350 1004 3409 bataille;
1023 3352 1089 3397 mais
1110 3350 1235 3411 l‘expres-

226 3415 285 3460 sion
305 3417 347 3460 est
356 3413 416 3474 plus
428 3415 489 3462 vive
502 3418 529 3462 et
541 3413 600 3475 plus
615 3415 790 3475 pittoresquc.
804 3442 834 3449 —
845 3411 1014 3468 Duxisset‚
1029 3413 1098 3473 style
1109 3413 1235 3471 indirect,

226 3490 330 3522 comme
343 3475 402 3536 plus
417 3475 465 3522 bas
477 3475 597 3523 uidisset.
611 3502 642 3510 —
654 3475 861 3524 Casilinum...
872 3475 991 3523 Nolam
1006 3475 1099 3521 :villas
1113 3474 1145 3520 de
1159 3474 1232 3520 Cam-

227 3537 305 3598 punie
327 3535 507 3598 qu'Hannibal
524 3539 612 3599 perdit
630 3538 664 3583 du
682 3538 795 3597 tempsi
810 3535 933 3597 assie'ger.
950 3536 1024 3582 llsut
1044 3538 1129 3582 meme
1155 3535 1234 3585 batto

227 3601 327 3646 devant
350 3599 417 3646 Nole
434 3614 466 3644 en
485 3604 537 3645 216.
554 3626 584 3632 -
600 3597 817 3648 consenuisse
841 3598 868 3656 (il
889 3596 963 3659 s’agit
983 3598 1070 3644 moins
1087 3598 1123 3643 du
1148 3600 1236 3657 temps

227 3661 319 3708 ccoule
345 3675 396 3722 que
425 3661 471 3706 des
502 3661 588 3707 forces
606 3661 734 3722 perdues)
753 3660 858 3720 de'pend
883 3660 915 3706 de
934 3660 1076 3714 dicentem,
1103 3658 1234 3719 implique

227 3722 727 3779 (lanseascrratum.—Detractus‚
748 3722 767 3767 il
791 3720 922 3768 s'arracha
939 3722 954 3767 a
971 3723 1041 3768 cette
1069 3720 1146 3768 ltalie
1171 3719 1235 3782 qu'il

226 3786 353 3847 occupait
363 3783 457 3844 depuis
470 3783 537 3829 seize
553 3798 600 3829 ans
614 3785 724 3844 (218-203
737 3798 779 3831 av.
796 3783 884 3844 J.·C.).

658 3907 799 3958 ..42-
