2698 4234
151 174 238 233 336.
247 174 419 232 Honteux
436 173 545 230 trane
557 173 601 230 de
615 172 754 242 l'impot
774 186 838 229 sur
851 171 886 230 te
900 184 1047 230 revenu.

281 333 284 338 Ι
310 268 419 332 (Pretiis
427 268 518 332 patara
533 267 621 330 factis,
637 283 732 316 census
750 268 885 330 babetur.)

134 383 250 444 Omnes
277 383 375 443 Siculi
395 404 433 443 ex
448 403 543 442 censu
567 384 733 464 quotannis
748 383 885 443 tributa*
908 383 1073 442 conserunt
1091 400 1098 442 ε
1116 364 1159 428 3⁰

91 482 126 540 in
144 501 239 540 censu
256 480 399 539 habendo
416 486 554 560 potestas
573 480 672 538 omnis
693 479 929 539 aestimationis*
952 478 1101 539 habendae

92 597 291 657 summaeque
320 575 474 637 faciundae
500 577 644 636 censori*
670 577 869 656 permittitur.
899 576 1006 656 ltaque
1031 597 1101 634 eum

93 682 228 763 populus
251 683 385 741 maxima
416 702 488 742 cura
517 681 642 761 deligit;
661 691 693 741 et
714 689 840 765 propter
857 681 1101 761 magnitudinem

93 779 262 862 potestatis
296 777 345 856 bic
371 779 569 857 magistratus
601 799 618 838 a
649 779 763 858 populo
792 798 911 838 summa
935 778 1102 837 ambitione

93 875 308 937 contenditur.
323 875 358 944 In
373 895 407 934 ea
418 896 450 934 re
467 875 526 934 iste
547 874 625 934 nihil
642 875 771 935 obscure
790 875 890 934 facere
905 875 1014 946 voluit,
1040 894 1102 934 non

93 973 128 1032 in
149 972 313 1032 sortitione
325 970 469 1045 *fallere*,
487 992 586 1052 neque
600 971 689 1031 dies*
710 973 748 1032 de
764 972 850 1032 lastis
872 972 1021 1044 eximere;
1036 971 1101 1046 sed,

95 1077 132 1128 ut
158 1069 260 1129 studia
282 1069 531 1148 cupiditatesque
557 1068 709 1128 honorum
734 1076 827 1150 atque
857 1068 1040 1128 ambitiones
1065 1088 1103 1125 ex

95 1165 244 1225 omnibus
274 1165 453 1224 civitatibus
477 1166 609 1237 tolleret,
626 1186 695 1245 quae
719 1187 767 1224 res
790 1166 986 1224 evertendae*
1002 1166 1103 1244 reipu.

95 1262 185 1322 blicae
199 1262 300 1321 solent
313 1282 390 1332 esse,
407 1261 544 1322 ostendit
561 1282 626 1321 sese
638 1263 669 1320 in
685 1262 828 1322 omnibus
843 1263 1020 1322 civitatibus
1033 1282 1103 1321 cen·

95 1379 182 1419 sores
205 1379 271 1417 esse
294 1358 461 1420 iacturum.
487 1359 587 1418 Tanto
618 1361 772 1418 mercatu*
803 1362 944 1439 praetoris
972 1360 1099 1431 indicte,

92 1456 294 1516 concurritur
310 1442 447 1536 undique
460 1455 498 1514 ad
510 1457 602 1514 istum
616 1457 791 1536 Syracusae.
811 1456 833 1515 F
836 1457 974 1534 lagrabat
992 1457 1102 1514 domus

92 1559 161 1611 tota
188 1553 335 1632 praetoria
362 1551 466 1610 studio
487 1551 648 1612 hominum
672 1561 702 1612 et
723 1553 903 1632 cupiditate.
935 1553 1102 1632 Exquisitis

93 1648 196 1728 palam
224 1649 349 1727 pretiis*
369 1656 399 1706 et
429 1647 671 1708 licitationibus*
690 1650 789 1720 lactis,
816 1649 1008 1708 describebat
1030 1667 1102 1708 cen·

93 1765 179 1804 sores
199 1745 287 1804 binos
305 1746 336 1803 in
352 1745 489 1823 singulas
515 1745 658 1805 civitates
678 1746 916 1806 Timarchides*.
936 1747 1042 1826 ltaque
1057 1744 1101 1803 illi

92 1862 239 1901 censores
255 1841 396 1902 fecerunt
411 1841 492 1900 idem
514 1843 597 1923 quod
618 1844 649 1900 in
670 1852 776 1902 nostra
792 1843 947 1922 republica
966 1842 1066 1901 solent
1080 1843 1100 1900 ii

1 2016 3 2019 ι
92 1939 149 2018 qui
172 1959 227 2018 per
249 1939 443 2018 largitionem
470 1939 667 2016 magistratus
689 1940 793 2019 adepti
817 1947 890 1999 sunt
918 1958 925 1998 t
949 1939 1102 1998 dederunt

2 2099 6 2117 .-
91 2056 221 2114 operam
237 2042 272 2095 ut
281 2035 324 2095 ita
339 2042 524 2114 potestatem
546 2045 697 2114 gererent,
723 2045 756 2094 ut
771 2037 853 2096 illam
872 2037 1033 2096 lacunam*
1056 2021 1099 2095 rei

93 2131 256 2192 familiaris
272 2133 440 2212 explerent.
462 2133 513 2191 Sic
530 2153 640 2192 census
662 2133 784 2192 habitus
806 2142 852 2192 est
872 2142 961 2192 uteo
986 2133 1099 2191 nullius

91 2229 231 2288 civitatis
254 2229 427 2309 respublica
455 2238 558 2308 posset
573 2230 802 2290 administrari:
829 2250 899 2288 nam
921 2229 1100 2309 locupletis·

1 2311 4 2314 .
48 2362 51 2365 -
95 2326 192 2384 simi*
210 2325 361 2406 cujusque
382 2346 492 2384 census
516 2332 728 2400 extenuarant,
753 2327 923 2385 tenuissimi
939 2334 1096 2385 auxerant.

129 2462 171 2512 Νο
190 2462 274 2514 336:
288 2461 436 2512 Tributa.
459 2463 495 2510 Le
518 2447 651 2509 tribulum
673 2477 705 2510 ec
726 2478 804 2510 censu
829 2465 868 2511 est
887 2461 991 2525 l'impbt
1012 2477 1058 2510 sur
1073 2462 1098 2510 le

93 2535 207 2584 revenu,
229 2524 356 2585 appliqud
378 2525 392 2571 i
415 2525 440 2571 la
462 2525 545 2571 classe
569 2524 649 2571 riche.
668 2525 717 2572 Les
734 2525 810 2573 villes
822 2539 949 2595 grecques
960 2539 979 2584 y
992 2525 1099 2571 avaient

93 2599 205 2634 recours
232 2600 285 2632 non
310 2585 457 2634 seulement
481 2600 548 2645 pour
575 2586 722 2646 comple'ter
746 2587 771 2634 le
796 2588 974 2648 stipendium.
990 2587 1098 2647 produit

1 2707 3 2711 ,
93 2649 144 2696 des
157 2649 251 2705 dimes,
270 2649 336 2694 mais
357 2661 425 2720 pour
439 2647 528 2694 sut'hre
542 2661 592 2694 aux
604 2648 733 2709 depenses
745 2649 851 2695 locales.
866 2648 932 2696 Voir
949 2650 972 2694 lu
991 2653 1023 2693 Ρ·
1035 2651 1098 2694 note

1 2722 7 2765 ζ,
93 2711 130 2756 de
144 2710 168 2756 la
189 2709 297 2755 version
322 2709 481 2768 precedente
494 2724 539 2754 sur
551 2709 653 2770 l'impot
676 2711 777 2758 romain
791 2724 822 2757 en
846 2710 934 2758 Sicile.
958 2735 985 2744 -
999 2708 1097 2758 rusti-

1 2771 7 2834 ᾗ
94 2769 253 2821 matitinis
266 2785 271 2816 :
285 2767 454 2817 l'e'valuation
475 2770 521 2818 des
539 2770 623 2818 biens.
638 2797 666 2806 —
688 2771 829 2828 Censori,
850 2773 888 2818 les
904 2785 1030 2819 censeurs
1049 2772 1097 2818 des

4 2846 6 2848 ·
93 2833 241 2894 provinces
257 2832 381 2878 saisaient
394 2833 417 2878 le
430 2836 614 2880 recensement
624 2836 650 2879 et
662 2832 769 2880 fixaicnt
783 2834 819 2880 les
832 2833 930 2894 impote
949 2832 982 2880 de
995 2832 1096 2879 chacun

5 2906 7 2909 ’
94 2893 466 3015 recreaturus
474 2894 588 3002 ttttt
597 2894 1097 3017 sititetitttatttittttt‘

322 2991 327 3000 .
465 2991 471 3014 ‚
1088 2992 1094 3002 .

94 3044 127 3054 ’-
148 3015 356 3067 Evertendae
376 3033 407 3058 =
419 3016 453 3063 ad
472 3016 649 3073 evertendam,
671 3015 736 3063 c'est
752 3016 777 3062 le
789 3016 884 3077 genitis
899 3018 932 3064 de
951 3016 1052 3077 l'obJet.
1070 3042 1096 3051 -

93 3078 250 3128 Mercatu
265 3080 356 3136 :toute
368 3080 439 3125 cette
455 3079 550 3139 phrase
563 3080 590 3125 et
606 3078 645 3124 les
658 3078 726 3124 deux
745 3078 881 3125 suivantes
894 3079 1026 3140 respirent
1039 3077 1097 3124 l'in-

2 3159 7 3207 4
96 3139 246 3200 ‹lignation
261 3165 287 3174 —
302 3139 435 3202 Pretiis,
448 3137 689 3190 licitationibus
702 3154 708 3186 :
722 3139 786 3186 c'est
796 3153 848 3187 une
860 3139 934 3198 foire,
953 3154 1004 3186 une
1017 3143 1095 3186 vente

2 3210 11 3226 ⁹
94 3215 151 3249 atax
163 3201 339 3248 euchares'-
353 3199 588 3258 Timarchides,
606 3200 733 3248 atiranchi
746 3201 890 3247 ethomme
906 3201 938 3247 de
960 3200 1095 3248 confiance

1 3259 5 3288 ³
95 3264 133 3310 de
141 3262 249 3310 Verres.
258 3287 288 3298 -
297 3262 475 3320 Lacunam,
482 3263 592 3323 largent
602 3261 678 3322 qu'ils
690 3262 797 3309 avaient
805 3260 891 3308 donne
902 3261 1020 3308 aVerrbs
1029 3276 1097 3322 pour

6 3379 8 3386 γ
97 3324 207 3372 acheter
219 3324 277 3370 leur
291 3323 395 3383 charge,
410 3324 449 3371 De
460 3325 544 3370 meme
557 3323 572 3370 d
584 3323 676 3383 Rome,
685 3324 723 3370 les
736 3324 886 3385 magistrats
897 3322 1016 3370 nommds
1029 3324 1096 3372 dans

1 3388 5 3430 ξ’
94 3384 138 3432 les
149 3384 290 3447 provinces
300 3383 532 3445 s'indemnisaient‚
544 3398 577 3432 en
589 3383 683 3445 pillant
694 3385 764 3431 leurs
772 3383 949 3443 administres,
962 3384 1009 3430 des
1020 3383 1097 3432 folles

4 3446 11 3463 ‘¹
95 3447 231 3509 deprensas
244 3448 321 3509 qu’ils
333 3447 439 3493 avaient
452 3447 530 3493 faites
542 3460 610 3506 pour
619 3459 725 3493 assurer
744 3446 802 3492 leur
813 3445 935 3493 election.
950 3471 976 3480 -
994 3446 1096 3494 Locu-

96 3507 282 3572 pletissimt.
301 3509 350 3557 Ces
371 3521 496 3554 censeurs
511 3507 618 3555 avaient
638 3507 698 3555 taxe
715 3507 769 3554 tres
780 3507 826 3554 bas
837 3508 874 3553 les
888 3506 974 3554 riches
995 3507 1040 3568 qui
1057 3506 1097 3554 les

1 3570 8 3601 -’
96 3571 208 3618 avaient
219 3584 376 3631 corrompus
388 3570 401 3615 a
414 3569 474 3630 prix
490 3566 616 3630 d'argent.
632 3569 666 3616 Et
678 3566 742 3615 c'est
753 3583 801 3628 par
813 3571 882 3616 cette
892 3567 1008 3616 venalitd
1020 3583 1097 3630 orga-

3 3657 6 3662 ·
97 3632 173 3679 nisce
185 3633 220 3678 du
233 3633 297 3678 haut
317 3646 349 3679 en
363 3631 411 3682 bas
423 3645 474 3692 que
490 3630 515 3677 la
533 3629 699 3690 Republique
712 3629 817 3676 s'alie'na
840 3630 877 3677 lcs
891 3630 1031 3690 provinces
1050 3631 1095 3690 qui

8 3694 14 3704 ''
97 3694 284 3741 accucillircnt
301 3706 403 3744 comme
416 3707 451 3738 un
463 3691 576 3738 bienfait
587 3696 613 3738 et
629 3706 679 3738 une
698 3691 847 3738 de'livrance
865 3690 1096 3738 l'adrninistration

4 3807 5 3814 ἵ
97 3754 246 3814 imperiale.
259 3753 378 3811 Ciceron,
392 3755 474 3814 grand
487 3753 611 3812 patriote,
622 3753 693 3814 epris
706 3753 738 3799 de
749 3753 856 3812 justice,
868 3753 899 3798 l'a
912 3753 952 3799 dit
962 3753 1097 3813 eloquem-

1 3815 12 3855 a
97 3819 174 3863 mcnt
187 3815 228 3876 (ln
246 3815 319 3864 Verr.
328 3817 378 3862 act.
391 3815 456 3874 Sec,
470 3815 508 3878 89)
521 3829 526 3863 :
541 3833 552 3857 u
564 3814 763 3876 Lugentomnes
770 3815 922 3876 provinciae
932 3829 938 3873 ;
949 3817 1098 3875 queruntur
1191 3841 1194 3846 ν

524 3921 680 3974 -339-
