<?xml version="1.0" encoding="UTF-8"?>
<!DOCTYPE html PUBLIC "-//W3C//DTD XHTML 1.0 Transitional//EN"
    "http://www.w3.org/TR/xhtml1/DTD/xhtml1-transitional.dtd">
<html xmlns="http://www.w3.org/1999/xhtml" xml:lang="en" lang="en">
 <head>
  <title>
</title>
<meta http-equiv="Content-Type" content="text/html;charset=utf-8" />
  <meta name='ocr-system' content='tesseract 3.04.00' />
  <meta name='ocr-capabilities' content='ocr_page ocr_carea ocr_par ocr_line ocrx_word'/>
</head>
<body>
  <div class='ocr_page' id='page_1' title='image "./depublicaprivat01arnagoog_0404.png"; bbox 0 0 2698 4234; ppageno 0'>
   <div class='ocr_carea' id='block_1_1' title="bbox 289 197 884 360">
    <p class='ocr_par' dir='ltr' id='par_1_1' title="bbox 289 197 884 360">
     <span class='ocr_line' id='line_1_1' title="bbox 292 197 880 270; baseline -0.01 -10"><span class='ocrx_word' id='word_1_1' title='bbox 292 203 376 260; x_wconf 79' lang='lat'><strong>352.</strong></span> <span class='ocrx_word' id='word_1_2' title='bbox 395 201 567 260; x_wconf 82' lang='lat' dir='ltr'><strong>L’aneien</strong></span> <span class='ocrx_word' id='word_1_3' title='bbox 581 201 710 270; x_wconf 85' lang='lat' dir='ltr'><strong>peuple</strong></span> <span class='ocrx_word' id='word_1_4' title='bbox 727 197 880 255; x_wconf 86' lang='lat' dir='ltr'><strong>romain.</strong></span> 
     </span>
     <span class='ocr_line' id='line_1_2' title="bbox 289 293 884 360; baseline -0.007 -15"><span class='ocrx_word' id='word_1_5' title='bbox 289 297 352 360; x_wconf 85' lang='lat' dir='ltr'><strong>(Qui</strong></span> <span class='ocrx_word' id='word_1_6' title='bbox 362 296 465 358; x_wconf 72' lang='lat' dir='ltr'><strong>fuerint</strong></span> <span class='ocrx_word' id='word_1_7' title='bbox 476 296 542 346; x_wconf 85' lang='lat' dir='ltr'><strong>otim</strong></span> <span class='ocrx_word' id='word_1_8' title='bbox 554 311 640 344; x_wconf 85' lang='lat' dir='ltr'><strong>mores</strong></span> <span class='ocrx_word' id='word_1_9' title='bbox 652 295 747 360; x_wconf 83' lang='lat' dir='ltr'><strong>populi</strong></span> <span class='ocrx_word' id='word_1_10' title='bbox 760 293 884 357; x_wconf 81' lang='lat' dir='ltr'><strong>romani.)</strong></span> 
     </span>
    </p>
   </div>
   <div class='ocr_carea' id='block_1_2' title="bbox 81 405 1150 2042">
    <p class='ocr_par' dir='ltr' id='par_1_2' title="bbox 81 405 1150 2042">
     <span class='ocr_line' id='line_1_3' title="bbox 126 405 1150 493; baseline -0.002 -22"><span class='ocrx_word' id='word_1_11' title='bbox 126 413 170 472; x_wconf 84' lang='lat' dir='ltr'><strong>Ea</strong></span> <span class='ocrx_word' id='word_1_12' title='bbox 199 413 403 493; x_wconf 78' lang='lat' dir='ltr'><strong>tempestate*</strong></span> <span class='ocrx_word' id='word_1_13' title='bbox 430 432 552 493; x_wconf 82' lang='lat' dir='ltr'><strong>coepere</strong></span> <span class='ocrx_word' id='word_1_14' title='bbox 574 433 606 472; x_wconf 92' lang='lat' dir='ltr'><strong>se</strong></span> <span class='ocrx_word' id='word_1_15' title='bbox 630 412 761 492; x_wconf 91' lang='lat' dir='ltr'><strong>quisque</strong></span> <span class='ocrx_word' id='word_1_16' title='bbox 783 410 879 490; x_wconf 91' lang='lat' dir='ltr'><strong>magis</strong></span> <span class='ocrx_word' id='word_1_17' title='bbox 910 409 1057 470; x_wconf 90' lang='lat' dir='ltr'><strong>extollere</strong></span> <span class='ocrx_word' id='word_1_18' title='bbox 1067 408 1090 473; x_wconf 63' lang='lat' dir='ltr'><strong>*a</strong></span> <span class='ocrx_word' id='word_1_19' title='bbox 1107 405 1150 469; x_wconf 82' lang='lat'><strong>4·</strong></span> 
     </span>
     <span class='ocr_line' id='line_1_4' title="bbox 82 506 1093 590; baseline -0.005 -22"><span class='ocrx_word' id='word_1_20' title='bbox 82 510 245 590; x_wconf 82' lang='lat' dir='ltr'><strong>magisque</strong></span> <span class='ocrx_word' id='word_1_21' title='bbox 276 509 433 589; x_wconf 83' lang='lat' dir='ltr'><strong>ingenium</strong></span> <span class='ocrx_word' id='word_1_22' title='bbox 460 509 491 568; x_wconf 90' lang='lat' dir='ltr'><strong>in</strong></span> <span class='ocrx_word' id='word_1_23' title='bbox 517 509 682 589; x_wconf 82' lang='lat' dir='ltr'><strong>promptu*</strong></span> <span class='ocrx_word' id='word_1_24' title='bbox 702 508 814 566; x_wconf 90' lang='lat' dir='ltr'><strong>habere</strong></span> <span class='ocrx_word' id='word_1_25' title='bbox 837 525 843 566; x_wconf 93' lang='lat'><strong>:</strong></span> <span class='ocrx_word' id='word_1_26' title='bbox 874 527 944 566; x_wconf 87' lang='lat' dir='ltr'><strong>nam</strong></span> <span class='ocrx_word' id='word_1_27' title='bbox 971 506 1093 584; x_wconf 86' lang='lat' dir='ltr'><strong>regibus</strong></span> 
     </span>
     <span class='ocr_line' id='line_1_5' title="bbox 82 602 1094 687; baseline -0.004 -23"><span class='ocrx_word' id='word_1_28' title='bbox 82 605 161 665; x_wconf 92' lang='lat' dir='ltr'><strong>honi</strong></span> <span class='ocrx_word' id='word_1_29' title='bbox 185 627 276 686; x_wconf 91' lang='lat' dir='ltr'><strong>quam</strong></span> <span class='ocrx_word' id='word_1_30' title='bbox 301 607 373 666; x_wconf 93' lang='lat' dir='ltr'><strong>mali</strong></span> <span class='ocrx_word' id='word_1_31' title='bbox 392 607 598 687; x_wconf 87' lang='lat' dir='ltr'><strong>suspectiores</strong></span> <span class='ocrx_word' id='word_1_32' title='bbox 619 613 701 678; x_wconf 77' lang='lat' dir='ltr'><strong>sunt,</strong></span> <span class='ocrx_word' id='word_1_33' title='bbox 728 625 909 684; x_wconf 87' lang='lat' dir='ltr'><strong>semperque</strong></span> <span class='ocrx_word' id='word_1_34' title='bbox 929 603 972 662; x_wconf 88' lang='lat' dir='ltr'><strong>eis</strong></span> <span class='ocrx_word' id='word_1_35' title='bbox 995 602 1094 661; x_wconf 85' lang='lat' dir='ltr'><strong>aliena</strong></span> 
     </span>
     <span class='ocr_line' id='line_1_6' title="bbox 83 694 1095 764; baseline -0.004 -4"><span class='ocrx_word' id='word_1_36' title='bbox 83 703 187 762; x_wconf 90' lang='lat' dir='ltr'><strong>virtus</strong></span> <span class='ocrx_word' id='word_1_37' title='bbox 210 694 410 764; x_wconf 78' lang='lat' dir='ltr'><strong>formidolosa</strong></span> <span class='ocrx_word' id='word_1_38' title='bbox 429 709 486 764; x_wconf 91' lang='lat' dir='ltr'><strong>est.</strong></span> <span class='ocrx_word' id='word_1_39' title='bbox 510 703 569 762; x_wconf 90' lang='lat' dir='ltr'><strong>Sed</strong></span> <span class='ocrx_word' id='word_1_40' title='bbox 597 703 705 762; x_wconf 90' lang='lat' dir='ltr'><strong>civitas</strong></span> <span class='ocrx_word' id='word_1_41' title='bbox 725 701 905 760; x_wconf 81' lang='lat' dir='ltr'><strong>incredibile</strong></span> <span class='ocrx_word' id='word_1_42' title='bbox 924 706 1095 758; x_wconf 87' lang='lat' dir='ltr'><strong>memoratu</strong></span> 
     </span>
     <span class='ocr_line' id='line_1_7' title="bbox 84 797 1095 880; baseline -0.005 -22"><span class='ocrx_word' id='word_1_43' title='bbox 84 807 145 874; x_wconf 85' lang='lat' dir='ltr'><strong>est,</strong></span> <span class='ocrx_word' id='word_1_44' title='bbox 177 801 309 880; x_wconf 86' lang='lat' dir='ltr'><strong>adepta*</strong></span> <span class='ocrx_word' id='word_1_45' title='bbox 339 800 492 874; x_wconf 84' lang='lat' dir='ltr'><strong>libertate,</strong></span> <span class='ocrx_word' id='word_1_46' title='bbox 518 806 669 880; x_wconf 89' lang='lat' dir='ltr'><strong>quantum</strong></span> <span class='ocrx_word' id='word_1_47' title='bbox 698 798 785 858; x_wconf 92' lang='lat' dir='ltr'><strong>brevi</strong></span> <span class='ocrx_word' id='word_1_48' title='bbox 811 797 943 858; x_wconf 86' lang='lat' dir='ltr'><strong>ereverit</strong></span> <span class='ocrx_word' id='word_1_49' title='bbox 973 816 980 858; x_wconf 90' lang='lat'>:</span> <span class='ocrx_word' id='word_1_50' title='bbox 1010 802 1095 855; x_wconf 88' lang='lat' dir='ltr'><strong>tanta</strong></span> 
     </span>
     <span class='ocr_line' id='line_1_8' title="bbox 81 892 1094 977; baseline 0 -21"><span class='ocrx_word' id='word_1_51' title='bbox 81 897 203 977; x_wconf 87' lang='lat' dir='ltr'><strong>cupido</strong></span> <span class='ocrx_word' id='word_1_52' title='bbox 225 897 330 972; x_wconf 84' lang='lat' dir='ltr'><strong>gloriae</strong></span> <span class='ocrx_word' id='word_1_53' title='bbox 354 897 556 957; x_wconf 84' lang='lat' dir='ltr'><strong>incesserat*l</strong></span> <span class='ocrx_word' id='word_1_54' title='bbox 584 896 651 956; x_wconf 81' lang='lat' dir='ltr'><strong>lam</strong></span> <span class='ocrx_word' id='word_1_55' title='bbox 679 896 812 977; x_wconf 83' lang='lat' dir='ltr'><strong>primum</strong></span> <span class='ocrx_word' id='word_1_56' title='bbox 832 895 980 974; x_wconf 86' lang='lat' dir='ltr'><strong>juventus</strong></span> <span class='ocrx_word' id='word_1_57' title='bbox 1004 892 1094 956; x_wconf 85' lang='lat' dir='ltr'><strong>simul</strong></span> 
     </span>
     <span class='ocr_line' id='line_1_9' title="bbox 84 989 1093 1075; baseline -0.008 -21"><span class='ocrx_word' id='word_1_58' title='bbox 84 1015 123 1054; x_wconf 88' lang='lat' dir='ltr'><strong>ae</strong></span> <span class='ocrx_word' id='word_1_59' title='bbox 132 997 144 1019; x_wconf 86' lang='lat'><strong>*</strong></span> <span class='ocrx_word' id='word_1_60' title='bbox 159 994 230 1053; x_wconf 89' lang='lat' dir='ltr'><strong>belli</strong></span> <span class='ocrx_word' id='word_1_61' title='bbox 245 994 365 1075; x_wconf 89' lang='lat' dir='ltr'><strong>patiens</strong></span> <span class='ocrx_word' id='word_1_62' title='bbox 378 1001 455 1068; x_wconf 82' lang='lat' dir='ltr'><strong>erat,</strong></span> <span class='ocrx_word' id='word_1_63' title='bbox 470 993 501 1052; x_wconf 91' lang='lat' dir='ltr'><strong>in</strong></span> <span class='ocrx_word' id='word_1_64' title='bbox 516 994 624 1053; x_wconf 91' lang='lat' dir='ltr'><strong>castris</strong></span> <span class='ocrx_word' id='word_1_65' title='bbox 639 1014 694 1072; x_wconf 90' lang='lat' dir='ltr'><strong>per</strong></span> <span class='ocrx_word' id='word_1_66' title='bbox 706 993 820 1051; x_wconf 89' lang='lat' dir='ltr'><strong>laboris</strong></span> <span class='ocrx_word' id='word_1_67' title='bbox 831 1012 919 1050; x_wconf 90' lang='lat' dir='ltr'><strong>usum</strong></span> <span class='ocrx_word' id='word_1_68' title='bbox 931 993 943 1015; x_wconf 84' lang='lat'><strong>*</strong></span> <span class='ocrx_word' id='word_1_69' title='bbox 955 989 1093 1049; x_wconf 91' lang='lat' dir='ltr'><strong>militiam</strong></span> 
     </span>
     <span class='ocr_line' id='line_1_10' title="bbox 85 1086 1095 1171; baseline -0.007 -21"><span class='ocrx_word' id='word_1_70' title='bbox 85 1091 261 1167; x_wconf 83' lang='lat' dir='ltr'><strong>discebat*‚</strong></span> <span class='ocrx_word' id='word_1_71' title='bbox 279 1091 438 1171; x_wconf 84' lang='lat' dir='ltr'><strong>magisque</strong></span> <span class='ocrx_word' id='word_1_72' title='bbox 459 1091 490 1149; x_wconf 89' lang='lat' dir='ltr'><strong>in</strong></span> <span class='ocrx_word' id='word_1_73' title='bbox 510 1089 630 1150; x_wconf 89' lang='lat' dir='ltr'><strong>decoris</strong></span> <span class='ocrx_word' id='word_1_74' title='bbox 649 1090 741 1148; x_wconf 93' lang='lat' dir='ltr'><strong>armis</strong></span> <span class='ocrx_word' id='word_1_75' title='bbox 764 1096 795 1147; x_wconf 92' lang='lat' dir='ltr'><strong>et</strong></span> <span class='ocrx_word' id='word_1_76' title='bbox 809 1089 993 1148; x_wconf 90' lang='lat' dir='ltr'><strong>militaribus</strong></span> <span class='ocrx_word' id='word_1_77' title='bbox 1009 1086 1095 1166; x_wconf 91' lang='lat' dir='ltr'><strong>equis</strong></span> 
     </span>
     <span class='ocr_line' id='line_1_11' title="bbox 87 1183 1096 1268; baseline -0.005 -22"><span class='ocrx_word' id='word_1_78' title='bbox 87 1209 183 1268; x_wconf 91' lang='lat' dir='ltr'><strong>quam</strong></span> <span class='ocrx_word' id='word_1_79' title='bbox 195 1188 228 1247; x_wconf 92' lang='lat' dir='ltr'><strong>in</strong></span> <span class='ocrx_word' id='word_1_80' title='bbox 237 1187 390 1248; x_wconf 88' lang='lat' dir='ltr'><strong>conviviis</strong></span> <span class='ocrx_word' id='word_1_81' title='bbox 404 1185 574 1247; x_wconf 86' lang='lat' dir='ltr'><strong>lubidinem</strong></span> <span class='ocrx_word' id='word_1_82' title='bbox 592 1187 757 1247; x_wconf 87' lang='lat' dir='ltr'><strong>habebant.</strong></span> <span class='ocrx_word' id='word_1_83' title='bbox 775 1187 873 1264; x_wconf 85' lang='lat' dir='ltr'><strong>Igitur</strong></span> <span class='ocrx_word' id='word_1_84' title='bbox 886 1185 997 1244; x_wconf 88' lang='lat' dir='ltr'><strong>talibus</strong></span> <span class='ocrx_word' id='word_1_85' title='bbox 1020 1183 1096 1241; x_wconf 91' lang='lat' dir='ltr'><strong>viris</strong></span> 
     </span>
     <span class='ocr_line' id='line_1_12' title="bbox 88 1283 1095 1363; baseline -0.004 -21"><span class='ocrx_word' id='word_1_86' title='bbox 88 1305 152 1343; x_wconf 92' lang='lat' dir='ltr'><strong>non</strong></span> <span class='ocrx_word' id='word_1_87' title='bbox 167 1284 255 1344; x_wconf 89' lang='lat' dir='ltr'><strong>labor</strong></span> <span class='ocrx_word' id='word_1_88' title='bbox 269 1285 422 1358; x_wconf 87' lang='lat' dir='ltr'><strong>insolitus,</strong></span> <span class='ocrx_word' id='word_1_89' title='bbox 444 1305 506 1343; x_wconf 91' lang='lat' dir='ltr'><strong>non</strong></span> <span class='ocrx_word' id='word_1_90' title='bbox 516 1284 602 1344; x_wconf 87' lang='lat' dir='ltr'><strong>loeus</strong></span> <span class='ocrx_word' id='word_1_91' title='bbox 619 1283 698 1343; x_wconf 89' lang='lat' dir='ltr'><strong>ullus</strong></span> <span class='ocrx_word' id='word_1_92' title='bbox 713 1304 802 1363; x_wconf 88' lang='lat' dir='ltr'><strong>asper</strong></span> <span class='ocrx_word' id='word_1_93' title='bbox 814 1289 868 1341; x_wconf 86' lang='lat' dir='ltr'><strong>aut</strong></span> <span class='ocrx_word' id='word_1_94' title='bbox 882 1283 996 1341; x_wconf 89' lang='lat' dir='ltr'><strong>arduus</strong></span> <span class='ocrx_word' id='word_1_95' title='bbox 1018 1286 1095 1353; x_wconf 83' lang='lat' dir='ltr'><strong>erat,</strong></span> 
     </span>
     <span class='ocr_line' id='line_1_13' title="bbox 88 1379 1094 1444; baseline -0.004 -4"><span class='ocrx_word' id='word_1_96' title='bbox 88 1401 153 1444; x_wconf 89' lang='lat' dir='ltr'><strong>non</strong></span> <span class='ocrx_word' id='word_1_97' title='bbox 171 1388 306 1440; x_wconf 88' lang='lat' dir='ltr'><strong>armatus</strong></span> <span class='ocrx_word' id='word_1_98' title='bbox 322 1381 419 1441; x_wconf 91' lang='lat' dir='ltr'><strong>hostis</strong></span> <span class='ocrx_word' id='word_1_99' title='bbox 433 1380 651 1440; x_wconf 84' lang='lat' dir='ltr'><strong>formidolosus</strong></span> <span class='ocrx_word' id='word_1_100' title='bbox 668 1381 785 1440; x_wconf 88' lang='lat' dir='ltr'><strong>:virtus</strong></span> <span class='ocrx_word' id='word_1_101' title='bbox 801 1380 903 1438; x_wconf 91' lang='lat' dir='ltr'><strong>omnia</strong></span> <span class='ocrx_word' id='word_1_102' title='bbox 922 1379 1094 1438; x_wconf 91' lang='lat' dir='ltr'><strong>domuerat.</strong></span> 
     </span>
     <span class='ocr_line' id='line_1_14' title="bbox 88 1474 1096 1556; baseline -0.005 -20"><span class='ocrx_word' id='word_1_103' title='bbox 88 1478 151 1536; x_wconf 89' lang='lat' dir='ltr'><strong>Sed</strong></span> <span class='ocrx_word' id='word_1_104' title='bbox 174 1478 281 1556; x_wconf 75' lang='lat' dir='ltr'><strong>gloriae</strong></span> <span class='ocrx_word' id='word_1_105' title='bbox 312 1499 490 1538; x_wconf 83' lang='lat' dir='ltr'><strong>maxumum</strong></span> <span class='ocrx_word' id='word_1_106' title='bbox 512 1485 666 1537; x_wconf 90' lang='lat' dir='ltr'><strong>certamen</strong></span> <span class='ocrx_word' id='word_1_107' title='bbox 694 1478 773 1535; x_wconf 90' lang='lat' dir='ltr'><strong>inter</strong></span> <span class='ocrx_word' id='word_1_108' title='bbox 798 1475 902 1555; x_wconf 88' lang='lat' dir='ltr'><strong>ipsos*</strong></span> <span class='ocrx_word' id='word_1_109' title='bbox 923 1483 988 1534; x_wconf 90' lang='lat' dir='ltr'><strong>erat</strong></span> <span class='ocrx_word' id='word_1_110' title='bbox 1013 1493 1019 1535; x_wconf 93' lang='lat'><strong>:</strong></span> <span class='ocrx_word' id='word_1_111' title='bbox 1040 1474 1096 1532; x_wconf 78' lang='lat' dir='ltr'><strong>se*</strong></span> 
     </span>
     <span class='ocr_line' id='line_1_15' title="bbox 88 1571 1097 1655; baseline -0.003 -23"><span class='ocrx_word' id='word_1_112' title='bbox 88 1575 221 1655; x_wconf 91' lang='lat' dir='ltr'><strong>quisque</strong></span> <span class='ocrx_word' id='word_1_113' title='bbox 239 1574 361 1635; x_wconf 89' lang='lat' dir='ltr'><strong>hostem</strong></span> <span class='ocrx_word' id='word_1_114' title='bbox 377 1575 481 1648; x_wconf 81' lang='lat' dir='ltr'><strong>ferire,</strong></span> <span class='ocrx_word' id='word_1_115' title='bbox 509 1594 630 1634; x_wconf 90' lang='lat' dir='ltr'><strong>murum</strong></span> <span class='ocrx_word' id='word_1_116' title='bbox 653 1573 828 1646; x_wconf 81' lang='lat' dir='ltr'><strong>ascendere,</strong></span> <span class='ocrx_word' id='word_1_117' title='bbox 857 1573 994 1652; x_wconf 89' lang='lat' dir='ltr'><strong>conspici</strong></span> <span class='ocrx_word' id='word_1_118' title='bbox 1022 1571 1097 1630; x_wconf 92' lang='lat' dir='ltr'><strong>dum</strong></span> 
     </span>
     <span class='ocr_line' id='line_1_16' title="bbox 89 1669 1097 1752; baseline -0.004 -22"><span class='ocrx_word' id='word_1_119' title='bbox 89 1671 151 1731; x_wconf 92' lang='lat' dir='ltr'><strong>tale</strong></span> <span class='ocrx_word' id='word_1_120' title='bbox 180 1671 298 1731; x_wconf 84' lang='lat' dir='ltr'><strong>lacinus</strong></span> <span class='ocrx_word' id='word_1_121' title='bbox 327 1672 476 1743; x_wconf 84' lang='lat' dir='ltr'><strong>laceret*,</strong></span> <span class='ocrx_word' id='word_1_122' title='bbox 504 1671 712 1752; x_wconf 82' lang='lat' dir='ltr'><strong>properabat*</strong></span> <span class='ocrx_word' id='word_1_123' title='bbox 740 1689 746 1730; x_wconf 94' lang='lat'><strong>:</strong></span> <span class='ocrx_word' id='word_1_124' title='bbox 781 1671 849 1728; x_wconf 78' lang='lat' dir='ltr'><strong>eas*</strong></span> <span class='ocrx_word' id='word_1_125' title='bbox 866 1669 1001 1741; x_wconf 87' lang='lat' dir='ltr'><strong>divitias,</strong></span> <span class='ocrx_word' id='word_1_126' title='bbox 1030 1689 1097 1727; x_wconf 91' lang='lat' dir='ltr'><strong>eam</strong></span> 
     </span>
     <span class='ocr_line' id='line_1_17' title="bbox 91 1765 1097 1848; baseline -0.005 -22"><span class='ocrx_word' id='word_1_127' title='bbox 91 1768 204 1827; x_wconf 87' lang='lat' dir='ltr'><strong>bonam</strong></span> <span class='ocrx_word' id='word_1_128' title='bbox 225 1769 337 1827; x_wconf 87' lang='lat' dir='ltr'><strong>lamam</strong></span> <span class='ocrx_word' id='word_1_129' title='bbox 357 1789 562 1848; x_wconf 91' lang='lat' dir='ltr'><strong>magnamque</strong></span> <span class='ocrx_word' id='word_1_130' title='bbox 583 1768 775 1826; x_wconf 89' lang='lat' dir='ltr'><strong>nobilitatem</strong></span> <span class='ocrx_word' id='word_1_131' title='bbox 797 1765 958 1846; x_wconf 88' lang='lat' dir='ltr'><strong>putabant.</strong></span> <span class='ocrx_word' id='word_1_132' title='bbox 984 1765 1097 1825; x_wconf 86' lang='lat' dir='ltr'><strong>Laudis</strong></span> 
     </span>
     <span class='ocr_line' id='line_1_18' title="bbox 91 1861 1098 1944; baseline -0.004 -20"><span class='ocrx_word' id='word_1_133' title='bbox 91 1865 186 1938; x_wconf 80' lang='lat' dir='ltr'><strong>avidi,</strong></span> <span class='ocrx_word' id='word_1_134' title='bbox 202 1865 341 1944; x_wconf 80' lang='lat' dir='ltr'><strong>pecuniae</strong></span> <span class='ocrx_word' id='word_1_135' title='bbox 358 1864 499 1924; x_wconf 90' lang='lat' dir='ltr'><strong>liberales</strong></span> <span class='ocrx_word' id='word_1_136' title='bbox 515 1871 602 1924; x_wconf 90' lang='lat' dir='ltr'><strong>erant</strong></span> <span class='ocrx_word' id='word_1_137' title='bbox 617 1884 623 1925; x_wconf 95' lang='lat'><strong>:</strong></span> <span class='ocrx_word' id='word_1_138' title='bbox 640 1865 768 1942; x_wconf 83' lang='lat' dir='ltr'><strong>gloriam</strong></span> <span class='ocrx_word' id='word_1_139' title='bbox 786 1864 954 1941; x_wconf 87' lang='lat' dir='ltr'><strong>ingentem,</strong></span> <span class='ocrx_word' id='word_1_140' title='bbox 974 1861 1098 1921; x_wconf 92' lang='lat' dir='ltr'><strong>divitias</strong></span> 
     </span>
     <span class='ocr_line' id='line_1_19' title="bbox 91 1962 436 2042; baseline 0.003 -22"><span class='ocrx_word' id='word_1_141' title='bbox 91 1962 239 2042; x_wconf 82' lang='lat' dir='ltr'><strong>honestas</strong></span> <span class='ocrx_word' id='word_1_142' title='bbox 253 1964 265 1987; x_wconf 87' lang='lat'><strong>*</strong></span> <span class='ocrx_word' id='word_1_143' title='bbox 281 1962 436 2021; x_wconf 91' lang='lat' dir='ltr'><strong>volebant.</strong></span> 
     </span>
    </p>
   </div>
   <div class='ocr_carea' id='block_1_3' title="bbox 51 2116 1203 3721">
    <p class='ocr_par' dir='ltr' id='par_1_3' title="bbox 51 2116 1203 3721">
     <span class='ocr_line' id='line_1_20' title="bbox 122 2116 1099 2181; baseline -0.006 -12"><span class='ocrx_word' id='word_1_144' title='bbox 122 2119 165 2169; x_wconf 66' lang='grc' dir='ltr'><strong>ΙΨ</strong></span> <span class='ocrx_word' id='word_1_145' title='bbox 178 2117 244 2170; x_wconf 79' lang='lat'><strong>352</strong></span> <span class='ocrx_word' id='word_1_146' title='bbox 257 2134 263 2168; x_wconf 92' lang='lat'>:</span> <span class='ocrx_word' id='word_1_147' title='bbox 277 2119 495 2181; x_wconf 78' lang='lat' dir='ltr'><strong>Tempestate.</strong></span> <span class='ocrx_word' id='word_1_148' title='bbox 510 2119 583 2167; x_wconf 83' lang='lat' dir='ltr'><strong>Dans</strong></span> <span class='ocrx_word' id='word_1_149' title='bbox 594 2118 619 2166; x_wconf 89' lang='lat' dir='ltr'><strong>la</strong></span> <span class='ocrx_word' id='word_1_150' title='bbox 630 2119 739 2179; x_wconf 87' lang='lat' dir='ltr'><strong>periode</strong></span> <span class='ocrx_word' id='word_1_151' title='bbox 752 2117 797 2180; x_wconf 88' lang='lat' dir='ltr'><strong>qui</strong></span> <span class='ocrx_word' id='word_1_152' title='bbox 811 2117 894 2166; x_wconf 87' lang='lat' dir='ltr'><strong>suivit</strong></span> <span class='ocrx_word' id='word_1_153' title='bbox 905 2116 1051 2166; x_wconf 88' lang='lat' dir='ltr'><strong>l&#39;abolition</strong></span> <span class='ocrx_word' id='word_1_154' title='bbox 1065 2117 1099 2163; x_wconf 90' lang='lat' dir='ltr'><strong>de</strong></span> 
     </span>
     <span class='ocr_line' id='line_1_21' title="bbox 92 2179 1099 2244; baseline -0.005 -15"><span class='ocrx_word' id='word_1_155' title='bbox 92 2182 118 2229; x_wconf 88' lang='lat' dir='ltr'><strong>la</strong></span> <span class='ocrx_word' id='word_1_156' title='bbox 132 2181 254 2244; x_wconf 87' lang='lat' dir='ltr'><strong>royaute.</strong></span> <span class='ocrx_word' id='word_1_157' title='bbox 268 2208 298 2217; x_wconf 98' lang='lat'>—</span> <span class='ocrx_word' id='word_1_158' title='bbox 312 2181 488 2231; x_wconf 77' lang='lat' dir='ltr'><strong>Extollere.</strong></span> <span class='ocrx_word' id='word_1_159' title='bbox 502 2180 542 2228; x_wconf 88' lang='lat' dir='ltr'><strong>Cl.</strong></span> <span class='ocrx_word' id='word_1_160' title='bbox 558 2180 679 2228; x_wconf 89' lang='lat' dir='ltr'><strong>Voltaire</strong></span> <span class='ocrx_word' id='word_1_161' title='bbox 701 2180 823 2242; x_wconf 84' lang='lat' dir='ltr'><strong>(Brutus,</strong></span> <span class='ocrx_word' id='word_1_162' title='bbox 838 2179 857 2239; x_wconf 85' lang='lat' dir='ltr'><strong>i,</strong></span> <span class='ocrx_word' id='word_1_163' title='bbox 871 2180 913 2242; x_wconf 78' lang='lat' dir='ltr'><strong>l):</strong></span> <span class='ocrx_word' id='word_1_164' title='bbox 932 2180 967 2227; x_wconf 91' lang='lat' dir='ltr'><strong>Le</strong></span> <span class='ocrx_word' id='word_1_165' title='bbox 985 2179 1044 2241; x_wconf 91' lang='lat' dir='ltr'><strong>plus</strong></span> <span class='ocrx_word' id='word_1_166' title='bbox 1061 2179 1099 2225; x_wconf 88' lang='lat' dir='ltr'><strong>vil</strong></span> 
     </span>
     <span class='ocr_line' id='line_1_22' title="bbox 91 2241 1100 2306; baseline -0.004 -16"><span class='ocrx_word' id='word_1_167' title='bbox 91 2243 212 2306; x_wconf 88' lang='lat' dir='ltr'><strong>citoyen‚</strong></span> <span class='ocrx_word' id='word_1_168' title='bbox 225 2243 291 2290; x_wconf 86' lang='lat' dir='ltr'><strong>dane</strong></span> <span class='ocrx_word' id='word_1_169' title='bbox 306 2257 334 2290; x_wconf 84' lang='lat' dir='ltr'><strong>su</strong></span> <span class='ocrx_word' id='word_1_170' title='bbox 345 2243 466 2290; x_wconf 86' lang='lat' dir='ltr'><strong>bassesse</strong></span> <span class='ocrx_word' id='word_1_171' title='bbox 476 2243 603 2294; x_wconf 75' lang='lat' dir='ltr'><strong>extreme,</strong></span> <span class='ocrx_word' id='word_1_172' title='bbox 615 2243 707 2303; x_wconf 82' lang='lat' dir='ltr'><strong>Ayant</strong></span> <span class='ocrx_word' id='word_1_173' title='bbox 719 2241 813 2289; x_wconf 87' lang='lat' dir='ltr'><strong>chasse</strong></span> <span class='ocrx_word' id='word_1_174' title='bbox 826 2241 863 2288; x_wconf 93' lang='lat' dir='ltr'><strong>les</strong></span> <span class='ocrx_word' id='word_1_175' title='bbox 877 2242 939 2300; x_wconf 83' lang='lat' dir='ltr'><strong>mis,</strong></span> <span class='ocrx_word' id='word_1_176' title='bbox 949 2255 1029 2302; x_wconf 88' lang='lat' dir='ltr'><strong>pense</strong></span> <span class='ocrx_word' id='word_1_177' title='bbox 1042 2242 1100 2288; x_wconf 85' lang='lat' dir='ltr'><strong>etre</strong></span> 
     </span>
     <span class='ocr_line' id='line_1_23' title="bbox 93 2302 1099 2365; baseline -0.002 -14"><span class='ocrx_word' id='word_1_178' title='bbox 93 2305 133 2351; x_wconf 89' lang='lat' dir='ltr'><strong>roi</strong></span> <span class='ocrx_word' id='word_1_179' title='bbox 161 2304 308 2352; x_wconf 86' lang='lat' dir='ltr'><strong>lui-meme.</strong></span> <span class='ocrx_word' id='word_1_180' title='bbox 333 2331 362 2340; x_wconf 92' lang='lat'>-</span> <span class='ocrx_word' id='word_1_181' title='bbox 391 2304 471 2353; x_wconf 76' lang='lat' dir='ltr'><strong>Esse</strong></span> <span class='ocrx_word' id='word_1_182' title='bbox 495 2302 530 2352; x_wconf 88' lang='lat' dir='ltr'><strong>ln</strong></span> <span class='ocrx_word' id='word_1_183' title='bbox 583 2304 713 2365; x_wconf 83' lang='lat' dir='ltr'><strong>romptu</strong></span> <span class='ocrx_word' id='word_1_184' title='bbox 735 2322 766 2346; x_wconf 87' lang='lat'>=</span> <span class='ocrx_word' id='word_1_185' title='bbox 785 2302 875 2365; x_wconf 88' lang='lat' dir='ltr'><strong>palam</strong></span> <span class='ocrx_word' id='word_1_186' title='bbox 899 2302 1046 2350; x_wconf 85' lang='lat' dir='ltr'><strong>ostendere.</strong></span> <span class='ocrx_word' id='word_1_187' title='bbox 1068 2327 1099 2338; x_wconf 91' lang='lat'>-</span> 
     </span>
     <span class='ocr_line' id='line_1_24' title="bbox 93 2316 1099 2428; baseline -0.006 -12"><span class='ocrx_word' id='word_1_188' title='bbox 93 2365 164 2416; x_wconf 80' lang='lat' dir='ltr'><strong>Ade</strong></span> <span class='ocrx_word' id='word_1_189' title='bbox 188 2366 233 2416; x_wconf 81' lang='lat' dir='ltr'><strong>te.</strong></span> <span class='ocrx_word' id='word_1_190' title='bbox 245 2364 379 2427; x_wconf 90' lang='lat' dir='ltr'><strong>Quelques</strong></span> <span class='ocrx_word' id='word_1_191' title='bbox 391 2366 537 2428; x_wconf 82' lang='lat' dir='ltr'><strong>participes</strong></span> <span class='ocrx_word' id='word_1_192' title='bbox 549 2316 582 2412; x_wconf 66' lang='lat' dir='ltr'><strong>dd</strong></span> <span class='ocrx_word' id='word_1_193' title='bbox 595 2365 689 2412; x_wconf 88' lang='lat' dir='ltr'><strong>verhes</strong></span> <span class='ocrx_word' id='word_1_194' title='bbox 697 2365 847 2426; x_wconf 81' lang='lat' dir='ltr'><strong>deponente</strong></span> <span class='ocrx_word' id='word_1_195' title='bbox 859 2375 907 2411; x_wconf 83' lang='lat' dir='ltr'><strong>om·</strong></span> <span class='ocrx_word' id='word_1_196' title='bbox 918 2363 988 2413; x_wconf 83' lang='lat' dir='ltr'><strong>aussi</strong></span> <span class='ocrx_word' id='word_1_197' title='bbox 1002 2365 1025 2410; x_wconf 91' lang='lat' dir='ltr'><strong>le</strong></span> <span class='ocrx_word' id='word_1_198' title='bbox 1038 2377 1099 2410; x_wconf 87' lang='lat' dir='ltr'><strong>sens</strong></span> 
     </span>
     <span class='ocr_line' id='line_1_25' title="bbox 92 2379 1097 2551; baseline -0.005 -14"><span class='ocrx_word' id='word_1_199' title='bbox 92 2379 238 2549; x_wconf 62' lang='lat' dir='ltr'><strong>cassiis</strong></span> <span class='ocrx_word' id='word_1_200' title='bbox 251 2424 929 2551; x_wconf 51' lang='lat' dir='ltr'><strong>nstatptnttst’tstffliite&#39;elel&#39;e</strong></span> <span class='ocrx_word' id='word_1_201' title='bbox 942 2424 1097 2534; x_wconf 65' lang='lat' dir='ltr'><strong>estete</strong></span> 
     </span>
     <span class='ocr_line' id='line_1_26' title="bbox 93 2526 1099 2613; baseline -0.003 -14"><span class='ocrx_word' id='word_1_202' title='bbox 93 2550 218 2613; x_wconf 85' lang='lat' dir='ltr'><strong>employe</strong></span> <span class='ocrx_word' id='word_1_203' title='bbox 231 2526 409 2599; x_wconf 79' lang='lat' dir='ltr'><strong>ibsolument.</strong></span> <span class='ocrx_word' id='word_1_204' title='bbox 422 2549 566 2600; x_wconf 86' lang='lat' dir='ltr'><strong>-simul</strong></span> <span class='ocrx_word' id='word_1_205' title='bbox 578 2562 619 2600; x_wconf 78' lang='lat' dir='ltr'><strong>ec</strong></span> <span class='ocrx_word' id='word_1_206' title='bbox 633 2569 664 2592; x_wconf 97' lang='lat'><strong><em>=</em></strong></span> <span class='ocrx_word' id='word_1_207' title='bbox 677 2548 723 2597; x_wconf 85' lang='lat' dir='ltr'><strong>uhi</strong></span> <span class='ocrx_word' id='word_1_208' title='bbox 731 2549 859 2611; x_wconf 85' lang='lat' dir='ltr'><strong>primum.</strong></span> <span class='ocrx_word' id='word_1_209' title='bbox 872 2575 899 2583; x_wconf 92' lang='lat'>-</span> <span class='ocrx_word' id='word_1_210' title='bbox 921 2548 985 2598; x_wconf 83' lang='lat' dir='ltr'><strong>Per</strong></span> <span class='ocrx_word' id='word_1_211' title='bbox 1003 2560 1099 2598; x_wconf 87' lang='lat' dir='ltr'><strong>usum</strong></span> 
     </span>
     <span class='ocr_line' id='line_1_27' title="bbox 95 2609 1099 2672; baseline -0.004 -13"><span class='ocrx_word' id='word_1_212' title='bbox 95 2634 123 2654; x_wconf 94' lang='lat'><em>=</em></span> <span class='ocrx_word' id='word_1_213' title='bbox 144 2627 204 2660; x_wconf 87' lang='lat' dir='ltr'><strong>usu.</strong></span> <span class='ocrx_word' id='word_1_214' title='bbox 221 2612 281 2671; x_wconf 83' lang='lat' dir='ltr'><strong>Per,</strong></span> <span class='ocrx_word' id='word_1_215' title='bbox 299 2613 368 2660; x_wconf 91' lang='lat' dir='ltr'><strong>suivi</strong></span> <span class='ocrx_word' id='word_1_216' title='bbox 387 2610 450 2659; x_wconf 91' lang='lat' dir='ltr'><strong>d&#39;un</strong></span> <span class='ocrx_word' id='word_1_217' title='bbox 468 2612 616 2660; x_wconf 74' lang='lat' dir='ltr'><strong>substantii</strong></span> <span class='ocrx_word' id='word_1_218' title='bbox 630 2612 645 2658; x_wconf 79' lang='lat' dir='ltr'><strong>d</strong></span> <span class='ocrx_word' id='word_1_219' title='bbox 661 2611 814 2669; x_wconf 84' lang='lat' dir='ltr'><strong>l&#39;uccusatil&#39;,</strong></span> <span class='ocrx_word' id='word_1_220' title='bbox 841 2613 883 2657; x_wconf 91' lang='lat' dir='ltr'><strong>est</strong></span> <span class='ocrx_word' id='word_1_221' title='bbox 899 2609 1022 2672; x_wconf 77' lang='lat' dir='ltr'><strong>employe</strong></span> <span class='ocrx_word' id='word_1_222' title='bbox 1044 2611 1099 2658; x_wconf 88' lang='lat' dir='ltr'><strong>tres</strong></span> 
     </span>
     <span class='ocr_line' id='line_1_28' title="bbox 97 2671 1099 2722; baseline -0.002 0"><span class='ocrx_word' id='word_1_223' title='bbox 97 2677 214 2722; x_wconf 91' lang='lat' dir='ltr'><strong>souvent</strong></span> <span class='ocrx_word' id='word_1_224' title='bbox 226 2689 258 2721; x_wconf 86' lang='lat' dir='ltr'><strong>au</strong></span> <span class='ocrx_word' id='word_1_225' title='bbox 267 2674 320 2722; x_wconf 90' lang='lat' dir='ltr'><strong>lieu</strong></span> <span class='ocrx_word' id='word_1_226' title='bbox 333 2675 366 2722; x_wconf 89' lang='lat' dir='ltr'><strong>de</strong></span> <span class='ocrx_word' id='word_1_227' title='bbox 378 2671 492 2722; x_wconf 87' lang='lat' dir='ltr'><strong>l&#39;ublatil</strong></span> <span class='ocrx_word' id='word_1_228' title='bbox 501 2674 534 2721; x_wconf 92' lang='lat' dir='ltr'><strong>de</strong></span> <span class='ocrx_word' id='word_1_229' title='bbox 545 2673 660 2721; x_wconf 85' lang='lat' dir='ltr'><strong>muniere</strong></span> <span class='ocrx_word' id='word_1_230' title='bbox 671 2688 706 2721; x_wconf 94' lang='lat' dir='ltr'><strong>ou</strong></span> <span class='ocrx_word' id='word_1_231' title='bbox 723 2673 785 2720; x_wconf 85' lang='lat' dir='ltr'><strong>d’un</strong></span> <span class='ocrx_word' id='word_1_232' title='bbox 804 2671 929 2720; x_wconf 85' lang='lat' dir='ltr'><strong>adverbe.</strong></span> <span class='ocrx_word' id='word_1_233' title='bbox 946 2698 977 2707; x_wconf 96' lang='lat'><em>-</em></span> <span class='ocrx_word' id='word_1_234' title='bbox 993 2671 1099 2721; x_wconf 82' lang='lat' dir='ltr'><strong>Disce-</strong></span> 
     </span>
     <span class='ocr_line' id='line_1_29' title="bbox 95 2732 1100 2796; baseline -0.006 -10"><span class='ocrx_word' id='word_1_235' title='bbox 95 2736 157 2786; x_wconf 81' lang='lat' dir='ltr'><strong>nat</strong></span> <span class='ocrx_word' id='word_1_236' title='bbox 173 2750 178 2783; x_wconf 96' lang='lat'><strong>:</strong></span> <span class='ocrx_word' id='word_1_237' title='bbox 192 2737 217 2783; x_wconf 87' lang='lat' dir='ltr'><strong>la</strong></span> <span class='ocrx_word' id='word_1_238' title='bbox 227 2736 351 2796; x_wconf 87' lang='lat' dir='ltr'><strong>jeunesse</strong></span> <span class='ocrx_word' id='word_1_239' title='bbox 367 2738 408 2783; x_wconf 89' lang='lat' dir='ltr'><strong>est</strong></span> <span class='ocrx_word' id='word_1_240' title='bbox 421 2735 455 2782; x_wconf 92' lang='lat' dir='ltr'><strong>ici</strong></span> <span class='ocrx_word' id='word_1_241' title='bbox 468 2735 623 2782; x_wconf 82' lang='lat' dir='ltr'><strong>consideres</strong></span> <span class='ocrx_word' id='word_1_242' title='bbox 635 2749 738 2782; x_wconf 90' lang='lat' dir='ltr'><strong>comme</strong></span> <span class='ocrx_word' id='word_1_243' title='bbox 755 2748 790 2781; x_wconf 92' lang='lat' dir='ltr'><strong>un</strong></span> <span class='ocrx_word' id='word_1_244' title='bbox 803 2736 862 2780; x_wconf 89' lang='lat' dir='ltr'><strong>tout</strong></span> <span class='ocrx_word' id='word_1_245' title='bbox 876 2733 995 2782; x_wconf 81' lang='lat' dir='ltr'><strong>collectis</strong></span> <span class='ocrx_word' id='word_1_246' title='bbox 1000 2747 1006 2792; x_wconf 89' lang='lat'>;</span> <span class='ocrx_word' id='word_1_247' title='bbox 1018 2732 1100 2780; x_wconf 85' lang='lat' dir='ltr'><strong>hahe-</strong></span> 
     </span>
     <span class='ocr_line' id='line_1_30' title="bbox 94 2795 1099 2859; baseline -0.002 -16"><span class='ocrx_word' id='word_1_248' title='bbox 94 2796 169 2855; x_wconf 87' lang='lat' dir='ltr'><strong>hant‚</strong></span> <span class='ocrx_word' id='word_1_249' title='bbox 182 2812 216 2844; x_wconf 88' lang='lat' dir='ltr'><strong>au</strong></span> <span class='ocrx_word' id='word_1_250' title='bbox 229 2797 349 2857; x_wconf 81' lang='lat' dir='ltr'><strong>membre</strong></span> <span class='ocrx_word' id='word_1_251' title='bbox 368 2798 401 2846; x_wconf 90' lang='lat' dir='ltr'><strong>de</strong></span> <span class='ocrx_word' id='word_1_252' title='bbox 417 2797 515 2859; x_wconf 87' lang='lat' dir='ltr'><strong>phrase</strong></span> <span class='ocrx_word' id='word_1_253' title='bbox 532 2798 647 2854; x_wconf 88' lang='lat' dir='ltr'><strong>suivant,</strong></span> <span class='ocrx_word' id='word_1_254' title='bbox 661 2797 718 2843; x_wconf 89' lang='lat' dir='ltr'><strong>vise</strong></span> <span class='ocrx_word' id='word_1_255' title='bbox 735 2796 837 2856; x_wconf 88' lang='lat' dir='ltr'><strong>chaque</strong></span> <span class='ocrx_word' id='word_1_256' title='bbox 849 2795 929 2858; x_wconf 87' lang='lat' dir='ltr'><strong>jeune</strong></span> <span class='ocrx_word' id='word_1_257' title='bbox 942 2797 1048 2842; x_wconf 88' lang='lat' dir='ltr'><strong>homme</strong></span> <span class='ocrx_word' id='word_1_258' title='bbox 1066 2809 1099 2842; x_wconf 89' lang='lat' dir='ltr'><strong>en</strong></span> 
     </span>
     <span class='ocr_line' id='line_1_31' title="bbox 114 2857 1100 2928; baseline 0 -22"><span class='ocrx_word' id='word_1_259' title='bbox 114 2859 257 2907; x_wconf 87' lang='lat' dir='ltr'><strong>articulier.</strong></span> <span class='ocrx_word' id='word_1_260' title='bbox 271 2886 301 2893; x_wconf 94' lang='lat'>—</span> <span class='ocrx_word' id='word_1_261' title='bbox 313 2860 414 2920; x_wconf 87' lang='lat' dir='ltr'><strong>Ipsos,</strong></span> <span class='ocrx_word' id='word_1_262' title='bbox 426 2858 553 2920; x_wconf 75' lang='lat' dir='ltr'><strong>opposed</strong></span> <span class='ocrx_word' id='word_1_263' title='bbox 568 2860 687 2905; x_wconf 85' lang='lat' dir='ltr'><strong>armatus</strong></span> <span class='ocrx_word' id='word_1_264' title='bbox 708 2857 799 2905; x_wconf 86' lang='lat' dir='ltr'><strong>hostis.</strong></span> <span class='ocrx_word' id='word_1_265' title='bbox 819 2884 846 2892; x_wconf 90' lang='lat'>—</span> <span class='ocrx_word' id='word_1_266' title='bbox 864 2857 932 2907; x_wconf 88' lang='lat' dir='ltr'><strong>Se...</strong></span> <span class='ocrx_word' id='word_1_267' title='bbox 946 2870 1005 2928; x_wconf 82' lang='lat' dir='ltr'><strong>pro</strong></span> <span class='ocrx_word' id='word_1_268' title='bbox 1029 2868 1100 2906; x_wconf 77' lang='lat' dir='ltr'><strong>era-</strong></span> 
     </span>
     <span class='ocr_line' id='line_1_32' title="bbox 93 2875 1103 2982; baseline -0.003 -13"><span class='ocrx_word' id='word_1_269' title='bbox 93 2875 197 2969; x_wconf 69' lang='lat' dir='ltr'><strong>betse</strong></span> <span class='ocrx_word' id='word_1_270' title='bbox 205 2922 246 2967; x_wconf 89' lang='lat' dir='ltr'><strong>est</strong></span> <span class='ocrx_word' id='word_1_271' title='bbox 253 2919 276 2968; x_wconf 92' lang='lat' dir='ltr'><strong>le</strong></span> <span class='ocrx_word' id='word_1_272' title='bbox 286 2920 355 2982; x_wconf 89' lang='lat' dir='ltr'><strong>sujet</strong></span> <span class='ocrx_word' id='word_1_273' title='bbox 362 2921 377 2967; x_wconf 80' lang='lat' dir='ltr'><strong>e</strong></span> <span class='ocrx_word' id='word_1_274' title='bbox 384 2921 534 2968; x_wconf 86' lang='lat' dir='ltr'><strong>l’accusatil</strong></span> <span class='ocrx_word' id='word_1_275' title='bbox 539 2920 571 2967; x_wconf 90' lang='lat' dir='ltr'><strong>de</strong></span> <span class='ocrx_word' id='word_1_276' title='bbox 580 2919 672 2980; x_wconf 78' lang='lat' dir='ltr'><strong>scrire,</strong></span> <span class='ocrx_word' id='word_1_277' title='bbox 681 2919 992 2982; x_wconf 61' lang='lat' dir='ltr'><strong>ascendereconspicn-</strong></span> <span class='ocrx_word' id='word_1_278' title='bbox 1027 2930 1103 2968; x_wconf 78' lang='lat' dir='ltr'><strong>ace·</strong></span> 
     </span>
     <span class='ocr_line' id='line_1_33' title="bbox 95 2981 1099 3044; baseline -0.004 -14"><span class='ocrx_word' id='word_1_279' title='bbox 95 2981 155 3037; x_wconf 83' lang='lat' dir='ltr'><strong>ret,</strong></span> <span class='ocrx_word' id='word_1_280' title='bbox 178 2996 257 3042; x_wconf 86' lang='lat' dir='ltr'><strong>parce</strong></span> <span class='ocrx_word' id='word_1_281' title='bbox 275 2997 326 3038; x_wconf 87' lang='lat' dir='ltr'><strong>que</strong></span> <span class='ocrx_word' id='word_1_282' title='bbox 343 2982 457 3030; x_wconf 84' lang='lat' dir='ltr'><strong>l&#39;auteur</strong></span> <span class='ocrx_word' id='word_1_283' title='bbox 473 2982 618 3044; x_wconf 74' lang='lat' dir='ltr'><strong>interprete</strong></span> <span class='ocrx_word' id='word_1_284' title='bbox 640 2983 677 3029; x_wconf 90' lang='lat' dir='ltr'><strong>les</strong></span> <span class='ocrx_word' id='word_1_285' title='bbox 700 2981 858 3029; x_wconf 89' lang='lat' dir='ltr'><strong>sentiments</strong></span> <span class='ocrx_word' id='word_1_286' title='bbox 878 2982 910 3028; x_wconf 90' lang='lat' dir='ltr'><strong>de</strong></span> <span class='ocrx_word' id='word_1_287' title='bbox 933 2982 956 3027; x_wconf 90' lang='lat' dir='ltr'><strong>la</strong></span> <span class='ocrx_word' id='word_1_288' title='bbox 975 2982 1099 3042; x_wconf 76' lang='lat' dir='ltr'><strong>J&#39;eunesse</strong></span> 
     </span>
     <span class='ocr_line' id='line_1_34' title="bbox 94 3041 1100 3105; baseline -0.006 -11"><span class='ocrx_word' id='word_1_289' title='bbox 94 3043 223 3091; x_wconf 69' lang='lat' dir='ltr'><strong>romeine.</strong></span> <span class='ocrx_word' id='word_1_290' title='bbox 236 3070 263 3079; x_wconf 95' lang='lat'>-</span> <span class='ocrx_word' id='word_1_291' title='bbox 274 3044 482 3105; x_wconf 71' lang='lat' dir='ltr'><strong>Properabat</strong></span> <span class='ocrx_word' id='word_1_292' title='bbox 494 3063 523 3085; x_wconf 92' lang='lat'><strong><em>=</em></strong></span> <span class='ocrx_word' id='word_1_293' title='bbox 533 3041 664 3090; x_wconf 78' lang='lat' dir='ltr'><strong>studebat.</strong></span> <span class='ocrx_word' id='word_1_294' title='bbox 680 3069 707 3077; x_wconf 91' lang='lat'><em>-</em></span> <span class='ocrx_word' id='word_1_295' title='bbox 716 3043 791 3099; x_wconf 79' lang='lat' dir='ltr'><strong>Eas,</strong></span> <span class='ocrx_word' id='word_1_296' title='bbox 805 3043 937 3089; x_wconf 79' lang='lat' dir='ltr'><strong>s&#39;accorde</strong></span> <span class='ocrx_word' id='word_1_297' title='bbox 948 3057 996 3103; x_wconf 90' lang='lat' dir='ltr'><strong>par</strong></span> <span class='ocrx_word' id='word_1_298' title='bbox 1004 3045 1100 3089; x_wconf 84' lang='lat' dir='ltr'><strong>attrac-</strong></span> 
     </span>
     <span class='ocr_line' id='line_1_35' title="bbox 95 3103 1100 3166; baseline -0.002 -14"><span class='ocrx_word' id='word_1_299' title='bbox 95 3106 153 3152; x_wconf 90' lang='lat' dir='ltr'><strong>tion</strong></span> <span class='ocrx_word' id='word_1_300' title='bbox 171 3118 235 3152; x_wconf 82' lang='lat' dir='ltr'><strong>avec</strong></span> <span class='ocrx_word' id='word_1_301' title='bbox 252 3104 367 3153; x_wconf 84' lang='lat' dir='ltr'><strong>divitias.</strong></span> <span class='ocrx_word' id='word_1_302' title='bbox 381 3105 420 3153; x_wconf 81' lang='lat' dir='ltr'><strong>cf.</strong></span> <span class='ocrx_word' id='word_1_303' title='bbox 435 3103 524 3163; x_wconf 76' lang='lat' dir='ltr'><strong>Colit,</strong></span> <span class='ocrx_word' id='word_1_304' title='bbox 538 3111 567 3151; x_wconf 81' lang='lat'><strong>20</strong></span> <span class='ocrx_word' id='word_1_305' title='bbox 581 3120 586 3152; x_wconf 93' lang='lat'>:</span> <span class='ocrx_word' id='word_1_306' title='bbox 602 3104 670 3151; x_wconf 87' lang='lat' dir='ltr'><strong>idem</strong></span> <span class='ocrx_word' id='word_1_307' title='bbox 684 3104 750 3151; x_wconf 83' lang='lat' dir='ltr'><strong>velle</strong></span> <span class='ocrx_word' id='word_1_308' title='bbox 760 3105 841 3166; x_wconf 86' lang='lat' dir='ltr'><strong>alque</strong></span> <span class='ocrx_word' id='word_1_309' title='bbox 855 3104 933 3161; x_wconf 81' lang='lat' dir='ltr'><strong>nolle,</strong></span> <span class='ocrx_word' id='word_1_310' title='bbox 950 3117 978 3151; x_wconf 86' lang='lat' dir='ltr'><strong>ea</strong></span> <span class='ocrx_word' id='word_1_311' title='bbox 992 3107 1100 3150; x_wconf 87' lang='lat' dir='ltr'><strong>demum</strong></span> 
     </span>
     <span class='ocr_line' id='line_1_36' title="bbox 51 3163 1099 3236; baseline 0 -25"><span class='ocrx_word' id='word_1_312' title='bbox 51 3186 53 3190; x_wconf 95' lang='lat'>·</span> <span class='ocrx_word' id='word_1_313' title='bbox 93 3165 174 3228; x_wconf 84' lang='lat' dir='ltr'><strong>firma</strong></span> <span class='ocrx_word' id='word_1_314' title='bbox 196 3165 312 3214; x_wconf 81' lang='lat' dir='ltr'><strong>amicitia</strong></span> <span class='ocrx_word' id='word_1_315' title='bbox 337 3167 385 3215; x_wconf 90' lang='lat' dir='ltr'><strong>est.</strong></span> <span class='ocrx_word' id='word_1_316' title='bbox 409 3193 438 3202; x_wconf 92' lang='lat'><em>-</em></span> <span class='ocrx_word' id='word_1_317' title='bbox 462 3166 634 3216; x_wconf 78' lang='lat' dir='ltr'><strong>Honestas.</strong></span> <span class='ocrx_word' id='word_1_318' title='bbox 663 3163 845 3212; x_wconf 80' lang='lat' dir='ltr'><strong>C&#39;est-e-dire:</strong></span> <span class='ocrx_word' id='word_1_319' title='bbox 867 3180 934 3236; x_wconf 86' lang='lat' dir='ltr'><strong>quae</strong></span> <span class='ocrx_word' id='word_1_320' title='bbox 956 3165 989 3212; x_wconf 85' lang='lat' dir='ltr'><strong>ad</strong></span> <span class='ocrx_word' id='word_1_321' title='bbox 1019 3165 1099 3212; x_wconf 83' lang='lat' dir='ltr'><strong>vitam</strong></span> 
     </span>
     <span class='ocr_line' id='line_1_37' title="bbox 96 3226 1100 3291; baseline 0 -17"><span class='ocrx_word' id='word_1_322' title='bbox 96 3228 206 3276; x_wconf 79' lang='lat' dir='ltr'><strong>honeste</strong></span> <span class='ocrx_word' id='word_1_323' title='bbox 218 3227 367 3276; x_wconf 81' lang='lat' dir='ltr'><strong>hahendam</strong></span> <span class='ocrx_word' id='word_1_324' title='bbox 384 3228 450 3276; x_wconf 85' lang='lat' dir='ltr'><strong>satis</strong></span> <span class='ocrx_word' id='word_1_325' title='bbox 463 3229 559 3276; x_wconf 78' lang='lat' dir='ltr'><strong>essent.</strong></span> <span class='ocrx_word' id='word_1_326' title='bbox 570 3229 700 3275; x_wconf 85' lang='lat' dir='ltr'><strong>Honestas</strong></span> <span class='ocrx_word' id='word_1_327' title='bbox 712 3228 834 3288; x_wconf 86' lang='lat' dir='ltr'><strong>s&#39;oppose</strong></span> <span class='ocrx_word' id='word_1_328' title='bbox 847 3228 861 3273; x_wconf 82' lang='lat' dir='ltr'><strong>d</strong></span> <span class='ocrx_word' id='word_1_329' title='bbox 875 3230 1017 3291; x_wconf 70' lang='lat' dir='ltr'><strong>ingentem.</strong></span> <span class='ocrx_word' id='word_1_330' title='bbox 1030 3226 1071 3274; x_wconf 90' lang='lat' dir='ltr'><strong>On</strong></span> <span class='ocrx_word' id='word_1_331' title='bbox 1084 3241 1100 3274; x_wconf 86' lang='lat' dir='ltr'><strong>a</strong></span> 
     </span>
     <span class='ocr_line' id='line_1_38' title="bbox 95 3288 1100 3352; baseline -0.001 -16"><span class='ocrx_word' id='word_1_332' title='bbox 95 3289 130 3337; x_wconf 91' lang='lat' dir='ltr'><strong>ici</strong></span> <span class='ocrx_word' id='word_1_333' title='bbox 142 3304 178 3336; x_wconf 91' lang='lat' dir='ltr'><strong>un</strong></span> <span class='ocrx_word' id='word_1_334' title='bbox 190 3290 223 3336; x_wconf 91' lang='lat' dir='ltr'><strong>de</strong></span> <span class='ocrx_word' id='word_1_335' title='bbox 236 3305 280 3338; x_wconf 88' lang='lat' dir='ltr'><strong>ces</strong></span> <span class='ocrx_word' id='word_1_336' title='bbox 293 3305 436 3337; x_wconf 77' lang='lat' dir='ltr'><strong>monceaux</strong></span> <span class='ocrx_word' id='word_1_337' title='bbox 454 3288 592 3352; x_wconf 82' lang='lat' dir='ltr'><strong>d&#39;apparat</strong></span> <span class='ocrx_word' id='word_1_338' title='bbox 607 3304 659 3350; x_wconf 91' lang='lat' dir='ltr'><strong>que</strong></span> <span class='ocrx_word' id='word_1_339' title='bbox 677 3289 791 3336; x_wconf 88' lang='lat' dir='ltr'><strong>Salluste</strong></span> <span class='ocrx_word' id='word_1_340' title='bbox 811 3290 908 3336; x_wconf 85' lang='lat' dir='ltr'><strong>excelle</strong></span> <span class='ocrx_word' id='word_1_341' title='bbox 924 3291 938 3336; x_wconf 82' lang='lat' dir='ltr'><strong>d</strong></span> <span class='ocrx_word' id='word_1_342' title='bbox 956 3290 1054 3336; x_wconf 89' lang='lat' dir='ltr'><strong>coudre</strong></span> <span class='ocrx_word' id='word_1_343' title='bbox 1066 3303 1100 3335; x_wconf 90' lang='lat' dir='ltr'><strong>au</strong></span> 
     </span>
     <span class='ocr_line' id='line_1_39' title="bbox 95 3351 1151 3414; baseline -0.002 -16"><span class='ocrx_word' id='word_1_344' title='bbox 95 3355 324 3414; x_wconf 83' lang='lat' dir='ltr'><strong>commencement</strong></span> <span class='ocrx_word' id='word_1_345' title='bbox 337 3367 371 3399; x_wconf 93' lang='lat' dir='ltr'><strong>ou</strong></span> <span class='ocrx_word' id='word_1_346' title='bbox 384 3352 399 3398; x_wconf 81' lang='lat' dir='ltr'><strong>d</strong></span> <span class='ocrx_word' id='word_1_347' title='bbox 411 3353 436 3399; x_wconf 87' lang='lat' dir='ltr'><strong>la</strong></span> <span class='ocrx_word' id='word_1_348' title='bbox 453 3351 489 3398; x_wconf 83' lang='lat' dir='ltr'><strong>fin</strong></span> <span class='ocrx_word' id='word_1_349' title='bbox 506 3353 593 3399; x_wconf 89' lang='lat' dir='ltr'><strong>deses</strong></span> <span class='ocrx_word' id='word_1_350' title='bbox 609 3366 748 3411; x_wconf 70' lang='lat' dir='ltr'><strong>ouvrages,</strong></span> <span class='ocrx_word' id='word_1_351' title='bbox 761 3354 787 3396; x_wconf 90' lang='lat' dir='ltr'><strong>et</strong></span> <span class='ocrx_word' id='word_1_352' title='bbox 801 3369 812 3392; x_wconf 89' lang='lat'>«</span> <span class='ocrx_word' id='word_1_353' title='bbox 825 3351 858 3396; x_wconf 82' lang='lat' dir='ltr'><strong>oh</strong></span> <span class='ocrx_word' id='word_1_354' title='bbox 873 3351 890 3396; x_wconf 96' lang='lat' dir='ltr'><strong>il</strong></span> <span class='ocrx_word' id='word_1_355' title='bbox 909 3351 1018 3398; x_wconf 81' lang='lat' dir='ltr'><strong>s&#39;etudie</strong></span> <span class='ocrx_word' id='word_1_356' title='bbox 1031 3365 1101 3411; x_wconf 88' lang='lat' dir='ltr'><strong>pour</strong></span> <span class='ocrx_word' id='word_1_357' title='bbox 1149 3353 1151 3358; x_wconf 82' lang='lat'>&#39;</span> 
     </span>
     <span class='ocr_line' id='line_1_40' title="bbox 96 3412 1099 3476; baseline 0 -17"><span class='ocrx_word' id='word_1_358' title='bbox 96 3413 204 3476; x_wconf 81' lang='lat' dir='ltr'><strong>i&#39;rapper</strong></span> <span class='ocrx_word' id='word_1_359' title='bbox 217 3417 293 3460; x_wconf 92' lang='lat' dir='ltr'><strong>notre</strong></span> <span class='ocrx_word' id='word_1_360' title='bbox 311 3414 395 3474; x_wconf 91' lang='lat' dir='ltr'><strong>esprit</strong></span> <span class='ocrx_word' id='word_1_361' title='bbox 409 3417 437 3462; x_wconf 88' lang='lat' dir='ltr'><strong>et</strong></span> <span class='ocrx_word' id='word_1_362' title='bbox 457 3429 485 3462; x_wconf 90' lang='lat' dir='ltr'><strong>se</strong></span> <span class='ocrx_word' id='word_1_363' title='bbox 498 3414 600 3460; x_wconf 90' lang='lat' dir='ltr'><strong>donner</strong></span> <span class='ocrx_word' id='word_1_364' title='bbox 609 3414 635 3459; x_wconf 89' lang='lat' dir='ltr'><strong>la</strong></span> <span class='ocrx_word' id='word_1_365' title='bbox 648 3412 799 3473; x_wconf 86' lang='lat' dir='ltr'><strong>reputation</strong></span> <span class='ocrx_word' id='word_1_366' title='bbox 813 3412 845 3458; x_wconf 95' lang='lat' dir='ltr'><strong>de</strong></span> <span class='ocrx_word' id='word_1_367' title='bbox 858 3426 972 3472; x_wconf 85' lang='lat' dir='ltr'><strong>pensem·</strong></span> <span class='ocrx_word' id='word_1_368' title='bbox 985 3413 1099 3472; x_wconf 81' lang='lat' dir='ltr'><strong>prolond</strong></span> 
     </span>
     <span class='ocr_line' id='line_1_41' title="bbox 95 3469 1099 3535; baseline 0 -13"><span class='ocrx_word' id='word_1_369' title='bbox 95 3469 173 3522; x_wconf 85' lang='lat' dir='ltr'><strong>etde</strong></span> <span class='ocrx_word' id='word_1_370' title='bbox 197 3476 333 3522; x_wconf 85' lang='lat' dir='ltr'><strong>moraliste</strong></span> <span class='ocrx_word' id='word_1_371' title='bbox 357 3475 459 3535; x_wconf 85' lang='lat' dir='ltr'><strong>severe,</strong></span> <span class='ocrx_word' id='word_1_372' title='bbox 481 3475 652 3522; x_wconf 75' lang='lat' dir='ltr'><strong>aldecouvrir</strong></span> <span class='ocrx_word' id='word_1_373' title='bbox 672 3475 719 3521; x_wconf 86' lang='lat' dir='ltr'><strong>des</strong></span> <span class='ocrx_word' id='word_1_374' title='bbox 740 3473 889 3520; x_wconf 76' lang='lat' dir='ltr'><strong>antitheses</strong></span> <span class='ocrx_word' id='word_1_375' title='bbox 908 3474 1061 3532; x_wconf 76' lang='lat' dir='ltr'><strong>hennenses,</strong></span> <span class='ocrx_word' id='word_1_376' title='bbox 1084 3475 1099 3522; x_wconf 76' lang='lat' dir='ltr'><strong>e</strong></span> 
     </span>
     <span class='ocr_line' id='line_1_42' title="bbox 95 3534 1100 3598; baseline -0.001 -15"><span class='ocrx_word' id='word_1_377' title='bbox 95 3549 213 3598; x_wconf 87' lang='lat' dir='ltr'><strong>opposer</strong></span> <span class='ocrx_word' id='word_1_378' title='bbox 224 3537 262 3584; x_wconf 88' lang='lat' dir='ltr'><strong>les</strong></span> <span class='ocrx_word' id='word_1_379' title='bbox 274 3536 524 3598; x_wconf 88' lang='lat' dir='ltr'><strong>pe&#39;riodesmembre</strong></span> <span class='ocrx_word' id='word_1_380' title='bbox 541 3537 556 3583; x_wconf 79' lang='lat' dir='ltr'><strong>d</strong></span> <span class='ocrx_word' id='word_1_381' title='bbox 575 3536 703 3593; x_wconf 88' lang='lat' dir='ltr'><strong>membre,</strong></span> <span class='ocrx_word' id='word_1_382' title='bbox 725 3536 740 3582; x_wconf 76' lang='lat' dir='ltr'><strong>ai</strong></span> <span class='ocrx_word' id='word_1_383' title='bbox 759 3534 891 3583; x_wconf 85' lang='lat' dir='ltr'><strong>decocher</strong></span> <span class='ocrx_word' id='word_1_384' title='bbox 910 3550 961 3582; x_wconf 91' lang='lat' dir='ltr'><strong>une</strong></span> <span class='ocrx_word' id='word_1_385' title='bbox 979 3536 1049 3596; x_wconf 85' lang='lat' dir='ltr'><strong>grele</strong></span> <span class='ocrx_word' id='word_1_386' title='bbox 1066 3536 1100 3582; x_wconf 84' lang='lat' dir='ltr'><strong>de</strong></span> 
     </span>
     <span class='ocr_line' id='line_1_43' title="bbox 95 3597 1203 3721; baseline -0.004 -77"><span class='ocrx_word' id='word_1_387' title='bbox 95 3598 199 3721; x_wconf 51' lang='lat' dir='ltr'><strong>limes)</strong></span> <span class='ocrx_word' id='word_1_388' title='bbox 208 3599 317 3659; x_wconf 85' lang='lat' dir='ltr'><strong>phrases</strong></span> <span class='ocrx_word' id='word_1_389' title='bbox 329 3599 458 3652; x_wconf 84' lang='lat' dir='ltr'><strong>concisos,</strong></span> <span class='ocrx_word' id='word_1_390' title='bbox 476 3601 565 3646; x_wconf 85' lang='lat' dir='ltr'><strong>tontes</strong></span> <span class='ocrx_word' id='word_1_391' title='bbox 582 3600 744 3645; x_wconf 90' lang='lat' dir='ltr'><strong>construites</strong></span> <span class='ocrx_word' id='word_1_392' title='bbox 762 3597 794 3643; x_wconf 89' lang='lat' dir='ltr'><strong>de</strong></span> <span class='ocrx_word' id='word_1_393' title='bbox 815 3597 840 3642; x_wconf 89' lang='lat' dir='ltr'><strong>la</strong></span> <span class='ocrx_word' id='word_1_394' title='bbox 860 3597 944 3644; x_wconf 89' lang='lat' dir='ltr'><strong>meme</strong></span> <span class='ocrx_word' id='word_1_395' title='bbox 959 3598 1099 3645; x_wconf 76' lang='lat' dir='ltr'><strong>mernere»</strong></span> <span class='ocrx_word' id='word_1_396' title='bbox 1149 3599 1150 3603; x_wconf 77' lang='grc'>’</span> <span class='ocrx_word' id='word_1_397' title='bbox 1201 3601 1203 3605; x_wconf 82' lang='grc'><strong>“</strong></span> 
     </span>
     <span class='ocr_line' id='line_1_44' title="bbox 122 3672 1061 3706; baseline -0.001 -1"><span class='ocrx_word' id='word_1_398' title='bbox 122 3672 209 3706; x_wconf 82' lang='lat' dir='ltr'><strong>ame.</strong></span> <span class='ocrx_word' id='word_1_399' title='bbox 1060 3679 1061 3684; x_wconf 59' lang='lat'>=</span> 
     </span>
    </p>
   </div>
   <div class='ocr_carea' id='block_1_4' title="bbox 96 3751 1101 3880">
    <p class='ocr_par' dir='ltr' id='par_1_4' title="bbox 96 3751 1101 3880">
     <span class='ocr_line' id='line_1_45' title="bbox 126 3751 1100 3818; baseline -0.003 -14"><span class='ocrx_word' id='word_1_400' title='bbox 126 3755 168 3804; x_wconf 68' lang='grc' dir='ltr'><strong>ΙΨ</strong></span> <span class='ocrx_word' id='word_1_401' title='bbox 185 3755 268 3806; x_wconf 81' lang='lat'>353:</span> <span class='ocrx_word' id='word_1_402' title='bbox 283 3755 481 3818; x_wconf 79' lang='lat' dir='ltr'><strong>Principum.</strong></span> <span class='ocrx_word' id='word_1_403' title='bbox 498 3758 537 3804; x_wconf 79' lang='lat' dir='ltr'><strong>Cf.</strong></span> <span class='ocrx_word' id='word_1_404' title='bbox 549 3757 587 3803; x_wconf 88' lang='lat' dir='ltr'><strong>les</strong></span> <span class='ocrx_word' id='word_1_405' title='bbox 609 3757 670 3817; x_wconf 90' lang='lat' dir='ltr'><strong>cinq</strong></span> <span class='ocrx_word' id='word_1_406' title='bbox 690 3757 820 3817; x_wconf 84' lang='lat' dir='ltr'><strong>premiers</strong></span> <span class='ocrx_word' id='word_1_407' title='bbox 839 3770 959 3803; x_wconf 86' lang='lat' dir='ltr'><strong>sermons</strong></span> <span class='ocrx_word' id='word_1_408' title='bbox 977 3756 1012 3802; x_wconf 94' lang='lat' dir='ltr'><strong>du</strong></span> <span class='ocrx_word' id='word_1_409' title='bbox 1030 3751 1100 3801; x_wconf 84' lang='lat' dir='ltr'><strong>Petit</strong></span> 
     </span>
     <span class='ocr_line' id='line_1_46' title="bbox 96 3816 1101 3880; baseline -0.002 -15"><span class='ocrx_word' id='word_1_410' title='bbox 96 3816 205 3866; x_wconf 71' lang='lat' dir='ltr'><strong>Careme</strong></span> <span class='ocrx_word' id='word_1_411' title='bbox 227 3818 259 3865; x_wconf 91' lang='lat' dir='ltr'><strong>de</strong></span> <span class='ocrx_word' id='word_1_412' title='bbox 272 3817 418 3865; x_wconf 88' lang='lat' dir='ltr'><strong>Massilion.</strong></span> <span class='ocrx_word' id='word_1_413' title='bbox 430 3846 460 3853; x_wconf 93' lang='lat'><strong>—</strong></span> <span class='ocrx_word' id='word_1_414' title='bbox 472 3817 688 3876; x_wconf 80' lang='lat' dir='ltr'><strong>Continentia,</strong></span> <span class='ocrx_word' id='word_1_415' title='bbox 704 3819 804 3880; x_wconf 86' lang='lat' dir='ltr'><strong>oppose&#39;</strong></span> <span class='ocrx_word' id='word_1_416' title='bbox 822 3819 837 3865; x_wconf 81' lang='lat' dir='ltr'><strong>e</strong></span> <span class='ocrx_word' id='word_1_417' title='bbox 855 3816 1056 3880; x_wconf 84' lang='lat' dir='ltr'><strong>cupiditatibus.</strong></span> <span class='ocrx_word' id='word_1_418' title='bbox 1071 3842 1101 3850; x_wconf 97' lang='lat'>-</span> 
     </span>
    </p>
   </div>
   <div class='ocr_carea' id='block_1_5' title="bbox 520 3953 759 4011">
    <p class='ocr_par' dir='ltr' id='par_1_5' title="bbox 520 3953 759 4011">
     <span class='ocr_line' id='line_1_47' title="bbox 520 3953 759 4011; baseline -0.004 0"><span class='ocrx_word' id='word_1_419' title='bbox 520 3960 678 4011; x_wconf 79' lang='lat' dir='ltr'><strong>-sss-</strong></span> <span class='ocrx_word' id='word_1_420' title='bbox 750 3953 759 3972; x_wconf 87' lang='lat'><strong>·</strong></span> 
     </span>
    </p>
   </div>
   <div class='ocr_carea' id='block_1_6' title="bbox 0 0 1369 4234">
    <p class='ocr_par' dir='ltr' id='par_1_6' title="bbox 0 0 1369 4234">
     <span class='ocr_line' id='line_1_48' title="bbox 0 0 1369 4234; baseline 0 0"><span class='ocrx_word' id='word_1_421' title='bbox 0 0 1369 4234; x_wconf 95' lang='lat' dir='ltr'><strong> </strong></span> 
     </span>
    </p>
   </div>
  </div>
 </body>
</html>
