2756 4238
211 167 296 225 308.
312 164 451 223 Fabius
463 165 644 235 s'empare
661 163 788 235 d’Arpl
802 177 873 234 per
888 163 1065 234 surprise.

398 288 495 353 (Arpos
506 287 605 362 Fabius
618 287 679 336 dolo
691 288 847 352 ecpugnat.)

165 485 306 558 Fabius*,
325 485 363 543 ab
374 483 535 543 Suessula*
549 481 716 563 profectus,
732 485 850 562 Arpos*
864 483 996 562 primum
1010 483 1124 566 institit
1139 511 1179 572 3⁰

124 603 315 662 oppugnare.
341 581 401 640 Ubi
424 601 495 640 cum
519 601 536 638 a
557 579 734 659 quingentis
755 579 819 638 lere
840 579 998 660 passibus*
1023 589 1121 640 castra

123 680 287 759 posuisset,
302 677 527 757 contemplatus
543 697 579 735 ex
593 677 769 757 propinquo
784 676 877 736 situm
894 677 977 736 urbis
995 677 1121 737 moenia·

121 797 194 856 que,
217 797 286 856 quae
319 796 389 856 pars
417 775 571 834 tutissima
596 773 747 832 moenibus
785 781 862 845 erat,
892 773 1123 855 quia'maxime

123 873 294 952 neglectam
309 873 448 932 custodia
463 871 550 943 vidit,
567 874 620 929 ea*
634 870 828 951 potissimum
849 871 974 948 aggredi
1003 871 1120 931 statuit.

122 969 317 1050 Comparatis
330 970 472 1028 omnibus
482 989 551 1048 quae
563 967 601 1027 ad
615 967 704 1026 urbes
719 968 941 1047 oppugnandas
953 969 1022 1028 usui
1037 978 1120 1042 sunt,

121 1068 338 1127 centurionum
354 1066 481 1126 robora*
496 1086 533 1124 ex
550 1072 614 1123 toto
631 1065 768 1124 exercitu
782 1064 905 1144 delegit,
918 1065 1121 1148 tribunosque

121 1164 206 1224 viros
222 1165 317 1224 sortes
336 1165 380 1222 eis
404 1163 552 1243 praefecit,
575 1169 606 1221 et
629 1162 741 1220 milites
759 1170 923 1235 sescentos,
952 1166 1121 1244 quantum*

120 1261 196 1321 satis
224 1261 325 1320 visum
353 1270 409 1332 est,
439 1258 590 1331 attribuit,
618 1279 742 1338 eosque,
771 1259 824 1317 ubi
855 1268 972 1339 quartae
1008 1260 1121 1338 vigiliae

121 1358 262 1437 signum*
288 1358 477 1428 cecinisset*,
506 1356 544 1416 ad
568 1375 636 1414 eum
662 1354 762 1414 locum
787 1356 882 1415 scalas
910 1358 1003 1438 jussit
1028 1360 1119 1418 ferre.

107 1454 218 1514 Porta
240 1455 283 1514 ibi
309 1455 433 1514 humilis
451 1461 481 1512 et
505 1459 634 1530 angusta
660 1461 735 1540 erat,
769 1452 977 1534 infrequenti*
998 1455 1047 1515 via
1066 1477 1122 1537 per

121 1552 273 1611 desertam
284 1559 402 1632 partem
418 1551 513 1610 urbis,
532 1550 606 1608 Eam
619 1556 739 1628 portem
753 1549 841 1609 scalis
852 1551 937 1631 prius
954 1559 1121 1631 transgres-

120 1669 172 1708 sos
187 1651 327 1708 murum*
339 1649 458 1728 aperire
472 1668 510 1706 ex
522 1647 669 1729 interiore
679 1654 765 1726 parte
779 1654 831 1706 aut
842 1648 995 1708 claustra*
1007 1650 1121 1710 refrin-

120 1766 194 1823 gere
204 1745 303 1825 jubet,
318 1754 349 1805 et
366 1752 504 1804 tenentes
528 1750 646 1824 partem
671 1744 755 1802 urbis
778 1765 874 1802 cornu
899 1747 1019 1824 signum
1035 1747 1118 1821 dare,

120 1851 158 1902 ut
183 1851 291 1902 ceterae
313 1843 410 1922 copiae
432 1841 671 1900 admoverentur
696 1859 702 1903 :
730 1865 745 1895 α
773 1850 878 1920 parata
905 1844 1007 1903 omnia
1029 1851 1121 1926 atque

121 1940 272 1998 instructa
301 1961 366 1998 sese
392 1938 581 1998 habiturum.
609 1962 623 1992 »
650 1938 693 1997 Ea
716 1939 846 2018 impigre
861 1940 952 2020 lacta,
982 1947 1013 2000 et
1037 1940 1124 2022 quod-

120 2036 379 2116 impedimentum
401 2036 563 2112 agentibus
584 2035 650 2094 lore
671 2035 847 2109 videbatur,
873 2037 905 2095 id
928 2038 1060 2098 maxime
1082 2039 1134 2112 ad„
1214 2088 1216 2093 .

122 2133 292 2193 fallendum
312 2134 443 2214 adjuvit.
464 2133 565 2191 lmber
580 2132 617 2191 ab
628 2141 718 2190 nocte
733 2133 834 2193 media
844 2142 967 2194 coortus
978 2137 1121 2196 custodes

122 2231 295 2310 vigilesque
306 2231 440 2309 dilapsos
462 2251 477 2288 e
491 2229 676 2287 stationibus
694 2230 845 2306 sullugere
858 2231 888 2289 in
911 2238 991 2292 tecta
1006 2234 1119 2311 coegit,

121 2328 305 2406 sonitusque
317 2327 416 2405 primo
431 2326 570 2404 largioris
585 2326 727 2405 procellae
745 2328 907 2406 strepitum
927 2329 1121 2389 molientium

124 2425 264 2512 portam*
290 2432 429 2490 exaudiri
454 2430 622 2510 prohibuit,
647 2431 759 2489 lentior
780 2431 890 2492 deinde
913 2435 1121 2517 aequaliorque

119 2529 287 2588 accidens*
304 2528 429 2586 auribus
443 2548 584 2604 magnam
600 2535 718 2606 partem
737 2528 896 2588 hominum
908 2532 1033 2612 sopivit.

154 2741 195 2790 N⁰
214 2739 278 2792 308
292 2755 297 2787 :
312 2739 436 2788 Fabius
451 2754 455 2786 :
471 2738 540 2787 C'est
554 2738 584 2794 Q.
599 2739 697 2786 Fabius
710 2740 849 2798 Maximus,
865 2747 1016 2794 surnomme
1034 2746 1123 2795 Cunc-

121 2803 202 2860 tator,
216 2803 283 2849 dont
297 2802 396 2848 Ennius
409 2816 423 2848 a
441 2801 480 2847 dit
495 2817 499 2848 :
513 2821 525 2843 a
554 2801 626 2848 Unus
640 2801 718 2848 bomo
739 2803 815 2850 nobis
830 2807 979 2855 cunctando
1001 2808 1121 2857 restituit

120 2878 179 2911 rem
193 2881 214 2910 ».
228 2891 257 2898 -
268 2863 433 2934 Suessula,
445 2863 506 2910 ville
518 2864 553 2938 du
567 2863 711 2933 Samnium.
723 2890 749 2898 -
763 2864 879 2941 Arpps,
890 2869 964 2930 Appi5
979 2871 1040 2918 ville
1049 2885 1122 2919 com.

119 2929 258 3035 1Illisliiilliii
263 2926 304 3033 'qq
315 2925 731 3047 Idipllllligiiiiiiiierlee'sdlloiiiliiiii¹
742 2926 944 3039 cldlmdibddelbes
951 2933 1122 3042 Pdaegsgildds

119 3048 223 3096 etaient
235 3049 343 3095 sondc'cs
357 3063 402 3094 sur
415 3050 452 3094 les
461 3049 623 3095 ‹liniensions
635 3048 670 3094 du
684 3063 763 3110 corps
775 3050 892 3098 humeln.
902 3053 937 3100 Le
946 3055 1005 3115 picd
1020 3057 1122 3103 romain

117 3110 409 3219 ntitzinnn
427 3109 752 3220 Pttdtttttunntr
765 3115 960 3225 tettan
1086 3133 1122 3189 ψ

205 3206 235 3213 ··
328 3209 333 3228 a
378 3198 425 3217 ·“
490 3208 496 3224 r
739 3201 788 3219 ¹-
946 3195 999 3224 :P

121 3247 169 3280 nes
181 3233 352 3293 fortissimos.
368 3259 393 3266 —
414 3233 585 3292 Quantum,
606 3233 697 3278 chillre
720 3235 763 3295 qui
787 3235 822 3280 lui
842 3240 922 3297 parnt
938 3193 1123 3290 suffiidlnllfli..

119 3294 264 3356 vigiliae
278 3293 417 3356 signum,
430 3295 454 3340 le
468 3294 552 3352 signal
570 3294 605 3339 du
627 3302 856 3345 commencement
879 3300 911 3346 de
931 3301 954 3347 la
975 3304 1122 3363 quatridme

119 3357 200 3404 veillc
213 3356 255 3417 (de
270 3357 334 3402 trois
348 3355 443 3402 lieures
456 3357 470 3401 a
484 3356 523 3402 six
536 3355 631 3402 hcures
643 3356 678 3401 dn
691 3359 794 3418 malin).
809 3359 849 3406 On
862 3362 973 3410 donnait
991 3380 1021 3411 ce
1037 3366 1121 3426 signal

118 3432 187 3465 avec
200 3419 224 3464 la
236 3417 342 3464 bucina.
355 3417 404 3464 Les
416 3415 526 3479 vigiliae
539 3432 567 3464 se
578 3418 720 3466 dirisnicnt
732 3435 764 3466 cn
776 3425 869 3481 quatre
882 3426 989 3485 parties,
1004 3427 1122 3474 chacune

118 3480 156 3526 de
169 3480 234 3527 trois
247 3479 343 3525 heures
356 3479 397 3539 (de
411 3480 451 3525 six
464 3479 558 3525 lieures
579 3480 614 3525 du
630 3480 684 3527 soir
703 3482 717 3527 d
737 3483 776 3528 six
797 3484 891 3531 neuros
915 3487 950 3532 du
972 3491 1073 3552 mutin).
1091 3516 1121 3524 -

122 3541 313 3598 cecinisset,
339 3540 407 3600 style
424 3540 548 3587 inatres.
569 3559 598 3583 =
618 3541 829 3604 rnrrequenti,
854 3547 950 3594 anans
966 3550 1068 3599 absolu.
1087 3565 1120 3588 *-

119 3602 254 3652 Murum
264 3602 368 3663 depend
381 3602 414 3648 de
428 3603 617 3664 transgressos.
628 3629 656 3637 -
666 3604 827 3665 Claustra,
842 3607 858 3653 il
872 3608 946 3670 s'agit
956 3611 1033 3659 d‘une
1045 3617 1121 3674 porte

118 3666 135 3712 d
160 3665 229 3711 deux
257 3664 386 3711 battnnts
413 3691 440 3698 -
466 3665 607 3718 Portam,
638 3666 815 3727 compldmcnt
837 3670 869 3716 de
891 3671 1068 3721 molientium.
1091 3703 1122 3711 —

118 3725 329 3776 Accidens:
343 3724 451 3772 veniens
468 3725 501 3772 ad
516 3741 521 3774 :
536 3727 691 3774 ruttaclicra
704 3743 733 3774 ce
745 3733 801 3776 mot
811 3729 918 3794 lentior,
932 3736 959 3781 et
971 3735 1118 3799 aequalior.

543 3922 701 3974 -an-
757 3979 760 3986 ,
