2658 4244
361 200 443 259 132.
465 200 587 258 Foties
603 197 893 268 d'Heliogabele.

421 304 618 370 (Heliogabali'
636 303 832 368 deliramenta.)

167 465 370 543 Transigebat
385 473 415 524 et
431 466 551 525 dierum
567 474 652 524 actus
664 465 806 524 noctibus
824 471 853 523 et
876 470 1044 538 nocturnos
1067 461 1133 521 die·
1148 461 1191 524 3θ

124 563 196 635 bus,
214 563 371 622 aestimans
387 563 538 622 hocinter
562 563 765 621 instrumenta
791 561 931 633 luxuriae,
948 560 990 620 ita
1011 568 1044 619 ut
1064 581 1132 618 sero
1186 557 1189 565 Α

125 659 166 718 de
179 680 289 718 somno
303 667 441 738 surgeret
461 667 491 719 et
506 660 632 719 salutari
647 661 806 739 inciperet,
827 679 914 717 mane
937 665 1039 716 autem
1063 656 1133 714 dor-

124 757 206 816 mire
221 757 421 836 inceptaret*.
435 757 550 816 Amicis
560 757 697 837 quotidie
711 755 825 835 aliquid
841 755 943 823 dabat,
955 775 1011 813 nec
1026 774 1133 832 quem-

125 843 222 938 quam
250 854 339 914 facile
367 854 549 913 indonatum
576 854 779 933 relinquebat,
811 853 869 910 nisi
898 871 989 933 quem
1021 851 1130 928 frugi*,
1227 864 1247 934 J

125 951 217 1030 quasi
233 951 400 1030 perditum,
420 951 616 1031 repperisset.
631 951 749 1009 Habuit
768 958 920 1027 gemmata
945 948 1085 1007 vehicula
1103 956 1134 1005 et

124 1049 247 1122 aurata,
260 1049 446 1128 contemptis
461 1050 628 1126 argentatis
642 1055 672 1106 ct
684 1048 817 1106 eboratis
833 1055 863 1105 et
885 1047 996 1105 aeratis.
1018 1045 1134 1103 Habuit

125 1153 161 1204 et
175 1146 256 1204 hanc
273 1145 530 1204 consuetudinem
546 1153 580 1204 ut
595 1145 782 1203 octo'calvos
807 1152 930 1222 rogaret
953 1143 991 1201 ad
1014 1163 1131 1212 cenam,

125 1243 205 1301 item
221 1249 291 1300 octo
312 1242 425 1309 luscos,
450 1250 480 1301 et
498 1243 571 1300 item
594 1247 666 1300 octo
690 1242 890 1321 podagrosOS,
917 1247 988 1298 octo
1012 1238 1131 1311 surdos,
1212 1269 1214 1274 v

125 1347 201 1398 octo
214 1340 330 1416 nigroS,
350 1346 421 1398 octo
445 1339 565 1418 longua,
589 1347 620 1397 et
641 1347 711 1397 octo
731 1339 872 1418 pingues,
896 1358 966 1396 cum
988 1337 1055 1415 capi
1072 1357 1134 1395 non

126 1443 259 1516 possent
279 1457 341 1494 uno
364 1437 525 1514 sigmate*,
547 1443 581 1494 ut
602 1435 709 1493 de‘his
733 1421 876 1494 omnibus
902 1435 983 1492 'risus
1012 1434 1131 1491 citaret.

120 1521 281 1592 'Exhibuit
308 1534 449 1612 parasitis
475 1554 565 1592 cenas
594 1533 631 1590 de
655 1533 797 1603 vitreis*;
829 1521 1059 1610 nonnumquam
1088 1536 1136 1588 tot

122 1632 215 1710 ,picta
242 1629 388 1688 mantelia
412 1631 444 1687 in
467 1651 602 1689 mensam
628 1631 781 1700 mittebat,
813 1629 860 1687 his
885 1627 1026 1687 edulibus
1052 1627 1134 1705 picta

126 1747 201 1806 quae
224 1736 464 1806 apponerentur,
493 1734 571 1807 quot
589 1727 718 1785 missus*
739 1735 818 1784 esset
840 1726 1011 1796 habiturus,
1038 1725 1081 1782 ita
1100 1732 1135 1781 ut

120 1807 169 1882 'de
185 1844 242 1882 acu
258 1831 312 1882 aut
327 1823 364 1881 de
380 1823 478 1882 textili
495 1824 615 1903 pictura
640 1824 870 1883 exhiberentur.
882 1822 997 1890 ¹Ebrios
1019 1821 1135 1880 amicos

118 1921 314 2001 ¹plerumque
331 1920 504 1991 claudebat,
522 1927 552 1978 et
569 1920 671 1979 subito
685 1920 887 1979 nocteleones
905 1927 936 1978 et
952 1933 1038 1977 urso's
1050 1938 1135 1976 exar-

121 2002 250 2076 matos*
264 2017 461 2088 immittebat,
479 2017 520 2075 ita
537 2025 571 2076 ut
585 2017 791 2096 expergefacti
811 2017 842 2074 in
861 2015 1004 2074 cubiculo
1027 2014 1134 2072 eodem

126 2115 236 2174 leones
262 2121 293 2172 et
314 2134 402 2172 ursos
424 2134 495 2172 cum
518 2113 595 2185 luce,
620 2114 668 2171 vel
697 2113 780 2192 quod
808 2122 854 2172 est
880 2112 1013 2190 gravius
1045 2119 1136 2169 nocte

129 2210 335 2270 invenirent:
353 2231 390 2268 ex
405 2230 467 2289 quo
482 2210 621 2290 plerique
644 2210 808 2268 exanimati
831 2217 912 2268 sunt.
939 2208 1136 2267 Calceamen-

116 2303 221 2390 Ztum*
236 2327 405 2386 numquam
418 2307 551 2378 iteravit,
570 2307 677 2366 anulos
699 2327 877 2386 numquam.
901 2306 998 2364 Scobe
1019 2306 1085 2364 auri
1106 2312 1137 2364 et

126 2404 252 2480 argenti
266 2405 376 2462 stravit
387 2405 542 2483 porticum
558 2404 610 2463 ubi
624 2404 809 2462 ambulabat.

160 2571 204 2620 ΙΨ
219 2571 283 2623 132
298 2584 306 2620 z
323 2570 535 2634 Heliogabali
549 2570 672 2635 (218-222)
691 2586 696 2618 τ
710 2587 740 2619 ce
751 2573 792 2619 fut
807 2573 831 2619 le
843 2573 960 2633 premier
970 2573 1017 2620 des
1031 2572 1137 2632 princes

125 2635 247 2696 syriens.
262 2634 311 2680 Cet
324 2633 444 2682 Oriental
457 2635 598 2696 apportari
613 2633 696 2680 Rome
710 2637 769 2681 tout
781 2635 804 2680 le
822 2635 882 2681 luxe
900 2637 927 2680 et
943 2637 1018 2682 toute
1035 2634 1059 2680 la
1077 2648 1136 2680 cor-

126 2696 251 2770 ruption,
265 2698 356 2742 toutes
373 2696 411 2742 les
427 2698 514 2757 orgies
531 2696 564 2742 de
578 2694 698 2743 l'Orient.
714 2715 725 2737 a
744 2697 824 2742 Aussi
843 2696 915 2742 est-il
935 2695 1006 2742 reste
1026 2696 1092 2742 dans
1110 2695 1137 2742 la

125 2757 261 2806 memoire
274 2758 322 2804 des
333 2757 454 2804 hommes
467 2772 570 2804 comme
585 2758 609 2804 le
625 2757 745 2817 symbole
757 2759 789 2804 de
801 2757 927 2804 l'iniamie
941 2773 986 2804 sur
999 2759 1023 2804 le
1036 2757 1112 2804 trime
1124 2776 1136 2798 »

127 2821 247 2881 (Duruy‚
267 2819 392 2880 V1,275).
409 2845 434 2854 -
447 2819 644 2881 Inceptaret,
660 2834 704 2865 sur
716 2822 786 2866 cette
802 2820 897 2878 uranie,
913 2821 972 2866 voir
988 2820 1013 2866 la
1029 2819 1136 2866 version

125 2886 186 2938 372,
206 2882 298 2927 contre
317 2895 384 2927 ceua
402 2879 451 2942 qui
467 2881 526 2942 sont
544 2881 575 2927 de
598 2879 622 2926 la
640 2880 699 2927 nuit
714 2880 736 2927 le
745 2880 821 2942 jour.
841 2909 870 2915 -
889 2880 998 2943 Frugi,
1019 2881 1089 2927 detis
1104 2881 1137 2926 de

110 2951 117 3000 J
125 2945 164 2990 de
178 2941 295 2989 l'inusite'
306 2941 381 3002 frua,
396 2942 547 3002 equivauta
560 2956 594 2988 un
605 2943 717 3003 atlJ'ectii
729 2963 759 2984 -.
773 2943 922 3002 honestum,
932 2943 1059 3005 probum.
1075 2942 1137 2989 Cela

125 3007 173 3052 est
186 3004 327 3065 satenique
342 3018 347 3050 :
360 3004 683 3050 cetetrevilavaitbesoin
698 3003 939 3052 d'avilirlesautres
953 3005 1139 3066 poursejusti-
1228 3001 1234 3009 '

125 3067 180 3114 fier
190 3065 339 3113 lui-meme.
350 3077 383 3100 ·-
395 3065 553 3127 Sigmatis.
569 3065 603 3111 Le
616 3064 701 3127 sipma
715 3069 809 3113 estest
826 3081 861 3112 un
876 3067 907 3113 lit
919 3068 952 3113 de
967 3066 1038 3113 table
1054 3066 1138 3113 demi-

111 3127 258 3177 'ciculaire
271 3127 380 3188 crispose
398 3132 495 3174 autour
511 3125 589 3173 d'une
606 3127 677 3173 table
695 3129 778 3174 rende
794 3130 821 3174 et
837 3129 903 3174 ainsi
922 3128 1043 3175 nommee
1058 3141 1138 3189 parce

110 3188 227 3253 'qu'elle
248 3189 382 3259 rappelait
395 3204 446 3234 une
461 3190 508 3236 des
522 3189 620 3236 formes
633 3190 782 3248 primitives
796 3190 828 3236 de
845 3191 870 3236 la
889 3191 967 3237 lettre
983 3189 1078 3252 sipma,
1092 3190 1137 3251 qui

124 3252 205 3300 avait
218 3249 331 3298 d'abord
349 3250 391 3297 ete
405 3251 485 3298 ecrite
499 3251 527 3298 C.
543 3251 583 3298 On
597 3265 615 3312 y
628 3251 702 3298 allait
715 3251 755 3296 six
768 3265 801 3297 ou
815 3251 881 3299 huit.
896 3279 924 3285 -
938 3252 985 3300 De
998 3250 1137 3304 vitreis:

110 3314 161 3362 'de
182 3327 293 3373 marque
311 3312 335 3358 la
353 3312 472 3359 matiere.
492 3310 664 3372 Quelquet'ois
677 3315 747 3360 aussi
766 3313 784 3358 il
804 3313 861 3358 leur
879 3314 967 3360 saisuit
987 3314 1072 3360 servir
1091 3314 1138 3361 des

126 3379 201 3424 mets
214 3389 246 3421 en
261 3375 315 3420 cire
329 3388 363 3420 ou
375 3389 407 3420 en
418 3375 510 3432 ivoire,
525 3377 551 3421 et
560 3375 599 3420 les
610 3374 706 3431 lorcait
719 3375 733 3421 al
744 3375 818 3421 boire
827 3378 853 3420 et
861 3376 875 3421 a
884 3390 912 3422 se
923 3376 996 3422 laver
1006 3376 1043 3422 les
1053 3375 1138 3422 mains

126 3437 222 3500 quand
236 3451 270 3483 on
284 3436 426 3496 changeait
438 3435 461 3482 le
472 3437 582 3482 service.
596 3462 622 3470 -
634 3435 758 3485 Missus
773 3450 778 3483 :
793 3435 857 3482 e'est
870 3451 899 3484 ce
912 3451 963 3497 que
977 3451 1043 3483 nous
1057 3452 1137 3497 appe-

124 3502 191 3547 lons
203 3513 239 3545 un
250 3499 362 3545 service.
375 3523 404 3531 -
416 3497 616 3547 Exarmatos
628 3511 633 3544 2
646 3498 952 3560 animauxapprivoises,
964 3500 1140 3560 auxquelso'n

124 3561 206 3610 avait
216 3575 279 3607 sans
290 3560 372 3606 doute
383 3558 465 3619 rogne'
475 3559 513 3606 les
524 3559 620 3620 grilles.
632 3586 662 3594 -
672 3559 945 3610 Calceamentum.
958 3561 978 3607 T
981 3575 1052 3608 ernie
1063 3561 1142 3621 gene·

110 3635 112 3640 ·
125 3623 169 3670 ral
185 3623 229 3682 qui
248 3621 398 3682 s'applique
411 3621 425 3666 a
436 3623 524 3667 toutes
536 3621 575 3667 les
588 3621 697 3681 especes
710 3622 915 3686 derclraussnres
930 3637 935 3668 :
952 3622 1056 3669 calceus
1066 3623 1140 3683 (bro-

125 3683 259 3745 dcquin);
279 3681 385 3730 calceus
405 3681 537 3742 patricius
557 3682 712 3743 (chaussure
735 3683 930 3743 senatoriale,ai
953 3684 1088 3731 courroies
1110 3697 1139 3730 se

125 3746 251 3795 croisant
270 3759 319 3792 sur
337 3743 362 3790 le
381 3744 555 3804 cou-de-pied
575 3748 602 3791 et
619 3747 742 3792 montani
757 3744 881 3807 jusqu'au
902 3746 1019 3808 mollet);
1035 3744 1140 3792 calceus

8 3802 12 3813 '
107 3808 109 3812 ’
125 3807 268 3870 repandus
281 3805 393 3869 (soulier
405 3818 437 3851 en
449 3805 560 3869 pointe).

558 3968 715 4019 -133-
