2756 4238
168 166 252 224 238.
273 151 403 225 L’btat
423 165 566 223 romain
590 179 630 223 se
650 164 742 224 defle
762 168 830 224 des
854 164 1114 223 associatione.
1134 194 1169 206 -

400 255 527 311 Lettre
552 257 596 311 de
617 255 718 312 Pline
736 257 761 312 a
779 255 933 324 Trajan.

163 349 311 412 (Quantum
330 349 445 414 collegia
464 351 553 398 omnia
574 351 726 414 respublica
738 367 848 400 romana
858 353 981 413 suspecta
994 349 1129 402 babuerit
1139 375 1168 400 ,-

496 495 499 501 ¹
520 430 547 478 G.
558 429 663 479 Plinius
679 431 814 495 l'raJ'ano.)
1185 499 1188 504 ι

204 535 282 594 Cum
299 536 451 595 diversam
477 544 595 616 partem
615 538 784 616 provinciae
801 537 1006 609 circumirem,
1027 537 1168 610 Nicome·
1181 533 1225 596 4·

162 633 222 692 diae
239 634 449 692 vastissimum
470 633 647 693 incendium
667 634 778 693 multas
797 633 987 714 privatorum
1009 633 1116 691 domos
1138 638 1168 690 et

161 729 225 788 duo
242 729 364 810 publica
383 751 488 810 opera,
502 751 687 811 quamquam
706 731 755 789 via
768 725 981 810 interjacente,
996 725 1168 790 Gerusian*

161 834 193 886 et
213 828 333 900 lseon*,
360 827 541 907 absumpsit.
562 827 617 886 Est
639 837 741 888 autem
766 828 856 887 latius
875 849 1013 907 sparsum
1034 827 1166 907 primum

107 994 109 998 Ι
162 924 309 982 violentia
324 925 420 994 venti,
440 925 550 983 deinde
573 925 682 984 inertia
705 925 881 996 hominum;
899 933 929 984 et
948 924 1085 1004 alioquin
1101 922 1168 981 nul-

161 1021 209 1080 lus
230 1043 358 1102 usquam
371 1023 402 1079 in
421 1021 545 1100 publico
561 1022 660 1100 sipho,
681 1023 764 1081 nulla
780 1024 879 1094 hama,
900 1022 1019 1081 nullum
1035 1021 1168 1100 denique

161 1118 401 1177 instrumentum
418 1119 456 1176 ad
472 1119 614 1178 incendia
630 1119 883 1198 compescenda*.
899 1119 937 1177 Et
954 1120 1020 1177 haec
1031 1117 1165 1198 quidem,

161 1223 196 1274 ut
202 1215 267 1295 jam
281 1217 425 1295 praecepi,
439 1216 640 1294 parabuntur.
660 1215 718 1287 Tu,
739 1217 883 1288 Domine,
898 1215 1015 1296 dispice
1026 1236 1063 1273 an
1081 1214 1169 1272 insli-

160 1313 310 1370 tuendum
329 1317 418 1392 putes
438 1313 624 1390 collegium*
644 1312 813 1384 labrorum,
831 1313 991 1372 dumtaxat
1008 1312 1167 1370 hominum

159 1417 285 1468 centum
305 1409 540 1490 quinquaginta.
569 1410 632 1488 Ego
660 1410 818 1468 attendam
840 1430 878 1468 ne
898 1409 976 1488 quiS,
995 1407 1168 1482 nisi-saber,

159 1507 339 1585 recipiatur,
356 1527 433 1564 neve
441 1507 511 1585 jure
527 1503 673 1591 concesso
687 1507 718 1565 in
730 1507 813 1566 aliud
828 1514 943 1566 utatur.
957 1507 1021 1565 Nec
1036 1505 1094 1565 erit
1108 1505 1169 1582 dil-

164 1603 244 1661 ficile
257 1604 411 1661 custodire
428 1613 496 1682 tam
507 1625 632 1683 paucos

409 1753 578 1824 Reponse
609 1756 653 1812 de
691 1756 919 1824 l’empereur.

429 1841 577 1906 (Trajanus
591 1842 618 1891 G.
632 1842 721 1891 Plinio
734 1843 897 1906 respondet.)

201 1947 270 2006 Tibi
287 1948 413 2028 quidem
429 1948 597 2007 secundum
611 1949 750 2028 exempla
765 1948 970 2028 complurium
989 1948 1019 2007 in
1033 1955 1167 2006 mentem

161 2044 249 2102 venit
267 2064 357 2123 posse
376 2039 542 2122 collegium
560 2045 718 2105 labrorum
738 2045 819 2124 apud
836 2045 1075 2104 Nicomedenses
1094 2064 1168 2104 con·

161 2139 260 2200 stitui.
274 2140 334 2198 Sed
349 2141 580 2200 meminerimus
592 2143 784 2220 provinciam
795 2143 896 2214 islam,
910 2151 940 2200 et
950 2143 1105 2221 praecipue
1117 2161 1168 2200 eas

160 2237 304 2296 civitates
326 2237 480 2317 ejusmodi
500 2238 687 2297 factionibus
705 2259 770 2297 esse
790 2247 923 2298 vexatas.
943 2238 1168 2318 Quodcumque

162 2353 275 2392 nomen
298 2354 335 2392 ex
357 2355 552 2414 quacumque
577 2355 670 2396 causa
689 2335 865 2394 dederimus
887 2335 936 2409 iis,
960 2334 1013 2414 qui
1032 2335 1064 2393 in
1087 2335 1167 2394 idem

157 2431 310 2490 contracti
329 2431 455 2504 fuerint,
476 2431 648 2505 helei-iet,
661 2432 802 2512 quamvis
820 2432 940 2506 breves,
959 2432 1045 2491 fient.
1063 2431 1168 2492 'Salius

160 2527 265 2607 itaque
283 2533 330 2586 est
351 2528 523 2607 comparari
542 2548 663 2608 eaquae
681 2529 720 2588 ad
740 2530 925 2588 coercendos
947 2529 1033 2606 ignes
1053 2528 1168 2587 auxilio

157 2644 226 2682 esse
257 2625 388 2704 possint,
429 2625 651 2704 admonerique
680 2625 823 2684 dominos
855 2625 1040 2705 praediorum
1072 2631 1107 2684 ut
1138 2634 1169 2685 et

161 2721 221 2800 ipsi
243 2720 414 2807 inhibeant,
443 2742 489 2796 ac,
517 2722 542 2782 si
566 2741 615 2781 res
636 2722 824 2803 poposcerit,
849 2743 978 2782 accursu
1001 2721 1108 2802 populi
1129 2723 1167 2782 ad

163 2817 292 2878 hocuti.

191 2940 233 2990 N⁰
245 2939 332 2991 238:
353 2939 526 3000 Gerusian,
539 2927 678 3003 reponetur,
693 2945 751 2991 mot
767 2957 828 3004 grec
851 2957 858 2991 τ
882 2943 935 2990 lieu
959 2943 994 2990 ou
1014 2957 1043 2991 se
1064 2911 1169 2991 reunia·

158 3003 248 3049 saient
274 3001 314 3049 les
342 3003 469 3064 Anoiens,
494 3003 578 3052 senat.
603 3004 756 3064 -Iseon,
777 3004 876 3067 temple
904 3003 990 3053 d’lsis,
1020 3031 1050 3040 —
1077 3004 1168 3054 Com·

161 3064 335 3125 poscenda.
354 3065 378 3112 A
392 3063 485 3124 Rome,
503 3064 542 3112 les
554 3065 637 3112 ediles
646 3065 747 3114 etaient
758 3066 869 3174 charges
881 3067 914 3113 de
925 3067 1065 3114 surveiller
1076 3065 1169 3127 l'orga·

159 3125 279 3174 nisation
292 3125 340 3172 des
353 3140 461 3173 seoours
478 3129 571 3174 contre
590 3126 629 3174 les
648 3128 793 3174 incendies.
838 3143 852 3174 e
870 3129 973 3175 service
995 3128 1061 3176 etait
1082 3127 1168 3176 confit

162 3201 215 3234 aux
234 3185 344 3234 tresviri
365 3188 501 3244 nocturni,
525 3189 569 3249 qui
583 3189 691 3236 avaient
708 3203 771 3236 sous
786 3189 856 3236 leurs
871 3190 964 3236 ordres
981 3192 1042 3237 tout
1058 3205 1094 3236 un
1107 3205 1169 3252 per.

159 3248 255 3295 sonnel
276 3247 449 3311 d'employes.
467 3249 534 3296 Voir
546 3265 580 3297 au
592 3251 697 3312 lexique
712 3250 830 3313 :vigiles
845 3251 916 3298 servi
929 3250 1044 3313 publici.
1058 3279 1089 3286 -
1099 3251 1169 3300 col-

161 3309 291 3372 legium.
320 3309 368 3357 Ces
393 3309 507 3373 collegia
530 3311 639 3373 appeles
669 3313 735 3359 dans
761 3313 799 3359 les
823 3313 998 3373 inscriptions
1026 3312 1168 3375 collegia

161 3371 355 3429 tenuiorum,
376 3371 478 3420 etaient
489 3373 536 3420 des
554 3373 668 3420 societes
682 3375 714 3420 de
725 3388 832 3422 secours
846 3375 860 3420 d
873 3373 970 3435 l'usage
993 3376 1039 3422 des
1053 3375 1167 3422 artisans

158 3436 190 3480 el
207 3434 253 3480 des
289 3433 368 3480 etites
386 3448 459 3495 gens,
474 3433 572 3481 olil'on
590 3436 733 3483 admettait
752 3437 837 3482 meme
861 3437 908 3482 des
926 3437 1045 3484 esclaves
1067 3435 1167 3498 (serra-

160 3493 207 3554 rii,
236 3449 364 3556 fullones,
398 3494 519 3553 linarii,
556 3495 736 3557 mulomedici,
773 3497 843 3558 eto).
880 3497 915 3543 lls
950 3498 1074 3546 devaienl
1110 3500 1167 3546 etro

160 3555 314 3626 approuves
328 3571 376 3617 par
387 3556 403 3602 l'
428 3561 468 3604 tat
481 3571 487 3604 ε
499 3558 571 3605 laute
588 3559 620 3604 de
634 3559 696 3618 quoi
709 3559 742 3606 ils
755 3557 855 3606 etaient
876 3558 980 3617 illicita,
998 3562 1024 3606 et
1043 3561 1167 3620 poursui·

162 3632 204 3664 vis
216 3632 265 3678 par
275 3617 299 3666 la
312 3618 357 3665 loi.
372 3618 441 3665 C'est
453 3633 522 3679 pour
540 3623 611 3666 celle
627 3621 715 3666 raison
738 3634 789 3680 que
809 3619 862 3667 l'on
884 3621 1036 3683 poursuivit
1052 3621 1090 3668 les
1109 3622 1167 3668 affi-

161 3678 212 3726 lies
231 3693 264 3727 au
281 3679 352 3727 culte
370 3681 416 3727 des
429 3680 609 3728 Bacchanales
627 3680 681 3739 (188
695 3697 735 3728 av.
757 3682 846 3744 l.-C.),
860 3685 887 3729 et
900 3682 938 3728 les
969 3683 1078 3729 remiers
1091 3684 1167 3730 chre⁴

165 3741 241 3788 tiens.
264 3768 294 3776 —
313 3741 501 3810 Hetaeriae,
521 3743 698 3790 associatione
718 3744 871 3805 poliliques,
884 3697 1008 3805 appelles
1019 3745 1090 3792 aussi
1112 3744 1168 3806 fac-

163 3801 259 3863 tiones,
274 3802 408 3863 sodalitia,
423 3803 536 3866 collegia
555 3803 659 3852 illicita,
1157 3827 1160 3841 ·

588 3921 746 3970 -241-
