2698 4234
410 135 494 193 396.
512 136 582 192 Sur
593 135 650 196 les
666 134 840 196 vestales

424 234 471 298 (De
481 234 635 298 virginibus
645 233 814 300 vestalibus.)

159 325 218 391 Qui
239 326 277 384 de
294 327 424 386 vestali*
438 329 557 406 virgine
572 328 721 408 capienda
747 327 949 407 seripserunt,
972 346 1124 402 minorem
1140 358 1181 420 4,

119 443 211 502 quam
228 443 325 482 annos
338 445 402 498 sex,
419 426 568 506 majorem
582 446 675 505 quarn
686 446 782 483 annos
796 424 902 500 decem
916 431 1018 483 natam
1034 444 1126 500 nega-

120 521 308 600 verunteapi
322 522 366 580 las
382 541 465 594 esse;
484 523 556 581 item
568 543 638 603 quae
648 522 761 581 nonsit
776 521 907 601 patrima
922 529 953 580 et
965 521 1123 585 maioma:

121 617 195 675 item
213 638 281 697 quae
295 618 398 697 lingua
419 619 512 679 debili
536 640 668 678 sensuve
690 620 809 678 aurium
833 619 1004 691 deminuta,
1027 616 1126 676 aliave

121 734 181 794 qua
205 716 343 794 corporis
366 715 432 774 labe
462 716 627 795 insignita*
658 717 707 776 sit.
740 715 837 793 Virgo
871 721 973 774 autem
1000 712 1127 772 vestalis

121 811 211 869 simul
223 819 269 871 est
283 820 371 891 capta
387 822 479 893 atque
495 814 526 871 in
538 813 649 872 atrium
671 813 794 872 Vestae*
812 812 943 872 deducta
965 818 998 870 et
1023 809 1128 891 ponti-

121 907 230 967 ficibus
247 909 369 981 tradita,
386 931 424 968 eo
436 911 539 984 statim
560 917 698 989 tempore
717 910 782 969 sine
805 908 1068 989 emancipatione*
1092 925 1128 965 ae

122 1005 188 1063 sine
201 1005 312 1085 capitis
327 1007 530 1067 minutionee
548 1008 645 1088 patris
658 1015 811 1087 potestate
827 1006 899 1080 exit,
919 1013 950 1065 et
962 1005 1016 1086 jus
1034 1010 1128 1063 testa-

122 1102 219 1161 menti
245 1103 378 1162 laciendi
407 1105 598 1184 adipiscitur.
630 1106 676 1164 De
704 1125 790 1163 more
815 1104 939 1184 rituque
969 1100 1128 1182 capiendae
1223 1127 1225 1131 ,

122 1199 252 1277 virginis
262 1199 374 1259 litterae
390 1201 514 1281 quidem
530 1201 720 1281 antiquiores
735 1221 796 1260 non
822 1207 955 1260 exstant.
980 1198 1056 1278 Capi
1074 1218 1129 1256 au-

124 1302 186 1354 tem
201 1296 289 1374 virgo
305 1305 467 1377 propterea
485 1297 546 1357 diei
568 1299 702 1371 videtur,
728 1298 803 1377 quia
826 1297 982 1378 pontilicis
1004 1293 1129 1354 maximi

125 1413 217 1452 manu
235 1394 399 1473 prehensa
417 1395 505 1454 abeo
520 1396 702 1475 parentoin
718 1395 808 1476 eujus
837 1402 991 1475 potestate
1010 1400 1067 1467 est,
1079 1411 1130 1450 ve-

126 1488 181 1547 luti
198 1489 278 1550 bello
293 1498 383 1571 capta
399 1491 572 1552 abducitur.
595 1493 629 1550 ln
649 1492 728 1551 libro
747 1491 848 1572 primo
871 1491 965 1550 Fabii
986 1483 1128 1559 Pictoris,

126 1606 195 1664 quae
212 1588 305 1646 verba
317 1588 496 1668 pontificem
511 1589 677 1648 maximum
694 1589 795 1648 dicere
813 1593 966 1668 oporteat,
982 1605 1052 1646 eum
1070 1585 1132 1643 vir-

127 1683 229 1760 ginem
248 1686 341 1764 capit,
358 1686 577 1765 scriptumest.
600 1686 640 1744 Ea
662 1686 755 1744 verba
781 1685 847 1744 haec
869 1689 963 1745 sunt:
989 1708 1003 1738 «
1027 1684 1134 1741 Sacer·

108 1795 109 1798 ’
127 1779 231 1839 dotem
241 1782 392 1841 vestalem
407 1784 496 1864 quae*
511 1803 596 1842 sacra
612 1783 705 1842 faciat
717 1784 806 1862 quae*
818 1783 909 1863 jons*
921 1782 979 1840 siet
993 1779 1133 1840 sacerdo-

129 1884 189 1934 tem
205 1879 353 1938 vestalem
368 1879 467 1938 facere
486 1901 542 1959 pro
562 1881 676 1961 popolo
698 1900 826 1944 romano
855 1865 1028 1959 quiritium,
1053 1879 1134 1936 utei'

129 1979 218 2052 quae*
236 1983 363 2055 optuma
385 1977 451 2055 lege
465 1976 572 2052 lovit',
595 1977 637 2037 ita
664 1985 705 2050 te,
727 1979 848 2048 Amata,
874 1976 962 2055 capio
979 2001 1005 2035 n.
1022 1977 1133 2037 Amata
1189 1997 1195 2008 ·

132 2072 212 2129 inter
227 2073 411 2151 capiendum
428 2095 443 2132 a
460 2075 605 2154 pontifice
627 2075 761 2134 maximo
783 2073 965 2160 appellatur,
988 2075 1133 2153 quoniam

132 2189 200 2248 quae
215 2170 312 2249 prima
330 2179 420 2250 capta
436 2179 482 2230 est
497 2172 555 2230 hoc
569 2172 661 2230 luisse
676 2171 799 2230 nomine
814 2169 961 2229 traditum
976 2176 1033 2229 est.
1104 2191 1107 2195 ·

161 2284 203 2333 ΙΨ
215 2283 281 2335 396
300 2285 456 2335 :Vestali
472 2286 520 2332 Les
533 2286 656 2336 vestales.
673 2301 707 2332 ou
728 2287 874 2346 pretresses
888 2285 920 2332 de
939 2285 1030 2344 Vesta,
1049 2286 1134 2346 prises

135 2347 198 2392 dans
211 2346 249 2393 les
259 2347 318 2407 plus
330 2347 423 2393 nobles
435 2348 557 2405 tanrilles,
571 2347 672 2394 etaient
689 2347 814 2407 chargees
831 2347 864 2394 de
881 2345 1029 2394 l'entretien
1044 2347 1080 2394 du
1090 2348 1134 2394 feu

133 2407 205 2455 saort·
218 2407 273 2468 (qui
287 2423 319 2455 ne
332 2408 390 2455 doit
399 2409 495 2468 jamais
508 2407 648 2456 s’eteindre
664 2424 709 2454 sur
725 2409 749 2455 le
766 2409 843 2470 foyer
860 2409 896 2454 du
913 2408 1009 2470 peuple
1023 2409 1134 2468 romain)

132 2469 198 2516 dans
208 2468 326 2516 latrium
339 2470 372 2516 de
388 2471 411 2517 la
425 2471 524 2518 deesse.
538 2470 557 2517 ll
611 2473 656 2517 eut
678 2475 772 2531 quatre
790 2470 904 2517 vestales
924 2485 987 2516 sous
1005 2470 1134 2516 Romulus

132 2533 159 2578 et
172 2531 266 2588 Numa,
281 2533 321 2578 six
332 2531 426 2592 depuis
440 2531 547 2579 Servius
561 2532 670 2579 lullius.
685 2533 756 2579 Elles
769 2532 869 2579 etaient
879 2535 973 2579 tenues
985 2546 1018 2578 au
1030 2547 1093 2578 voeu,
1102 2533 1134 2578 de

132 2592 261 2652 christete,
276 2595 303 2640 et
332 2593 418 2640 laedes
431 2608 493 2640 sous
505 2593 635 2640 l'autoritd
647 2594 681 2639 du
693 2593 815 2655 pontifex
827 2593 967 2652 mamimus,
981 2607 1083 2640 comme
1095 2593 1134 2640 les

133 2654 269 2702 lillessous
282 2608 347 2701 celle
360 2656 395 2701 du
409 2656 469 2716 pere
483 2657 515 2702 de
528 2656 633 2702 tamille.
649 2656 752 2702 Laisser
764 2655 882 2702 dteindre
899 2656 923 2703 le
936 2656 979 2702 feu
992 2670 1041 2716 par
1052 2654 1135 2716 ndgli-

132 2730 214 2777 genoe
232 2715 299 2763 etait
317 2731 368 2763 une
384 2717 460 2777 peine
480 2718 559 2778 punio
580 2718 614 2764 du
634 2717 722 2776 louet;
740 2718 762 2765 si
776 2716 935 2778 quelqu'une
952 2717 1090 2777 manquait
1101 2731 1135 2763 au

133 2793 195 2824 voeu
208 2778 240 2824 de
253 2778 381 2835 chastetd,
394 2778 443 2825 elle
456 2779 521 2825 etan
532 2778 650 2826 enterree
664 2779 733 2826 vive.
746 2781 788 2826 A'u
802 2781 920 2826 moment
932 2779 964 2826 de
979 2779 1093 2840 prendre
1110 2778 1135 2825 le

133 2839 204 2886 voile
214 2843 241 2886 et
253 2840 285 2886 de
302 2839 408 2886 ceindre
428 2841 466 2887 les
485 2841 660 2890 bandelettes.
682 2842 720 2887 les
739 2840 853 2888 vestales
874 2841 1060 2888 consacraient
1078 2840 1135 2886 leur

132 2901 274 2948 chevelure
299 2903 312 2948 d
332 2901 423 2948 Vesta.
442 2929 469 2936 —
489 2901 673 2963 Insignita:
695 2905 770 2950 toute
787 2901 913 2949 insumite
930 2902 996 2950 etait
1012 2917 1080 2963 pour
1096 2902 1135 2949 les

133 2962 241 3009 enciens
254 2978 305 3010 une
318 2978 426 3024 marque
439 2965 472 3010 de
487 2964 615 3011 delaveur
633 2965 730 3024 aupres
745 2965 792 3011 des
812 2964 899 3012 dieux.
912 2990 940 2998 —
957 2965 1097 3013 Vestae:
1111 2963 1135 3011 le

133 3025 231 3085 temple
244 3025 276 3071 de
297 3024 386 3082 Vesta,
407 3026 539 3073 construit
554 3041 602 3087 par
619 3026 713 3083 Numa,
727 3025 848 3072 incendie'
861 3029 888 3072 et
899 3026 1061 3073 reconstruit
1075 3026 1135 3086 plu—

133 3087 218 3133 sieurs
229 3085 288 3145 fois,
303 3099 365 3133 sous
378 3087 401 3134 le
418 3087 584 3148 deublique
593 3091 620 3134 et
629 3102 692 3134 sous
704 3086 828 3148 l'Empire
839 3087 957 3149 (Neron),
970 3087 1076 3134 resume
1087 3102 1136 3149 par

133 3148 204 3194 Julia
219 3148 331 3206 Domna,
349 3149 443 3195 lemme
457 3150 488 3195 de
511 3149 628 3210 Septime
642 3148 748 3206 Severe,
766 3149 832 3196 ‹itait
846 3150 878 3195 de
895 3150 979 3196 forme
996 3149 1134 3196 circulaire

133 3224 237 3255 romine
247 3210 270 3256 le
285 3210 310 3256 fo
332 3210 404 3257 erdo
418 3210 440 3257 la
460 3209 562 3259 deesse.
577 3211 597 3258 ll
617 3225 644 3257 se
663 3211 782 3257 trouvait
800 3226 846 3257 sur
862 3211 885 3257 le
905 3212 1000 3271 forum,
1040 3211 1081 3257 res
1098 3212 1134 3258 du

32 3337 39 3350 Ι
134 3272 233 3331 temple
251 3273 284 3348 de
326 3275 406 3319 nslor.
427 3299 456 3306 -
476 3271 754 3351 Emancipatione.
774 3270 999 3343 t'dniancipation
1016 3226 1083 3342 dieii
1099 3287 1134 3319 un

134 3347 198 3442 132?
199 3333 551 3456 ininitlzttltlltlss
560 3333 638 3442 ilia}
649 3333 852 3443 alliditur
868 3334 1134 3457 littae-iltutus

133 3457 185 3503 lois
197 3472 243 3518 pur
256 3472 303 3503 son
317 3458 379 3518 pere
390 3458 527 3504 rinnautre
540 3458 655 3519 citoyen.
664 3459 686 3504 A
696 3457 719 3503 la
733 3458 867 3504 troisieme
881 3462 968 3514 vente,
980 3456 1134 3520 l'dmancipe

58 3567 60 3573 ,
133 3519 232 3567 entrait
251 3533 282 3566 en
301 3520 389 3580 pleine
408 3519 558 3578 possession
572 3520 604 3566 de
624 3533 666 3566 ses
683 3520 768 3566 droits
780 3519 864 3566 civils.
880 3519 1083 3580 L'emuueipatio
1095 3524 1136 3568 est

134 3581 256 3641 touJ'ours
266 3595 317 3628 une
332 3580 475 3628 diminutio
487 3580 581 3643 eapitis
594 3579 724 3642 (minima)
756 3595 805 3632 our
821 3578 984 3642 remancipe,
998 3581 1043 3642 qui
1061 3597 1135 3630 cesse

134 3641 217 3689 d'etre
229 3640 355 3690 l’heritier
371 3643 474 3689 naturel
492 3642 525 3690 de
545 3655 596 3691 son
607 3643 679 3704 pere.
693 3668 723 3677 -
735 3595 823 3704 guae,
840 3657 869 3689 se
886 3646 1010 3703 rapporte
1023 3644 1036 3689 a
1048 3646 1135 3692 westa-

135 3703 196 3753 lem.
214 3731 244 3738 -
257 3705 344 3764 Quae,
357 3718 385 3752 se
401 3705 548 3766 rapported
559 3718 642 3752 saera.
655 3730 684 3739 -
694 3704 777 3754 Jous
799 3705 941 3765 archaique
961 3719 1029 3766 pour
1037 3721 1093 3768 Jus.
1105 3734 1135 3741 —

135 3764 212 3814 usai
223 3785 252 3807 =
262 3765 309 3842 uo²
325 3769 361 3813 ui.
376 3793 405 3800 -
419 3767 498 3826 Quae
511 3765 646 3829 (restans).
662 3792 693 3802 -
709 3741 805 3816 Fovit
818 3780 824 3814 :
836 3766 947 3815 auusron
961 3765 1133 3816 annocum

134 3829 224 3930 dullidJ
233 3842 343 3942 yiddlldue
363 3889 399 3931 des
414 3889 522 3931 Romano
1083 3893 1109 3933 21>

589 3943 746 3993 -399-

1261 590 1264 595 ¹
