2698 4242
150 181 210 238 24.
231 179 397 238 L’armee
415 182 578 256 romanae
595 195 708 250 passe
725 195 813 240 sous
826 183 860 238 le
872 182 965 253 Joug
977 195 1053 240 aux

396 271 588 327 Fourehes
608 270 803 328 caudines.
919 270 922 283 '

92 375 240 434 (Romanus
256 373 390 422 exercitus
406 375 477 436 apud
489 373 612 436 furculas
627 374 761 423 Caudinas
772 374 823 423 sub
834 375 952 438 jugum*
967 373 1105 437 mittitur.)

132 498 250 556 Primi*
266 497 408 556 consules
424 519 519 577 prope
532 498 705 556 seminudi*
721 498 779 557 sub
788 498 896 576 jugum
910 499 994 557 missi
1006 520 1013 572 3
1026 507 1103 570 tum,
1114 486 1163 602 ”4⁸

94 596 273 674 utquisque
288 594 385 672 gradu
404 596 561 674 proximus
585 603 661 665 erat,
687 595 729 654 ita
747 596 924 672 ignominiae
945 596 1103 675 objectus3

93 701 159 751 tum
192 693 361 771 deinceps*
390 692 518 768 singulae
543 692 690 768 legiones.
718 691 969 751 Circumstabant
994 693 1105 754 armati

93 789 209 856 hostes,
227 789 448 867 exprobrantes
472 788 704 868 eludentesque‚
727 789 820 866 gladii
840 790 932 848 etiam
950 790 1105 870 plerisque
1153 811 1157 820 ’

93 887 238 945 intentati
256 893 309 946 :et
326 885 479 944 vulnerati
496 886 619 964 quidam
638 886 809 966 uocatique,
828 887 853 943 si
869 887 974 946 vultus
997 908 1104 946 eorum

92 983 301 1060 indignitate*
315 1003 416 1040 rerum
434 983 552 1040 aerior*
570 983 719 1040 victorem
739 982 949 1042 offendisset*.
978 985 1024 1042 lta
1042 991 1106 1041 tra-

91 1081 177 1139 ducti
194 1080 252 1137 sub
262 1079 385 1158 jugum,
402 1087 443 1152 et,
461 1079 544 1160 quod
563 1100 650 1158 paene
666 1080 792 1156 gravius
806 1087 883 1152 erat,
901 1101 956 1158 per
972 1081 1105 1140 hostium

91 1177 200 1236 oculos
234 1197 304 1234 eum
341 1197 356 1234 e
390 1177 473 1236 saltu.
505 1177 783 1248 evasissentsetsi,
814 1176 901 1235 velut
929 1177 967 1235 ab
996 1177 1106 1235 inieris

93 1273 235 1343 extracti,
257 1281 321 1332 tum
347 1274 480 1352 primum
504 1273 601 1331 lucem
628 1273 786 1352 adspicere
810 1274 867 1331 visi
890 1282 972 1345 sunt,
1002 1281 1106 1332 tamen

93 1374 158 1451 ipsa
174 1371 228 1428 lux
244 1371 285 1429 ita
306 1370 443 1429 deforme
455 1370 648 1430 intuentibus
660 1391 769 1448 agmen
783 1371 865 1428 omni
879 1380 977 1429 morte
990 1371 1108 1429 tristior

94 1469 162 1527 luit.
182 1469 304 1546 ltaque,
321 1488 391 1525 eum
407 1475 478 1530 ante
495 1475 615 1526 noctem
634 1467 770 1546 Capuam
787 1469 949 1546 pervenire
966 1475 1104 1546 possent,

94 1566 205 1624 incerti
219 1565 255 1622 de
269 1564 328 1622 fide
341 1565 352 1588 *
368 1564 532 1634 sociorum,
546 1573 576 1622 et
588 1564 671 1642 quod
683 1564 783 1644 pudor
792 1564 1012 1644 praepediebat,
1025 1565 1106 1623 circa
1132 1557 1134 1563 ¹

97 1665 179 1721 viam
205 1661 287 1719 haud
313 1661 421 1740 procul
447 1661 553 1740 Capua
577 1661 715 1718 omnium
744 1661 832 1739 egeni
866 1682 994 1740 corpora
1021 1661 1107 1720 humi

94 1765 346 1838 prostraverunt.
372 1757 461 1824 Quod
482 1758 534 1816 ubi
557 1766 603 1816 est
626 1757 762 1837 Capuam
779 1759 967 1829 nuntiatum,
992 1759 1108 1817 evincit

94 1856 255 1914 miseratio
281 1855 364 1933 justa
392 1855 547 1913 sociorum
577 1855 752 1934 superbiam
788 1855 956 1933 ingenitam
974 1856 1107 1934 Campa-

16 1965 17 1970 ’
95 1954 152 2012 nis,
190 1951 365 2010 Confestim
403 1952 536 2029 insignia
568 1973 622 2010 sua
658 1951 848 2023 consulibus,
885 1951 991 2023 fasces,
1020 1952 1107 2010 lieto-

97 2068 169 2122 res;
211 2069 309 2120 arma,
351 2069 458 2128 equos,
501 2050 696 2116 vestimenta,
734 2057 923 2107 commeatus
958 2049 1107 2108 militibus

96 2147 232 2223 benigne
248 2146 395 2215 mittunt3
415 2153 445 2204 et
464 2146 662 2204 venientibus
682 2146 819 2224 Capuam
837 2153 968 2204 cunctus
982 2153 1107 2205 senatus

94 2243 296 2323 populusque
308 2242 430 2300 obviam
447 2263 597 2319 egressus
613 2242 724 2320 justis*
735 2242 878 2300 omnibus
889 2242 1105 2322 hospitalibus

97 2339 293 2420 privatisque
310 2346 340 2397 et
353 2339 485 2418 puhlicis
499 2339 639 2416 iungitur
651 2340 769 2399 officiis

124 2481 166 2531 ΙΨ
178 2480 224 2530 24
235 2493 241 2527 :
254 2480 386 2541 Jugum.
401 2481 437 2527 Le
450 2480 516 2542 joug
533 2479 676 2527 consistait
695 2495 727 2526 en
748 2481 819 2528 deux
840 2481 936 2542 piques
954 2480 1051 2528 nchees
1073 2496 1106 2529 en

94 2549 164 2591 terre
184 2556 249 2589 avec
266 2556 318 2588 une
333 2542 470 2588 troisieme
493 2542 616 2589 attachde
639 2544 894 2590 transversalement
915 2544 929 2590 a
949 2544 1006 2590 leur
1021 2543 1107 2590 extre-

93 2605 158 2652 mitt
173 2603 336 2662 supe'rieure.
344 2602 489 2652 -Primt
497 2604 546 2652 Les
557 2603 816 2651 Roniainsvenaieut
827 2604 1107 2666 (324ldecommencer

93 2666 263 2714 latroisieme
276 2679 369 2722 guerre
377 2664 490 2712 samnite
500 2666 548 2724 (les
561 2669 631 2711 deux
644 2667 788 2726 premieres
801 2666 908 2713 avaient
918 2667 1010 2713 eulieu
1018 2682 1050 2713 en
1059 2669 1105 2713 343

93 2730 119 2776 et
132 2743 165 2775 en
180 2728 249 2784 32'il;
263 2727 297 2773 ils
311 2725 419 2773 avaient
431 2727 543 2787 conquis
552 2727 576 2772 la
587 2726 740 2784 Cainpanie,
755 2730 781 2774 et
796 2728 962 2783 menaeaient
978 2727 1104 2789 l‘ApuHe,

93 2792 202 2851 lorsque
216 2787 440 2849 l'imprdvoyance
453 2789 500 2834 des
514 2788 624 2834 consuls
639 2788 765 2835 Calvinus
778 2792 806 2835 et
816 2788 969 2836 Postumius
979 2790 1016 2836 les
1029 2804 1107 2852 enga-

93 2867 141 2912 gea
161 2851 228 2896 dans
239 2850 277 2896 les
291 2849 383 2920 ddlilds
399 2851 445 2896 des
459 2850 593 2920 Fourelies
608 2849 741 2896 Caudines
760 2850 844 2909 (entre
865 2850 972 2920 Capoue
992 2854 1019 2898 et
1036 2851 1104 2898 Cau-

92 2912 188 2972 dium),
205 2913 239 2958 ou
253 2911 285 2957 ils
296 2911 418 2958 subirent
428 2911 614 2958 l'humiliation
628 2912 661 2956 de
677 2926 770 2972 passer
782 2926 845 2958 sous
863 2912 886 2958 le
899 2927 973 2973 Joug.
988 2913 1023 2960 Le
1038 2913 1106 2960 reicit

95 2977 126 3021 de
145 2977 218 3021 cette
233 2973 401 3020 ddsastreuse
420 2987 565 3033 carnpegne
585 2976 626 3019 est
645 2987 680 3018 un
698 2973 745 3019 des
767 2973 827 3033 plus
847 2973 1002 3021 saisissants
1023 2973 1106 3036 qu'ait

95 3035 190 3084 luisses
202 3035 346 3082 Tite-Live.
362 3034 436 3081 Dans
450 3049 497 3081 son
512 3033 596 3088 Esset,
607 3034 688 3080 Taine
701 3031 819 3080 l'admire
832 3033 932 3096 tl'egal
945 3036 980 3083 du
993 3051 1106 3098 passage

94 3099 141 3145 des
159 3097 244 3157 Alpes
267 3097 342 3143 etde
365 3096 390 3142 la
406 3100 477 3143 mort
498 3097 531 3142 de
554 3096 679 3142 Luerece.
703 3123 731 3130 —
748 3095 924 3145 Seminudi.
951 3096 991 3144 On
1017 3098 1106 3145 leura

94 3157 190 3206 enlevd
208 3159 279 3205 leurs
295 3157 403 3204 lieleurs
417 3162 444 3204 et
455 3157 511 3204 leur
522 3157 747 3220 paludamentum
760 3159 906 3213 (vetement
919 3159 1043 3206 militaire
1054 3174 1106 3220 que

96 3222 135 3268 les
147 3219 282 3281 generauit
295 3221 322 3266 et
346 3218 384 3266 les
406 3219 520 3266 officiers
544 3219 698 3280 supdrieurs
721 3221 856 3280 porteient
872 3221 1029 3280 par-dessus
1048 3222 1107 3268 leur

95 3281 221 3389 armum}
236 3307 268 3351 '’.
276 3280 447 3341 Deinceps.
461 3280 567 3354 modilia
581 3280 713 3342 singulae.
726 3308 756 3350 '.
768 3280 970 3351 Indignitate
982 3301 1014 3324 =
1025 3297 1106 3352 prop-

97 3346 138 3391 ter
158 3358 187 3390 in
209 3343 360 3406 equitatem.
382 3368 409 3376 -
432 3341 551 3391 Acrior
569 3343 660 3404 (quem
685 3343 713 3387 ut
739 3342 765 3388 id
783 3345 899 3390 uictores
911 3357 941 3389 ae
964 3357 997 3391 uo
1015 3358 1105 3391 aninio

95 3404 219 3466 l'errent).
235 3403 490 3460 -offendissea
510 3403 658 3462 subjunctis
671 3403 868 3464 dere'pdtition.
892 3431 921 3438 —
966 3404 1027 3454 ide.
1049 3406 1105 3468 Ily

97 3467 171 3536 avait
187 3466 254 3513 dans
274 3465 378 3536 chaque
392 3465 456 3536 ville
480 3480 516 3512 un
534 3466 603 3536 parti
621 3465 725 3512 ennemi
746 3466 792 3513 des
815 3465 958 3524 Romains;
973 3465 1063 3515 c'ttait
1081 3467 1105 3514 le

97 3532 166 3590 parti
186 3527 396 3588 demoratique,
408 3541 453 3588 qui
472 3530 559 3574 aui-aii
576 3542 613 3588 pu
626 3527 723 3573 fermer
737 3526 775 3574 les
792 3531 884 3588 portes
898 3542 950 3574 aux
967 3527 1104 3576 Romains.

99 3617 126 3625 -
138 3591 160 3640 ,Ι
163 3588 257 3646 ustis,
267 3588 363 3651 pluriel
374 3592 476 3645 uentre,
487 3587 639 3659 equivauta
652 3603 704 3648 peu
716 3589 777 3649 pres
791 3589 805 3636 a
818 3588 921 3697 officiis.
934 3589 1073 3636 Tite-Live
1090 3606 1106 3638 a

100 3649 300 3712 noteplushaut
312 3665 347 3696 un
357 3654 529 3697 mouvement
541 3650 573 3697 de
602 3649 647 3697 atie
660 3653 721 3698 tout
729 3651 832 3697 sembla
854 3651 877 3696 le
886 3651 948 3697 ehez
955 3651 992 3698 les
1003 3653 1105 3699 soldats

98 3712 215 3759 romains
227 3713 281 3820 gui,
292 3711 371 3773 apres
386 3712 463 3758 avoir
473 3665 656 3758 mauditleurs
671 3711 812 3770 genereus,
827 3713 866 3759 les
879 3713 1015 3773 plaignent
1026 3728 1058 3759 en
1067 3714 1105 3760 les

99 3773 231 3882 doyilltd
249 3773 360 3897 parntes.
372 3771 449 3835 (Voir
461 3773 486 3820 la
502 3776 536 3819 1²·
549 3776 612 3820 note
627 3773 659 3819 de
675 3773 700 3819 la
714 3774 820 3821 version
836 3779 864 3820 32
883 3789 929 3821 sur
947 3773 971 3821 le
993 3789 1105 3836 passage

118 3851 144 3882 es
195 3850 248 3895 pes.
