<?xml version="1.0" encoding="UTF-8"?>
<!DOCTYPE html PUBLIC "-//W3C//DTD XHTML 1.0 Transitional//EN"
    "http://www.w3.org/TR/xhtml1/DTD/xhtml1-transitional.dtd">
<html xmlns="http://www.w3.org/1999/xhtml" xml:lang="en" lang="en">
 <head>
  <title>
</title>
<meta http-equiv="Content-Type" content="text/html;charset=utf-8" />
  <meta name='ocr-system' content='tesseract 3.04.00' />
  <meta name='ocr-capabilities' content='ocr_page ocr_carea ocr_par ocr_line ocrx_word'/>
</head>
<body>
  <div class='ocr_page' id='page_1' title='image "./depublicaprivat01arnagoog_0186.png"; bbox 0 0 2696 4244; ppageno 0'>
   <div class='ocr_carea' id='block_1_1' title="bbox 178 184 1046 356">
    <p class='ocr_par' dir='ltr' id='par_1_1' title="bbox 178 184 1046 356">
     <span class='ocr_line' id='line_1_1' title="bbox 178 184 1046 258; baseline -0.009 -11"><span class='ocrx_word' id='word_1_1' title='bbox 178 191 258 249; x_wconf 81' lang='lat'><strong>138.</strong></span> <span class='ocrx_word' id='word_1_2' title='bbox 274 191 345 248; x_wconf 83' lang='lat' dir='ltr'>Les</span> <span class='ocrx_word' id='word_1_3' title='bbox 362 190 524 247; x_wconf 82' lang='lat' dir='ltr'>officiers</span> <span class='ocrx_word' id='word_1_4' title='bbox 539 191 583 246; x_wconf 86' lang='lat' dir='ltr'>de</span> <span class='ocrx_word' id='word_1_5' title='bbox 598 189 638 246; x_wconf 89' lang='lat' dir='ltr'>la</span> <span class='ocrx_word' id='word_1_6' title='bbox 652 186 788 258; x_wconf 78' lang='lat' dir='ltr'>Le&#39;gion</span> <span class='ocrx_word' id='word_1_7' title='bbox 802 184 1005 244; x_wconf 80' lang='lat' dir='ltr'>thebeenne</span> <span class='ocrx_word' id='word_1_8' title='bbox 1021 188 1046 240; x_wconf 85' lang='lat' dir='ltr'>a</span> 
     </span>
     <span class='ocr_line' id='line_1_2' title="bbox 388 284 828 356; baseline -0.011 -13"><span class='ocrx_word' id='word_1_9' title='bbox 388 288 606 356; x_wconf 85' lang='lat' dir='ltr'>l’empereur</span> <span class='ocrx_word' id='word_1_10' title='bbox 619 284 828 342; x_wconf 83' lang='lat' dir='ltr'>Maximien.</span> 
     </span>
    </p>
   </div>
   <div class='ocr_carea' id='block_1_2' title="bbox 107 391 1113 466">
    <p class='ocr_par' dir='ltr' id='par_1_2' title="bbox 107 391 1113 466">
     <span class='ocr_line' id='line_1_3' title="bbox 107 391 1113 466; baseline -0.014 -14"><span class='ocrx_word' id='word_1_11' title='bbox 107 399 250 466; x_wconf 64' lang='lat' dir='ltr'>(Legioni’</span> <span class='ocrx_word' id='word_1_12' title='bbox 263 399 372 449; x_wconf 80' lang='lat' dir='ltr'>thehaeae</span> <span class='ocrx_word' id='word_1_13' title='bbox 389 400 601 465; x_wconf 65' lang='lat' dir='ltr'>prepositorum</span> <span class='ocrx_word' id='word_1_14' title='bbox 620 398 781 447; x_wconf 66' lang='lat' dir='ltr'>Maximiano</span> <span class='ocrx_word' id='word_1_15' title='bbox 801 395 959 460; x_wconf 80' lang='lat' dir='ltr'>imperatori</span> <span class='ocrx_word' id='word_1_16' title='bbox 978 391 1113 457; x_wconf 81' lang='lat' dir='ltr'>epistula.)</span> 
     </span>
    </p>
   </div>
   <div class='ocr_carea' id='block_1_3' title="bbox 4 555 1170 2494">
    <p class='ocr_par' dir='ltr' id='par_1_3' title="bbox 103 555 1170 844">
     <span class='ocr_line' id='line_1_4' title="bbox 149 555 1170 650; baseline -0.006 -26"><span class='ocrx_word' id='word_1_17' title='bbox 149 594 163 625; x_wconf 92' lang='lat'>«</span> <span class='ocrx_word' id='word_1_18' title='bbox 180 569 297 629; x_wconf 78' lang='lat' dir='ltr'><strong>Milites</strong></span> <span class='ocrx_word' id='word_1_19' title='bbox 313 590 432 640; x_wconf 93' lang='lat' dir='ltr'>sumus,</span> <span class='ocrx_word' id='word_1_20' title='bbox 451 570 628 650; x_wconf 89' lang='lat' dir='ltr'>imperator,</span> <span class='ocrx_word' id='word_1_21' title='bbox 644 568 705 638; x_wconf 88' lang='lat' dir='ltr'>tui;</span> <span class='ocrx_word' id='word_1_22' title='bbox 724 567 775 626; x_wconf 86' lang='lat' dir='ltr'>sed</span> <span class='ocrx_word' id='word_1_23' title='bbox 788 574 890 626; x_wconf 86' lang='lat' dir='ltr'>tamen</span> <span class='ocrx_word' id='word_1_24' title='bbox 901 563 1013 634; x_wconf 84' lang='lat' dir='ltr'>servi*,</span> <span class='ocrx_word' id='word_1_25' title='bbox 1031 559 1114 642; x_wconf 91' lang='lat' dir='ltr'>quod</span> <span class='ocrx_word' id='word_1_26' title='bbox 1128 555 1170 618; x_wconf 73' lang='lat'>4⁹</span> 
     </span>
     <span class='ocr_line' id='line_1_5' title="bbox 104 658 1114 736; baseline -0.012 -10"><span class='ocrx_word' id='word_1_27' title='bbox 104 667 203 726; x_wconf 87' lang='lat' dir='ltr'>libere</span> <span class='ocrx_word' id='word_1_28' title='bbox 220 668 415 736; x_wconf 87' lang='lat' dir='ltr'>confitemur,</span> <span class='ocrx_word' id='word_1_29' title='bbox 435 667 504 725; x_wconf 90' lang='lat' dir='ltr'>Dei.</span> <span class='ocrx_word' id='word_1_30' title='bbox 529 666 597 724; x_wconf 90' lang='lat' dir='ltr'>Tibi</span> <span class='ocrx_word' id='word_1_31' title='bbox 617 665 758 724; x_wconf 89' lang='lat' dir='ltr'>militiam</span> <span class='ocrx_word' id='word_1_32' title='bbox 777 663 935 730; x_wconf 85' lang='lat' dir='ltr'>debemus,</span> <span class='ocrx_word' id='word_1_33' title='bbox 959 660 1002 717; x_wconf 91' lang='lat' dir='ltr'>illi</span> <span class='ocrx_word' id='word_1_34' title='bbox 1026 658 1114 715; x_wconf 92' lang='lat' dir='ltr'>inno-</span> 
     </span>
     <span class='ocr_line' id='line_1_6' title="bbox 103 754 1114 844; baseline -0.013 -20"><span class='ocrx_word' id='word_1_35' title='bbox 103 764 258 835; x_wconf 82' lang='lat' dir='ltr'>centiam3</span> <span class='ocrx_word' id='word_1_36' title='bbox 275 771 334 822; x_wconf 87' lang='lat' dir='ltr'>ate</span> <span class='ocrx_word' id='word_1_37' title='bbox 351 764 540 844; x_wconf 88' lang='lat' dir='ltr'><strong>stipendium</strong></span> <span class='ocrx_word' id='word_1_38' title='bbox 565 762 679 821; x_wconf 85' lang='lat' dir='ltr'>laboris</span> <span class='ocrx_word' id='word_1_39' title='bbox 708 761 893 841; x_wconf 87' lang='lat' dir='ltr'>accepimus,</span> <span class='ocrx_word' id='word_1_40' title='bbox 910 756 1015 831; x_wconf 80' lang='lat' dir='ltr'>abillo</span> <span class='ocrx_word' id='word_1_41' title='bbox 1041 754 1114 812; x_wconf 87' lang='lat' dir='ltr'>vitae</span> 
     </span>
    </p>

    <p class='ocr_par' dir='ltr' id='par_1_4' title="bbox 8 855 1116 1039">
     <span class='ocr_line' id='line_1_7' title="bbox 8 855 1115 942; baseline -0.012 -21"><span class='ocrx_word' id='word_1_42' title='bbox 8 899 9 940; x_wconf 48' lang='lat'>3</span> <span class='ocrx_word' id='word_1_43' title='bbox 103 861 267 920; x_wconf 85' lang='lat' dir='ltr'>exordium</span> <span class='ocrx_word' id='word_1_44' title='bbox 284 862 480 942; x_wconf 78' lang='lat' dir='ltr'>sumpsimus,</span> <span class='ocrx_word' id='word_1_45' title='bbox 501 861 593 941; x_wconf 88' lang='lat' dir='ltr'>Sequi</span> <span class='ocrx_word' id='word_1_46' title='bbox 605 869 635 918; x_wconf 91' lang='lat' dir='ltr'>te</span> <span class='ocrx_word' id='word_1_47' title='bbox 654 859 871 939; x_wconf 83' lang='lat' dir='ltr'>imperatorem</span> <span class='ocrx_word' id='word_1_48' title='bbox 884 857 915 914; x_wconf 91' lang='lat' dir='ltr'>iu</span> <span class='ocrx_word' id='word_1_49' title='bbox 931 855 989 913; x_wconf 93' lang='lat' dir='ltr'>hoc</span> <span class='ocrx_word' id='word_1_50' title='bbox 1000 870 1115 931; x_wconf 89' lang='lat' dir='ltr'>nequa·</span> 
     </span>
     <span class='ocr_line' id='line_1_8' title="bbox 102 953 1116 1039; baseline -0.011 -20"><span class='ocrx_word' id='word_1_51' title='bbox 102 979 199 1039; x_wconf 88' lang='lat' dir='ltr'>quam</span> <span class='ocrx_word' id='word_1_52' title='bbox 213 979 388 1038; x_wconf 88' lang='lat' dir='ltr'>possumus,</span> <span class='ocrx_word' id='word_1_53' title='bbox 401 965 600 1017; x_wconf 89' lang='lat' dir='ltr'>utauctorem</span> <span class='ocrx_word' id='word_1_54' title='bbox 616 977 761 1036; x_wconf 85' lang='lat' dir='ltr'>negemus</span> <span class='ocrx_word' id='word_1_55' title='bbox 770 956 882 1026; x_wconf 88' lang='lat' dir='ltr'>Deum,</span> <span class='ocrx_word' id='word_1_56' title='bbox 894 953 1001 1032; x_wconf 89' lang='lat' dir='ltr'>utique</span> <span class='ocrx_word' id='word_1_57' title='bbox 1011 955 1116 1008; x_wconf 89' lang='lat' dir='ltr'>aucto·</span> 
     </span>
    </p>

    <p class='ocr_par' dir='ltr' id='par_1_5' title="bbox 8 1046 1113 1126">
     <span class='ocr_line' id='line_1_9' title="bbox 8 1046 1113 1126; baseline -0.01 -12"><span class='ocrx_word' id='word_1_58' title='bbox 8 1083 9 1122; x_wconf 61' lang='grc' dir='ltr'><em>ὴ</em></span> <span class='ocrx_word' id='word_1_59' title='bbox 102 1075 171 1115; x_wconf 90' lang='lat' dir='ltr'>rem</span> <span class='ocrx_word' id='word_1_60' title='bbox 187 1063 329 1114; x_wconf 91' lang='lat' dir='ltr'>nostrum</span> <span class='ocrx_word' id='word_1_61' title='bbox 351 1056 535 1124; x_wconf 91' lang='lat' dir='ltr'>Dominum,</span> <span class='ocrx_word' id='word_1_62' title='bbox 551 1062 719 1126; x_wconf 83' lang='lat' dir='ltr'>auctorem,</span> <span class='ocrx_word' id='word_1_63' title='bbox 738 1053 813 1112; x_wconf 91' lang='lat' dir='ltr'>velis</span> <span class='ocrx_word' id='word_1_64' title='bbox 835 1051 925 1120; x_wconf 93' lang='lat' dir='ltr'>nolis,</span> <span class='ocrx_word' id='word_1_65' title='bbox 951 1056 982 1107; x_wconf 91' lang='grc'>61</span> <span class='ocrx_word' id='word_1_66' title='bbox 996 1046 1113 1106; x_wconf 84' lang='lat' dir='ltr'>tuum*.</span> 
     </span>
    </p>

    <p class='ocr_par' dir='ltr' id='par_1_6' title="bbox 7 1139 1117 1616">
     <span class='ocr_line' id='line_1_10' title="bbox 102 1144 1113 1231; baseline -0.013 -19.203"><span class='ocrx_word' id='word_1_67' title='bbox 102 1155 135 1212; x_wconf 91' lang='lat' dir='ltr'>Si</span> <span class='ocrx_word' id='word_1_68' title='bbox 150 1173 216 1212; x_wconf 89' lang='lat' dir='ltr'>nou</span> <span class='ocrx_word' id='word_1_69' title='bbox 231 1153 270 1211; x_wconf 87' lang='lat' dir='ltr'>ad</span> <span class='ocrx_word' id='word_1_70' title='bbox 287 1160 350 1212; x_wconf 90' lang='lat' dir='ltr'>tam</span> <span class='ocrx_word' id='word_1_71' title='bbox 366 1153 491 1212; x_wconf 85' lang='lat' dir='ltr'>funesta</span> <span class='ocrx_word' id='word_1_72' title='bbox 509 1152 724 1231; x_wconf 90' lang='lat' dir='ltr'>compellimur</span> <span class='ocrx_word' id='word_1_73' title='bbox 745 1157 780 1209; x_wconf 93' lang='lat' dir='ltr'>ut</span> <span class='ocrx_word' id='word_1_74' title='bbox 803 1149 888 1208; x_wconf 89' lang='lat' dir='ltr'>hunc</span> <span class='ocrx_word' id='word_1_75' title='bbox 911 1144 1113 1214; x_wconf 64' lang='lat' dir='ltr'>offendamus</span> 
     </span>
     <span class='ocr_line' id='line_1_11' title="bbox 101 1239 1115 1328; baseline -0.013 -20"><span class='ocrx_word' id='word_1_76' title='bbox 101 1249 173 1321; x_wconf 90' lang='lat' dir='ltr'>tibi,</span> <span class='ocrx_word' id='word_1_77' title='bbox 191 1256 227 1308; x_wconf 92' lang='lat' dir='ltr'>ut</span> <span class='ocrx_word' id='word_1_78' title='bbox 240 1249 370 1308; x_wconf 86' lang='lat' dir='ltr'>lecimus</span> <span class='ocrx_word' id='word_1_79' title='bbox 385 1249 549 1320; x_wconf 90' lang='lat' dir='ltr'>hactenus,</span> <span class='ocrx_word' id='word_1_80' title='bbox 567 1249 668 1307; x_wconf 88' lang='lat' dir='ltr'>adhuc</span> <span class='ocrx_word' id='word_1_81' title='bbox 685 1248 874 1328; x_wconf 89' lang='lat' dir='ltr'>parebimus;</span> <span class='ocrx_word' id='word_1_82' title='bbox 892 1245 939 1303; x_wconf 93' lang='lat' dir='ltr'>sin</span> <span class='ocrx_word' id='word_1_83' title='bbox 956 1242 1054 1311; x_wconf 90' lang='lat' dir='ltr'>aliter,</span> <span class='ocrx_word' id='word_1_84' title='bbox 1072 1239 1115 1296; x_wconf 94' lang='lat' dir='ltr'>illi</span> 
     </span>
     <span class='ocr_line' id='line_1_12' title="bbox 100 1336 1117 1427; baseline -0.013 -21"><span class='ocrx_word' id='word_1_85' title='bbox 100 1347 283 1427; x_wconf 88' lang='lat' dir='ltr'>parebimus</span> <span class='ocrx_word' id='word_1_86' title='bbox 301 1347 407 1426; x_wconf 90' lang='lat' dir='ltr'>potius</span> <span class='ocrx_word' id='word_1_87' title='bbox 423 1367 517 1427; x_wconf 88' lang='lat' dir='ltr'>quam</span> <span class='ocrx_word' id='word_1_88' title='bbox 532 1345 599 1404; x_wconf 91' lang='lat' dir='ltr'>tibi.</span> <span class='ocrx_word' id='word_1_89' title='bbox 616 1346 780 1406; x_wconf 87' lang='lat' dir='ltr'>Ollerimus</span> <span class='ocrx_word' id='word_1_90' title='bbox 797 1351 918 1402; x_wconf 91' lang='lat' dir='ltr'>nostras</span> <span class='ocrx_word' id='word_1_91' title='bbox 933 1341 964 1398; x_wconf 92' lang='lat' dir='ltr'>in</span> <span class='ocrx_word' id='word_1_92' title='bbox 988 1336 1117 1418; x_wconf 89' lang='lat' dir='ltr'>quemli-</span> 
     </span>
     <span class='ocr_line' id='line_1_13' title="bbox 101 1439 1117 1524; baseline -0.012 -22"><span class='ocrx_word' id='word_1_93' title='bbox 101 1445 158 1502; x_wconf 89' lang='lat' dir='ltr'>bet</span> <span class='ocrx_word' id='word_1_94' title='bbox 173 1443 293 1502; x_wconf 87' lang='lat' dir='ltr'>hostem</span> <span class='ocrx_word' id='word_1_95' title='bbox 308 1464 427 1517; x_wconf 87' lang='lat' dir='ltr'>manus,</span> <span class='ocrx_word' id='word_1_96' title='bbox 452 1443 579 1524; x_wconf 88' lang='lat' dir='ltr'>quasin</span> <span class='ocrx_word' id='word_1_97' title='bbox 603 1443 752 1521; x_wconf 88' lang='lat' dir='ltr'>sanguine</span> <span class='ocrx_word' id='word_1_98' title='bbox 776 1439 987 1499; x_wconf 89' lang='lat' dir='ltr'>innocentium</span> <span class='ocrx_word' id='word_1_99' title='bbox 1008 1454 1117 1494; x_wconf 89' lang='lat' dir='ltr'>cruen-</span> 
     </span>
     <span class='ocr_line' id='line_1_14' title="bbox 100 1535 1117 1616; baseline -0.012 -17"><span class='ocrx_word' id='word_1_100' title='bbox 100 1551 171 1600; x_wconf 82' lang='lat' dir='ltr'>tare</span> <span class='ocrx_word' id='word_1_101' title='bbox 204 1540 290 1599; x_wconf 86' lang='lat' dir='ltr'>uefas</span> <span class='ocrx_word' id='word_1_102' title='bbox 319 1541 471 1600; x_wconf 88' lang='lat' dir='ltr'>ducimus.</span> <span class='ocrx_word' id='word_1_103' title='bbox 500 1540 643 1599; x_wconf 91' lang='lat' dir='ltr'>Vidimus</span> <span class='ocrx_word' id='word_1_104' title='bbox 676 1539 814 1598; x_wconf 89' lang='lat' dir='ltr'>laborum</span> <span class='ocrx_word' id='word_1_105' title='bbox 848 1535 1117 1616; x_wconf 87' lang='lat' dir='ltr'>periculorumque</span> 
     </span>
    </p>

    <p class='ocr_par' dir='ltr' id='par_1_7' title="bbox 6 1627 1115 1722">
     <span class='ocr_line' id='line_1_15' title="bbox 6 1627 1115 1722; baseline -0.01 -25"><span class='ocrx_word' id='word_1_106' title='bbox 6 1717 7 1722; x_wconf 11' lang='lat'>¹</span> <span class='ocrx_word' id='word_1_107' title='bbox 102 1645 285 1697; x_wconf 89' lang='lat' dir='ltr'>nostrorum</span> <span class='ocrx_word' id='word_1_108' title='bbox 301 1638 411 1710; x_wconf 88' lang='lat' dir='ltr'>socios,</span> <span class='ocrx_word' id='word_1_109' title='bbox 429 1637 519 1696; x_wconf 91' lang='lat' dir='ltr'>nobis</span> <span class='ocrx_word' id='word_1_110' title='bbox 530 1657 653 1717; x_wconf 91' lang='lat' dir='ltr'>quoque</span> <span class='ocrx_word' id='word_1_111' title='bbox 669 1658 777 1696; x_wconf 91' lang='lat' dir='ltr'>eorum</span> <span class='ocrx_word' id='word_1_112' title='bbox 801 1634 950 1714; x_wconf 85' lang='lat' dir='ltr'>sanguine</span> <span class='ocrx_word' id='word_1_113' title='bbox 973 1627 1115 1710; x_wconf 84' lang='lat' dir='ltr'>aspersis,</span> 
     </span>
    </p>

    <p class='ocr_par' dir='ltr' id='par_1_8' title="bbox 6 1729 1119 2182">
     <span class='ocr_line' id='line_1_16' title="bbox 6 1729 1116 1809; baseline -0.012 -14"><span class='ocrx_word' id='word_1_114' title='bbox 6 1751 7 1756; x_wconf 75' lang='grc'>’</span> <span class='ocrx_word' id='word_1_115' title='bbox 101 1735 255 1794; x_wconf 87' lang='lat' dir='ltr'>trucidari</span> <span class='ocrx_word' id='word_1_116' title='bbox 283 1736 380 1809; x_wconf 88' lang='lat' dir='ltr'>lerro;</span> <span class='ocrx_word' id='word_1_117' title='bbox 409 1742 440 1794; x_wconf 94' lang='lat' dir='ltr'>et</span> <span class='ocrx_word' id='word_1_118' title='bbox 462 1741 566 1793; x_wconf 85' lang='lat' dir='ltr'>tamen</span> <span class='ocrx_word' id='word_1_119' title='bbox 586 1734 850 1795; x_wconf 90' lang='lat' dir='ltr'>sanctissimorum</span> <span class='ocrx_word' id='word_1_120' title='bbox 871 1729 1116 1791; x_wconf 89' lang='lat' dir='ltr'>commilitonum</span> 
     </span>
     <span class='ocr_line' id='line_1_17' title="bbox 101 1821 1116 1905; baseline -0.01 -15"><span class='ocrx_word' id='word_1_121' title='bbox 101 1839 232 1904; x_wconf 88' lang='lat' dir='ltr'>mortes,</span> <span class='ocrx_word' id='word_1_122' title='bbox 252 1839 283 1891; x_wconf 87' lang='lat' dir='ltr'>et</span> <span class='ocrx_word' id='word_1_123' title='bbox 295 1831 425 1890; x_wconf 86' lang='lat' dir='ltr'>fratrum</span> <span class='ocrx_word' id='word_1_124' title='bbox 444 1831 552 1890; x_wconf 86' lang='lat' dir='ltr'>funera</span> <span class='ocrx_word' id='word_1_125' title='bbox 573 1851 636 1891; x_wconf 92' lang='lat' dir='ltr'>non</span> <span class='ocrx_word' id='word_1_126' title='bbox 658 1831 819 1905; x_wconf 80' lang='lat' dir='ltr'>flevimus,</span> <span class='ocrx_word' id='word_1_127' title='bbox 845 1849 906 1888; x_wconf 92' lang='lat' dir='ltr'>non</span> <span class='ocrx_word' id='word_1_128' title='bbox 927 1821 1116 1890; x_wconf 83' lang='lat' dir='ltr'>doluimus*;</span> 
     </span>
     <span class='ocr_line' id='line_1_18' title="bbox 102 1922 1118 2008; baseline -0.002 -21"><span class='ocrx_word' id='word_1_129' title='bbox 102 1929 161 1988; x_wconf 92' lang='lat' dir='ltr'>sed</span> <span class='ocrx_word' id='word_1_130' title='bbox 178 1929 281 2008; x_wconf 88' lang='lat' dir='ltr'>potius</span> <span class='ocrx_word' id='word_1_131' title='bbox 297 1928 506 2000; x_wconf 64' lang='lat' dir='ltr'>laudavimus</span> <span class='ocrx_word' id='word_1_132' title='bbox 529 1936 560 1987; x_wconf 91' lang='lat' dir='ltr'>et</span> <span class='ocrx_word' id='word_1_133' title='bbox 586 1928 699 2007; x_wconf 85' lang='lat' dir='ltr'>gaudio</span> <span class='ocrx_word' id='word_1_134' title='bbox 723 1927 878 2008; x_wconf 83' lang='lat' dir='ltr'>prosecuti</span> <span class='ocrx_word' id='word_1_135' title='bbox 901 1945 1017 1996; x_wconf 79' lang='lat' dir='ltr'>sumuS,</span> <span class='ocrx_word' id='word_1_136' title='bbox 1046 1922 1118 2001; x_wconf 87' lang='lat' dir='ltr'>quia</span> 
     </span>
     <span class='ocr_line' id='line_1_19' title="bbox 100 2021 1119 2106; baseline -0.008 -22"><span class='ocrx_word' id='word_1_137' title='bbox 100 2025 191 2104; x_wconf 86' lang='lat' dir='ltr'>digni</span> <span class='ocrx_word' id='word_1_138' title='bbox 206 2025 305 2084; x_wconf 87' lang='lat' dir='ltr'>hahiti</span> <span class='ocrx_word' id='word_1_139' title='bbox 318 2034 421 2084; x_wconf 85' lang='lat' dir='ltr'>essent</span> <span class='ocrx_word' id='word_1_140' title='bbox 434 2047 472 2106; x_wconf 87' lang='lat' dir='ltr'>pa</span> <span class='ocrx_word' id='word_1_141' title='bbox 480 2025 502 2083; x_wconf 90' lang='lat' dir='ltr'>ti</span> <span class='ocrx_word' id='word_1_142' title='bbox 519 2046 575 2105; x_wconf 88' lang='lat' dir='ltr'>pro</span> <span class='ocrx_word' id='word_1_143' title='bbox 590 2026 726 2084; x_wconf 90' lang='lat' dir='ltr'>Domino</span> <span class='ocrx_word' id='word_1_144' title='bbox 742 2026 809 2084; x_wconf 91' lang='lat' dir='ltr'>Deo</span> <span class='ocrx_word' id='word_1_145' title='bbox 834 2043 952 2082; x_wconf 90' lang='lat' dir='ltr'>eorum.</span> <span class='ocrx_word' id='word_1_146' title='bbox 977 2021 1016 2079; x_wconf 88' lang='lat' dir='ltr'>Et</span> <span class='ocrx_word' id='word_1_147' title='bbox 1036 2039 1119 2078; x_wconf 90' lang='lat' dir='ltr'>nunc</span> 
     </span>
     <span class='ocr_line' id='line_1_20' title="bbox 101 2120 1119 2182; baseline -0.007 -1"><span class='ocrx_word' id='word_1_148' title='bbox 101 2144 169 2181; x_wconf 90' lang='lat' dir='ltr'>non</span> <span class='ocrx_word' id='word_1_149' title='bbox 181 2143 238 2181; x_wconf 92' lang='lat' dir='ltr'>nos</span> <span class='ocrx_word' id='word_1_150' title='bbox 252 2123 301 2182; x_wconf 90' lang='lat' dir='ltr'>vel</span> <span class='ocrx_word' id='word_1_151' title='bbox 315 2123 382 2182; x_wconf 87' lang='lat' dir='ltr'>haec</span> <span class='ocrx_word' id='word_1_152' title='bbox 395 2122 503 2181; x_wconf 90' lang='lat' dir='ltr'>ultima</span> <span class='ocrx_word' id='word_1_153' title='bbox 517 2123 589 2181; x_wconf 86' lang='lat' dir='ltr'>vitae</span> <span class='ocrx_word' id='word_1_154' title='bbox 607 2122 773 2181; x_wconf 88' lang='lat' dir='ltr'>necessitas</span> <span class='ocrx_word' id='word_1_155' title='bbox 787 2122 819 2181; x_wconf 94' lang='lat' dir='ltr'>in</span> <span class='ocrx_word' id='word_1_156' title='bbox 836 2120 1035 2179; x_wconf 89' lang='lat' dir='ltr'>rebellionem</span> <span class='ocrx_word' id='word_1_157' title='bbox 1051 2136 1119 2175; x_wconf 88' lang='lat' dir='ltr'>coc-</span> 
     </span>
    </p>

    <p class='ocr_par' dir='ltr' id='par_1_9' title="bbox 4 2215 1120 2494">
     <span class='ocr_line' id='line_1_21' title="bbox 4 2215 1117 2299; baseline -0.005 -21"><span class='ocrx_word' id='word_1_158' title='bbox 4 2231 5 2246; x_wconf 64' lang='lat'><em>*</em></span> <span class='ocrx_word' id='word_1_159' title='bbox 101 2222 161 2298; x_wconf 84' lang='lat' dir='ltr'>git.</span> <span class='ocrx_word' id='word_1_160' title='bbox 176 2219 206 2277; x_wconf 90' lang='lat' dir='ltr'>Si</span> <span class='ocrx_word' id='word_1_161' title='bbox 217 2220 291 2299; x_wconf 93' lang='lat' dir='ltr'>quid</span> <span class='ocrx_word' id='word_1_162' title='bbox 303 2221 333 2278; x_wconf 92' lang='lat' dir='ltr'>in</span> <span class='ocrx_word' id='word_1_163' title='bbox 348 2241 405 2279; x_wconf 91' lang='lat' dir='ltr'>nos</span> <span class='ocrx_word' id='word_1_164' title='bbox 415 2220 493 2279; x_wconf 89' lang='lat' dir='ltr'>ultra</span> <span class='ocrx_word' id='word_1_165' title='bbox 510 2220 664 2293; x_wconf 86' lang='lat' dir='ltr'>statueris,</span> <span class='ocrx_word' id='word_1_166' title='bbox 676 2220 701 2277; x_wconf 94' lang='lat' dir='ltr'>si</span> <span class='ocrx_word' id='word_1_167' title='bbox 714 2219 800 2299; x_wconf 95' lang='lat' dir='ltr'>quid</span> <span class='ocrx_word' id='word_1_168' title='bbox 817 2217 1005 2278; x_wconf 88' lang='lat' dir='ltr'>admoveris:</span> <span class='ocrx_word' id='word_1_169' title='bbox 1019 2215 1117 2292; x_wconf 85' lang='lat' dir='ltr'>ignes,</span> 
     </span>
     <span class='ocr_line' id='line_1_22' title="bbox 100 2315 1120 2397; baseline -0.008 -21"><span class='ocrx_word' id='word_1_170' title='bbox 100 2317 290 2390; x_wconf 87' lang='lat' dir='ltr'>tormenta*,</span> <span class='ocrx_word' id='word_1_171' title='bbox 310 2316 424 2376; x_wconf 87' lang='lat' dir='ltr'>ferrum</span> <span class='ocrx_word' id='word_1_172' title='bbox 449 2317 551 2375; x_wconf 92' lang='lat' dir='ltr'>subire</span> <span class='ocrx_word' id='word_1_173' title='bbox 575 2317 675 2397; x_wconf 87' lang='lat' dir='ltr'>parati</span> <span class='ocrx_word' id='word_1_174' title='bbox 709 2337 825 2376; x_wconf 90' lang='lat' dir='ltr'>sumus.</span> <span class='ocrx_word' id='word_1_175' title='bbox 851 2315 1043 2374; x_wconf 87' lang='lat' dir='ltr'>Christianos</span> <span class='ocrx_word' id='word_1_176' title='bbox 1063 2331 1120 2369; x_wconf 87' lang='lat' dir='ltr'>nos</span> 
     </span>
     <span class='ocr_line' id='line_1_23' title="bbox 100 2413 912 2494; baseline -0.001 -22"><span class='ocrx_word' id='word_1_177' title='bbox 100 2416 241 2474; x_wconf 87' lang='lat' dir='ltr'>latemur</span> <span class='ocrx_word' id='word_1_178' title='bbox 252 2415 273 2485; x_wconf 85' lang='lat'>*,</span> <span class='ocrx_word' id='word_1_179' title='bbox 292 2414 434 2493; x_wconf 86' lang='lat' dir='ltr'>persequi</span> <span class='ocrx_word' id='word_1_180' title='bbox 450 2413 640 2473; x_wconf 90' lang='lat' dir='ltr'>Christianos</span> <span class='ocrx_word' id='word_1_181' title='bbox 656 2435 718 2472; x_wconf 91' lang='lat' dir='ltr'>uon</span> <span class='ocrx_word' id='word_1_182' title='bbox 735 2433 912 2494; x_wconf 85' lang='lat' dir='ltr'>possumus.</span> 
     </span>
    </p>
   </div>
   <div class='ocr_carea' id='block_1_4' title="bbox 4 2571 1120 3239">
    <p class='ocr_par' dir='ltr' id='par_1_10' title="bbox 130 2571 1118 2636">
     <span class='ocr_line' id='line_1_24' title="bbox 130 2571 1118 2636; baseline -0.006 -13"><span class='ocrx_word' id='word_1_183' title='bbox 130 2573 178 2623; x_wconf 68' lang='grc' dir='ltr'>111ο</span> <span class='ocrx_word' id='word_1_184' title='bbox 195 2571 259 2624; x_wconf 88' lang='grc'>138</span> <span class='ocrx_word' id='word_1_185' title='bbox 272 2587 278 2620; x_wconf 79' lang='lat' dir='ltr'><strong><em>z</em></strong></span> <span class='ocrx_word' id='word_1_186' title='bbox 293 2573 338 2621; x_wconf 88' lang='lat' dir='ltr'>Le</span> <span class='ocrx_word' id='word_1_187' title='bbox 362 2571 432 2622; x_wconf 82' lang='lat' dir='ltr'>ioni</span> <span class='ocrx_word' id='word_1_188' title='bbox 446 2573 618 2622; x_wconf 79' lang='lat' dir='ltr'>thebaeae.</span> <span class='ocrx_word' id='word_1_189' title='bbox 637 2573 674 2620; x_wconf 85' lang='lat' dir='ltr'>La</span> <span class='ocrx_word' id='word_1_190' title='bbox 693 2572 782 2634; x_wconf 73' lang='lat' dir='ltr'>legion</span> <span class='ocrx_word' id='word_1_191' title='bbox 801 2572 950 2620; x_wconf 79' lang='lat' dir='ltr'>thebeenne</span> <span class='ocrx_word' id='word_1_192' title='bbox 964 2572 1048 2636; x_wconf 77' lang='lat' dir='ltr'>(levee</span> <span class='ocrx_word' id='word_1_193' title='bbox 1060 2588 1118 2634; x_wconf 90' lang='lat' dir='ltr'>pro.</span> 
     </span>
    </p>

    <p class='ocr_par' dir='ltr' id='par_1_11' title="bbox 5 2585 1120 2758">
     <span class='ocr_line' id='line_1_25' title="bbox 5 2585 1120 2698; baseline -0.001 -15"><span class='ocrx_word' id='word_1_194' title='bbox 5 2695 6 2698; x_wconf 8' lang='grc' dir='ltr'><strong>Ἴ</strong></span> <span class='ocrx_word' id='word_1_195' title='bbox 101 2635 268 2683; x_wconf 85' lang='lat' dir='ltr'>hablement</span> <span class='ocrx_word' id='word_1_196' title='bbox 280 2649 313 2681; x_wconf 93' lang='lat' dir='ltr'>en</span> <span class='ocrx_word' id='word_1_197' title='bbox 325 2585 477 2696; x_wconf 58' lang='lat' dir='ltr'>Thebaide)</span> <span class='ocrx_word' id='word_1_198' title='bbox 491 2635 558 2682; x_wconf 83' lang='lat' dir='ltr'>e&#39;tait</span> <span class='ocrx_word' id='word_1_199' title='bbox 571 2635 713 2696; x_wconf 75' lang='lat' dir='ltr'>composee</span> <span class='ocrx_word' id='word_1_200' title='bbox 724 2635 936 2682; x_wconf 83' lang='lat' dir='ltr'>exclusivement</span> <span class='ocrx_word' id='word_1_201' title='bbox 944 2635 976 2681; x_wconf 88' lang='lat' dir='ltr'>de</span> <span class='ocrx_word' id='word_1_202' title='bbox 985 2635 1120 2682; x_wconf 73' lang='lat' dir='ltr'>chrctiens</span> 
     </span>
     <span class='ocr_line' id='line_1_26' title="bbox 99 2696 1119 2758; baseline -0.003 -13"><span class='ocrx_word' id='word_1_203' title='bbox 99 2700 142 2745; x_wconf 88' lang='lat' dir='ltr'>En</span> <span class='ocrx_word' id='word_1_204' title='bbox 160 2701 216 2754; x_wconf 85' lang='lat'>303,</span> <span class='ocrx_word' id='word_1_205' title='bbox 230 2697 280 2743; x_wconf 89' lang='grc'><strong>6116</strong></span> <span class='ocrx_word' id='word_1_206' title='bbox 292 2697 366 2743; x_wconf 84' lang='lat' dir='ltr'>avait</span> <span class='ocrx_word' id='word_1_207' title='bbox 378 2711 447 2757; x_wconf 90' lang='lat' dir='ltr'>pour</span> <span class='ocrx_word' id='word_1_208' title='bbox 461 2696 523 2743; x_wconf 86' lang='lat' dir='ltr'>chef</span> <span class='ocrx_word' id='word_1_209' title='bbox 537 2697 665 2757; x_wconf 83' lang='lat' dir='ltr'>Maurice,</span> <span class='ocrx_word' id='word_1_210' title='bbox 683 2697 791 2757; x_wconf 90' lang='lat' dir='ltr'>lorsque</span> <span class='ocrx_word' id='word_1_211' title='bbox 808 2697 965 2758; x_wconf 87' lang='lat' dir='ltr'>l&#39;empereur</span> <span class='ocrx_word' id='word_1_212' title='bbox 974 2697 1119 2744; x_wconf 84' lang='lat' dir='ltr'>Maximien</span> 
     </span>
    </p>

    <p class='ocr_par' dir='ltr' id='par_1_12' title="bbox 98 2757 1120 3066">
     <span class='ocr_line' id='line_1_27' title="bbox 98 2757 1120 2809; baseline -0.003 -2"><span class='ocrx_word' id='word_1_213' title='bbox 98 2761 139 2807; x_wconf 93' lang='lat' dir='ltr'>lui</span> <span class='ocrx_word' id='word_1_214' title='bbox 164 2758 288 2805; x_wconf 82' lang='lat' dir='ltr'>ordonna</span> <span class='ocrx_word' id='word_1_215' title='bbox 310 2757 343 2804; x_wconf 89' lang='lat' dir='ltr'>de</span> <span class='ocrx_word' id='word_1_216' title='bbox 363 2758 481 2804; x_wconf 79' lang='lat' dir='ltr'>sacrifici·</span> <span class='ocrx_word' id='word_1_217' title='bbox 504 2773 556 2809; x_wconf 84' lang='lat' dir='ltr'>aux</span> <span class='ocrx_word' id='word_1_218' title='bbox 573 2758 660 2806; x_wconf 85' lang='lat' dir='ltr'>dieux.</span> <span class='ocrx_word' id='word_1_219' title='bbox 685 2758 740 2805; x_wconf 91' lang='lat' dir='ltr'>Elle</span> <span class='ocrx_word' id='word_1_220' title='bbox 758 2759 854 2807; x_wconf 82' lang='lat' dir='ltr'>refusa.</span> <span class='ocrx_word' id='word_1_221' title='bbox 875 2757 1019 2805; x_wconf 83' lang='lat' dir='ltr'>hlaximien</span> <span class='ocrx_word' id='word_1_222' title='bbox 1039 2772 1071 2805; x_wconf 93' lang='lat' dir='ltr'>en</span> <span class='ocrx_word' id='word_1_223' title='bbox 1089 2757 1120 2804; x_wconf 86' lang='lat' dir='ltr'>fit</span> 
     </span>
     <span class='ocr_line' id='line_1_28' title="bbox 98 2819 1119 2880; baseline -0.002 -12"><span class='ocrx_word' id='word_1_224' title='bbox 98 2835 259 2869; x_wconf 78' lang='lat' dir='ltr'>iirassacrer</span> <span class='ocrx_word' id='word_1_225' title='bbox 274 2834 325 2866; x_wconf 86' lang='lat' dir='ltr'>une</span> <span class='ocrx_word' id='word_1_226' title='bbox 341 2821 436 2880; x_wconf 83' lang='lat' dir='ltr'>partie.</span> <span class='ocrx_word' id='word_1_227' title='bbox 455 2820 505 2866; x_wconf 88' lang='lat' dir='ltr'>Les</span> <span class='ocrx_word' id='word_1_228' title='bbox 519 2821 673 2867; x_wconf 84' lang='lat' dir='ltr'>survivants</span> <span class='ocrx_word' id='word_1_229' title='bbox 688 2819 832 2867; x_wconf 80' lang='lat' dir='ltr'>ecrivirent</span> <span class='ocrx_word' id='word_1_230' title='bbox 842 2821 866 2867; x_wconf 89' lang='lat' dir='ltr'>lu</span> <span class='ocrx_word' id='word_1_231' title='bbox 877 2821 956 2867; x_wconf 91' lang='lat' dir='ltr'>lettre</span> <span class='ocrx_word' id='word_1_232' title='bbox 968 2820 1119 2867; x_wconf 78' lang='lat' dir='ltr'>suivanted</span> 
     </span>
     <span class='ocr_line' id='line_1_29' title="bbox 99 2881 1119 2930; baseline -0.003 0"><span class='ocrx_word' id='word_1_233' title='bbox 99 2883 255 2930; x_wconf 81' lang='lat' dir='ltr'>Maximien</span> <span class='ocrx_word' id='word_1_234' title='bbox 268 2883 295 2928; x_wconf 87' lang='lat' dir='ltr'>et</span> <span class='ocrx_word' id='word_1_235' title='bbox 307 2881 397 2928; x_wconf 88' lang='lat' dir='ltr'>l&#39;urent</span> <span class='ocrx_word' id='word_1_236' title='bbox 409 2885 479 2928; x_wconf 84' lang='lat' dir='ltr'>mart</span> <span class='ocrx_word' id='word_1_237' title='bbox 492 2882 567 2928; x_wconf 68' lang='grc' dir='ltr'>Υ11616</span> <span class='ocrx_word' id='word_1_238' title='bbox 581 2883 595 2928; x_wconf 79' lang='lat' dir='ltr'>a</span> <span class='ocrx_word' id='word_1_239' title='bbox 609 2881 666 2928; x_wconf 91' lang='lat' dir='ltr'>leur</span> <span class='ocrx_word' id='word_1_240' title='bbox 679 2885 748 2929; x_wconf 88' lang='lat' dir='ltr'>tour.</span> <span class='ocrx_word' id='word_1_241' title='bbox 765 2909 795 2916; x_wconf 99' lang='lat'>-</span> <span class='ocrx_word' id='word_1_242' title='bbox 815 2881 909 2930; x_wconf 85' lang='lat' dir='ltr'>Servi</span> <span class='ocrx_word' id='word_1_243' title='bbox 926 2881 987 2930; x_wconf 85' lang='lat' dir='ltr'>Dei</span> <span class='ocrx_word' id='word_1_244' title='bbox 999 2896 1005 2929; x_wconf 90' lang='lat'>:</span> <span class='ocrx_word' id='word_1_245' title='bbox 1019 2882 1085 2928; x_wconf 89' lang='lat' dir='ltr'>c&#39;est</span> <span class='ocrx_word' id='word_1_246' title='bbox 1094 2881 1119 2928; x_wconf 94' lang='grc'>16</span> 
     </span>
     <span class='ocr_line' id='line_1_30' title="bbox 99 2897 1117 3018; baseline -0.002 -26"><span class='ocrx_word' id='word_1_247' title='bbox 99 2943 204 2992; x_wconf 81' lang='lat' dir='ltr'>liberte</span> <span class='ocrx_word' id='word_1_248' title='bbox 230 2944 263 2990; x_wconf 91' lang='lat' dir='ltr'>de</span> <span class='ocrx_word' id='word_1_249' title='bbox 286 2944 453 3003; x_wconf 86' lang='lat' dir='ltr'>conscience,</span> <span class='ocrx_word' id='word_1_250' title='bbox 478 2897 502 2989; x_wconf 79' lang='grc'>16</span> <span class='ocrx_word' id='word_1_251' title='bbox 529 2944 589 3004; x_wconf 92' lang='lat' dir='ltr'>plus</span> <span class='ocrx_word' id='word_1_252' title='bbox 615 2944 698 3018; x_wconf 63' lang='lat' dir='ltr'>grand</span> <span class='ocrx_word' id='word_1_253' title='bbox 719 2942 832 2990; x_wconf 82' lang='lat' dir='ltr'>biensait</span> <span class='ocrx_word' id='word_1_254' title='bbox 853 2944 888 2989; x_wconf 92' lang='lat' dir='ltr'>du</span> <span class='ocrx_word' id='word_1_255' title='bbox 912 2945 1117 2991; x_wconf 84' lang='lat' dir='ltr'>christianisme.</span> 
     </span>
     <span class='ocr_line' id='line_1_31' title="bbox 101 2992 1119 3066; baseline -0.004 -12"><span class='ocrx_word' id='word_1_256' title='bbox 101 3007 188 3066; x_wconf 82' lang='lat' dir='ltr'>Mais,</span> <span class='ocrx_word' id='word_1_257' title='bbox 202 3005 218 3052; x_wconf 81' lang='lat' dir='ltr'>d</span> <span class='ocrx_word' id='word_1_258' title='bbox 233 3019 263 3052; x_wconf 90' lang='lat' dir='ltr'>ce</span> <span class='ocrx_word' id='word_1_259' title='bbox 277 2992 621 3065; x_wconf 70' lang='lat' dir='ltr'>titre,1&#39;alatparen,ronde</span> <span class='ocrx_word' id='word_1_260' title='bbox 636 3006 711 3052; x_wconf 89' lang='lat' dir='ltr'>surla</span> <span class='ocrx_word' id='word_1_261' title='bbox 724 3006 964 3066; x_wconf 76' lang='lat' dir='ltr'>religionpai&#39;enne,</span> <span class='ocrx_word' id='word_1_262' title='bbox 973 3006 1031 3053; x_wconf 90' lang='lat' dir='ltr'>voit</span> <span class='ocrx_word' id='word_1_263' title='bbox 1043 3005 1119 3052; x_wconf 89' lang='lat' dir='ltr'>enlui</span> 
     </span>
    </p>

    <p class='ocr_par' dir='ltr' id='par_1_13' title="bbox 100 3057 1119 3127">
     <span class='ocr_line' id='line_1_32' title="bbox 100 3057 1119 3127; baseline -0.003 -12"><span class='ocrx_word' id='word_1_264' title='bbox 100 3084 138 3115; x_wconf 92' lang='lat' dir='ltr'>un</span> <span class='ocrx_word' id='word_1_265' title='bbox 152 3067 264 3114; x_wconf 90' lang='lat' dir='ltr'>ennemi</span> <span class='ocrx_word' id='word_1_266' title='bbox 277 3057 284 3112; x_wconf 74' lang='grc'>1</span> <span class='ocrx_word' id='word_1_267' title='bbox 300 3084 311 3107; x_wconf 77' lang='grc' dir='ltr'><em>α</em></span> <span class='ocrx_word' id='word_1_268' title='bbox 322 3066 355 3112; x_wconf 91' lang='lat' dir='ltr'>de</span> <span class='ocrx_word' id='word_1_269' title='bbox 368 3068 429 3113; x_wconf 91' lang='lat' dir='ltr'>tous</span> <span class='ocrx_word' id='word_1_270' title='bbox 440 3067 478 3114; x_wconf 93' lang='lat' dir='ltr'>les</span> <span class='ocrx_word' id='word_1_271' title='bbox 487 3066 663 3126; x_wconf 84' lang='lat' dir='ltr'>adversaires,</span> <span class='ocrx_word' id='word_1_272' title='bbox 677 3067 701 3113; x_wconf 90' lang='lat' dir='ltr'>le</span> <span class='ocrx_word' id='word_1_273' title='bbox 711 3067 771 3127; x_wconf 90' lang='lat' dir='ltr'>plus</span> <span class='ocrx_word' id='word_1_274' title='bbox 784 3067 940 3114; x_wconf 89' lang='lat' dir='ltr'>redoutable</span> <span class='ocrx_word' id='word_1_275' title='bbox 954 3067 1020 3114; x_wconf 76' lang='lat' dir='ltr'>etait</span> <span class='ocrx_word' id='word_1_276' title='bbox 1032 3066 1119 3114; x_wconf 77' lang='lat' dir='ltr'>l&#39;iddal</span> 
     </span>
    </p>

    <p class='ocr_par' dir='ltr' id='par_1_14' title="bbox 4 3127 1119 3239">
     <span class='ocr_line' id='line_1_33' title="bbox 4 3127 1119 3190; baseline -0.003 -13"><span class='ocrx_word' id='word_1_277' title='bbox 4 3137 6 3166; x_wconf 66' lang='lat' dir='ltr'>t</span> <span class='ocrx_word' id='word_1_278' title='bbox 100 3143 232 3177; x_wconf 87' lang='lat' dir='ltr'>nouveau</span> <span class='ocrx_word' id='word_1_279' title='bbox 253 3127 426 3188; x_wconf 75' lang='lat' dir='ltr'>d&#39;espe&#39;rance</span> <span class='ocrx_word' id='word_1_280' title='bbox 447 3142 516 3190; x_wconf 90' lang='lat' dir='ltr'>pour</span> <span class='ocrx_word' id='word_1_281' title='bbox 539 3129 562 3174; x_wconf 94' lang='lat' dir='ltr'>le</span> <span class='ocrx_word' id='word_1_282' title='bbox 584 3128 643 3186; x_wconf 91' lang='lat' dir='ltr'>ciel,</span> <span class='ocrx_word' id='word_1_283' title='bbox 665 3129 697 3174; x_wconf 90' lang='lat' dir='ltr'>de</span> <span class='ocrx_word' id='word_1_284' title='bbox 716 3129 817 3176; x_wconf 88' lang='lat' dir='ltr'>charite&#39;</span> <span class='ocrx_word' id='word_1_285' title='bbox 839 3129 926 3176; x_wconf 82' lang='lat' dir='ltr'>surla</span> <span class='ocrx_word' id='word_1_286' title='bbox 943 3131 1013 3176; x_wconf 89' lang='grc'><strong>16116</strong></span> <span class='ocrx_word' id='word_1_287' title='bbox 1031 3129 1119 3190; x_wconf 91' lang='lat' dir='ltr'>quele</span> 
     </span>
     <span class='ocr_line' id='line_1_34' title="bbox 102 3188 1119 3239; baseline -0.003 0"><span class='ocrx_word' id='word_1_288' title='bbox 102 3190 310 3239; x_wconf 87' lang='lat' dir='ltr'>christianisme</span> <span class='ocrx_word' id='word_1_289' title='bbox 323 3190 397 3236; x_wconf 84' lang='lat' dir='ltr'>avait</span> <span class='ocrx_word' id='word_1_290' title='bbox 410 3189 543 3236; x_wconf 74' lang='lat' dir='ltr'>substitue</span> <span class='ocrx_word' id='word_1_291' title='bbox 556 3190 570 3235; x_wconf 80' lang='lat' dir='ltr'>d</span> <span class='ocrx_word' id='word_1_292' title='bbox 583 3188 671 3236; x_wconf 75' lang='lat' dir='ltr'>l&#39;ideal</span> <span class='ocrx_word' id='word_1_293' title='bbox 690 3191 784 3237; x_wconf 83' lang='lat' dir='ltr'>ancien</span> <span class='ocrx_word' id='word_1_294' title='bbox 800 3190 921 3237; x_wconf 81' lang='lat' dir='ltr'>d&#39;absolu</span> <span class='ocrx_word' id='word_1_295' title='bbox 940 3191 1119 3237; x_wconf 88' lang='lat' dir='ltr'>de&#39;vouemcnt</span> 
     </span>
    </p>
   </div>
   <div class='ocr_carea' id='block_1_5' title="bbox 102 3249 1117 3360">
    <p class='ocr_par' dir='ltr' id='par_1_15' title="bbox 102 3249 1117 3360">
     <span class='ocr_line' id='line_1_35' title="bbox 102 3249 1117 3360; baseline -0.003 -59"><span class='ocrx_word' id='word_1_296' title='bbox 102 3255 155 3301; x_wconf 81' lang='grc'>116</span> <span class='ocrx_word' id='word_1_297' title='bbox 168 3253 258 3314; x_wconf 86' lang='lat' dir='ltr'>patrie</span> <span class='ocrx_word' id='word_1_298' title='bbox 273 3253 400 3298; x_wconf 90' lang='lat' dir='ltr'>terrestre</span> <span class='ocrx_word' id='word_1_299' title='bbox 410 3250 528 3360; x_wconf 46' lang='lat' dir='ltr'>§Dur-ny,</span> <span class='ocrx_word' id='word_1_300' title='bbox 543 3249 602 3310; x_wconf 92' lang='lat' dir='ltr'>Vll,</span> <span class='ocrx_word' id='word_1_301' title='bbox 621 3251 684 3314; x_wconf 82' lang='grc'><strong>363).</strong></span> <span class='ocrx_word' id='word_1_302' title='bbox 706 3279 736 3286; x_wconf 99' lang='grc'>-</span> <span class='ocrx_word' id='word_1_303' title='bbox 751 3253 792 3301; x_wconf 83' lang='grc' dir='ltr'>Ε1</span> <span class='ocrx_word' id='word_1_304' title='bbox 805 3253 905 3301; x_wconf 81' lang='lat' dir='ltr'>tuum.</span> <span class='ocrx_word' id='word_1_305' title='bbox 919 3252 957 3300; x_wconf 80' lang='lat' dir='ltr'>Cr.</span> <span class='ocrx_word' id='word_1_306' title='bbox 977 3253 1117 3312; x_wconf 89' lang='lat' dir='ltr'>Corneille,</span> 
     </span>
    </p>
   </div>
   <div class='ocr_carea' id='block_1_6' title="bbox 4 3312 1119 3870">
    <p class='ocr_par' dir='ltr' id='par_1_16' title="bbox 103 3312 394 3377">
     <span class='ocr_line' id='line_1_36' title="bbox 103 3312 394 3377; baseline -0.01 -14"><span class='ocrx_word' id='word_1_307' title='bbox 103 3314 276 3377; x_wconf 78' lang='lat' dir='ltr'>(Polyeucte,</span> <span class='ocrx_word' id='word_1_308' title='bbox 292 3312 338 3372; x_wconf 89' lang='lat' dir='ltr'>IV,</span> <span class='ocrx_word' id='word_1_309' title='bbox 350 3312 373 3374; x_wconf 83' lang='lat'>3)</span> <span class='ocrx_word' id='word_1_310' title='bbox 389 3327 394 3360; x_wconf 79' lang='lat' dir='ltr'><em>z</em></span> 
     </span>
    </p>

    <p class='ocr_par' dir='ltr' id='par_1_17' title="bbox 4 3374 1119 3442">
     <span class='ocr_line' id='line_1_37' title="bbox 4 3374 1119 3442; baseline -0.001 -18"><span class='ocrx_word' id='word_1_311' title='bbox 4 3427 6 3442; x_wconf 58' lang='lat'>,</span> <span class='ocrx_word' id='word_1_312' title='bbox 101 3391 206 3434; x_wconf 81' lang='lat' dir='ltr'>ronne3</span> <span class='ocrx_word' id='word_1_313' title='bbox 224 3375 293 3422; x_wconf 88' lang='lat' dir='ltr'>mais</span> <span class='ocrx_word' id='word_1_314' title='bbox 302 3374 329 3435; x_wconf 88' lang='lat' dir='ltr'>je</span> <span class='ocrx_word' id='word_1_315' title='bbox 342 3375 368 3421; x_wconf 88' lang='lat' dir='ltr'>la</span> <span class='ocrx_word' id='word_1_316' title='bbox 381 3374 439 3420; x_wconf 90' lang='lat' dir='ltr'>dois</span> <span class='ocrx_word' id='word_1_317' title='bbox 450 3374 511 3420; x_wconf 90' lang='lat' dir='ltr'>bien</span> <span class='ocrx_word' id='word_1_318' title='bbox 522 3375 583 3435; x_wconf 94' lang='lat' dir='ltr'>plus</span> <span class='ocrx_word' id='word_1_319' title='bbox 596 3389 629 3421; x_wconf 89' lang='lat' dir='ltr'>au</span> <span class='ocrx_word' id='word_1_320' title='bbox 649 3376 709 3422; x_wconf 91' lang='lat' dir='ltr'>dieu</span> <span class='ocrx_word' id='word_1_321' title='bbox 729 3375 773 3435; x_wconf 94' lang='lat' dir='ltr'>qui</span> <span class='ocrx_word' id='word_1_322' title='bbox 787 3389 828 3421; x_wconf 90' lang='lat' dir='ltr'>me</span> <span class='ocrx_word' id='word_1_323' title='bbox 841 3375 866 3422; x_wconf 88' lang='lat' dir='ltr'>la</span> <span class='ocrx_word' id='word_1_324' title='bbox 877 3376 999 3424; x_wconf 90' lang='lat' dir='ltr'>donne...</span> <span class='ocrx_word' id='word_1_325' title='bbox 1012 3376 1082 3423; x_wconf 88' lang='lat' dir='ltr'>C’est</span> <span class='ocrx_word' id='word_1_326' title='bbox 1094 3378 1119 3424; x_wconf 89' lang='lat' dir='ltr'>lc</span> 
     </span>
    </p>

    <p class='ocr_par' dir='ltr' id='par_1_18' title="bbox 4 3435 1119 3870">
     <span class='ocr_line' id='line_1_38' title="bbox 4 3435 1118 3496; baseline 0 -10"><span class='ocrx_word' id='word_1_327' title='bbox 4 3449 6 3494; x_wconf 70' lang='grc' dir='ltr'>ξ</span> <span class='ocrx_word' id='word_1_328' title='bbox 101 3439 175 3486; x_wconf 88' lang='lat' dir='ltr'>Dieu</span> <span class='ocrx_word' id='word_1_329' title='bbox 187 3439 237 3484; x_wconf 89' lang='lat' dir='ltr'>des</span> <span class='ocrx_word' id='word_1_330' title='bbox 254 3435 400 3495; x_wconf 78' lang='lat' dir='ltr'>chretiens,</span> <span class='ocrx_word' id='word_1_331' title='bbox 414 3437 478 3483; x_wconf 81' lang='lat' dir='ltr'>c&#39;est</span> <span class='ocrx_word' id='word_1_332' title='bbox 489 3437 513 3482; x_wconf 93' lang='grc'>16</span> <span class='ocrx_word' id='word_1_333' title='bbox 527 3437 606 3496; x_wconf 89' lang='lat' dir='ltr'>mien,</span> <span class='ocrx_word' id='word_1_334' title='bbox 620 3437 685 3484; x_wconf 84' lang='lat' dir='ltr'>c&#39;est</span> <span class='ocrx_word' id='word_1_335' title='bbox 697 3438 721 3483; x_wconf 92' lang='lat' dir='ltr'>le</span> <span class='ocrx_word' id='word_1_336' title='bbox 734 3438 819 3495; x_wconf 84' lang='lat' dir='ltr'>vdtre,</span> <span class='ocrx_word' id='word_1_337' title='bbox 832 3438 865 3484; x_wconf 88' lang='lat' dir='ltr'>Et</span> <span class='ocrx_word' id='word_1_338' title='bbox 878 3439 903 3486; x_wconf 89' lang='grc'>16</span> <span class='ocrx_word' id='word_1_339' title='bbox 917 3443 986 3486; x_wconf 85' lang='grc'><strong>16116</strong></span> <span class='ocrx_word' id='word_1_340' title='bbox 995 3441 1022 3484; x_wconf 90' lang='grc'>61</span> <span class='ocrx_word' id='word_1_341' title='bbox 1034 3438 1058 3485; x_wconf 87' lang='grc'>16</span> <span class='ocrx_word' id='word_1_342' title='bbox 1069 3440 1118 3486; x_wconf 87' lang='grc'><strong>6161</strong></span> 
     </span>
     <span class='ocr_line' id='line_1_39' title="bbox 101 3497 1119 3562; baseline 0 -15"><span class='ocrx_word' id='word_1_343' title='bbox 101 3500 163 3548; x_wconf 86' lang='lat' dir='ltr'>n&#39;en</span> <span class='ocrx_word' id='word_1_344' title='bbox 183 3498 363 3547; x_wconf 78' lang='lat' dir='ltr'>connaissent</span> <span class='ocrx_word' id='word_1_345' title='bbox 378 3499 457 3559; x_wconf 91' lang='lat' dir='ltr'>point</span> <span class='ocrx_word' id='word_1_346' title='bbox 475 3498 586 3546; x_wconf 86' lang='lat' dir='ltr'>d&#39;autre.</span> <span class='ocrx_word' id='word_1_347' title='bbox 605 3525 635 3532; x_wconf 98' lang='lat'><em>-</em></span> <span class='ocrx_word' id='word_1_348' title='bbox 650 3498 722 3548; x_wconf 87' lang='lat' dir='ltr'>Non</span> <span class='ocrx_word' id='word_1_349' title='bbox 741 3497 924 3549; x_wconf 86' lang='lat' dir='ltr'>doluimus:</span> <span class='ocrx_word' id='word_1_350' title='bbox 941 3515 1021 3562; x_wconf 88' lang='lat' dir='ltr'>parce</span> <span class='ocrx_word' id='word_1_351' title='bbox 1041 3499 1119 3562; x_wconf 87' lang='lat' dir='ltr'>qu&#39;ils</span> 
     </span>
     <span class='ocr_line' id='line_1_40' title="bbox 100 3559 1117 3623; baseline 0 -15"><span class='ocrx_word' id='word_1_352' title='bbox 100 3567 151 3611; x_wconf 85' lang='lat' dir='ltr'>ont</span> <span class='ocrx_word' id='word_1_353' title='bbox 164 3563 270 3610; x_wconf 89' lang='lat' dir='ltr'>obtenu</span> <span class='ocrx_word' id='word_1_354' title='bbox 282 3559 308 3606; x_wconf 84' lang='lat' dir='ltr'>la</span> <span class='ocrx_word' id='word_1_355' title='bbox 319 3560 407 3620; x_wconf 83' lang='lat' dir='ltr'>palme</span> <span class='ocrx_word' id='word_1_356' title='bbox 420 3560 455 3606; x_wconf 93' lang='lat' dir='ltr'>du</span> <span class='ocrx_word' id='word_1_357' title='bbox 473 3563 599 3622; x_wconf 82' lang='lat' dir='ltr'>martyre.</span> <span class='ocrx_word' id='word_1_358' title='bbox 613 3588 644 3594; x_wconf 98' lang='lat'><em>-</em></span> <span class='ocrx_word' id='word_1_359' title='bbox 656 3561 841 3611; x_wconf 83' lang='lat' dir='ltr'>Tormenta.</span> <span class='ocrx_word' id='word_1_360' title='bbox 861 3563 926 3609; x_wconf 86' lang='lat' dir='ltr'>Voir</span> <span class='ocrx_word' id='word_1_361' title='bbox 942 3577 975 3609; x_wconf 91' lang='lat' dir='ltr'>au</span> <span class='ocrx_word' id='word_1_362' title='bbox 993 3562 1097 3623; x_wconf 77' lang='lat' dir='ltr'>lenique</span> <span class='ocrx_word' id='word_1_363' title='bbox 1112 3578 1117 3608; x_wconf 93' lang='lat'>:</span> 
     </span>
     <span class='ocr_line' id='line_1_41' title="bbox 101 3621 1119 3682; baseline -0.002 -11"><span class='ocrx_word' id='word_1_364' title='bbox 101 3621 267 3682; x_wconf 79' lang='lat' dir='ltr'>Christiani,</span> <span class='ocrx_word' id='word_1_365' title='bbox 284 3624 312 3670; x_wconf 89' lang='lat' dir='ltr'>et</span> <span class='ocrx_word' id='word_1_366' title='bbox 323 3621 415 3668; x_wconf 81' lang='lat' dir='ltr'>tunica</span> <span class='ocrx_word' id='word_1_367' title='bbox 427 3622 545 3669; x_wconf 81' lang='lat' dir='ltr'>molesta.</span> <span class='ocrx_word' id='word_1_368' title='bbox 559 3651 567 3656; x_wconf 89' lang='lat'><em>-</em></span> <span class='ocrx_word' id='word_1_369' title='bbox 598 3621 762 3672; x_wconf 85' lang='lat' dir='ltr'>Fatemur.</span> <span class='ocrx_word' id='word_1_370' title='bbox 772 3623 840 3670; x_wconf 89' lang='lat' dir='ltr'>C&#39;est</span> <span class='ocrx_word' id='word_1_371' title='bbox 852 3624 876 3670; x_wconf 93' lang='lat' dir='ltr'>le</span> <span class='ocrx_word' id='word_1_372' title='bbox 889 3623 1048 3670; x_wconf 74' lang='lat' dir='ltr'>christanus</span> <span class='ocrx_word' id='word_1_373' title='bbox 1059 3637 1119 3669; x_wconf 82' lang='lat' dir='ltr'>sum</span> 
     </span>
     <span class='ocr_line' id='line_1_42' title="bbox 100 3683 1118 3748; baseline -0.002 -16"><span class='ocrx_word' id='word_1_374' title='bbox 100 3688 134 3734; x_wconf 90' lang='lat' dir='ltr'>de</span> <span class='ocrx_word' id='word_1_375' title='bbox 148 3699 268 3748; x_wconf 91' lang='lat' dir='ltr'>presque</span> <span class='ocrx_word' id='word_1_376' title='bbox 282 3687 345 3731; x_wconf 93' lang='lat' dir='ltr'>tous</span> <span class='ocrx_word' id='word_1_377' title='bbox 360 3683 400 3729; x_wconf 94' lang='lat' dir='ltr'>les</span> <span class='ocrx_word' id='word_1_378' title='bbox 410 3687 536 3745; x_wconf 75' lang='lat' dir='ltr'>murtyrs,</span> <span class='ocrx_word' id='word_1_379' title='bbox 552 3683 584 3729; x_wconf 90' lang='lat' dir='ltr'>de</span> <span class='ocrx_word' id='word_1_380' title='bbox 604 3685 690 3731; x_wconf 82' lang='lat' dir='ltr'>sainte</span> <span class='ocrx_word' id='word_1_381' title='bbox 704 3685 842 3744; x_wconf 82' lang='lat' dir='ltr'>Blandine,</span> <span class='ocrx_word' id='word_1_382' title='bbox 852 3686 923 3746; x_wconf 74' lang='lat' dir='ltr'>J&#39;etde</span> <span class='ocrx_word' id='word_1_383' title='bbox 934 3700 986 3732; x_wconf 83' lang='lat' dir='ltr'>aux</span> <span class='ocrx_word' id='word_1_384' title='bbox 998 3685 1074 3731; x_wconf 79' lang='lat' dir='ltr'>betas</span> <span class='ocrx_word' id='word_1_385' title='bbox 1083 3685 1118 3730; x_wconf 93' lang='lat' dir='ltr'>du</span> 
     </span>
     <span class='ocr_line' id='line_1_43' title="bbox 99 3743 1119 3809; baseline -0.003 -15"><span class='ocrx_word' id='word_1_386' title='bbox 99 3750 195 3809; x_wconf 84' lang='lat' dir='ltr'>cirque</span> <span class='ocrx_word' id='word_1_387' title='bbox 210 3745 339 3809; x_wconf 68' lang='lat' dir='ltr'>(Busche,</span> <span class='ocrx_word' id='word_1_388' title='bbox 353 3743 390 3790; x_wconf 91' lang='lat' dir='ltr'>IV</span> <span class='ocrx_word' id='word_1_389' title='bbox 415 3748 429 3790; x_wconf 86' lang='grc'><strong>3</strong></span> <span class='ocrx_word' id='word_1_390' title='bbox 444 3783 449 3804; x_wconf 91' lang='lat'>,</span> <span class='ocrx_word' id='word_1_391' title='bbox 462 3749 512 3792; x_wconf 92' lang='grc'><strong>616.</strong></span> <span class='ocrx_word' id='word_1_392' title='bbox 528 3743 599 3794; x_wconf 86' lang='lat' dir='ltr'>C&#39;est</span> <span class='ocrx_word' id='word_1_393' title='bbox 610 3746 634 3792; x_wconf 95' lang='lat' dir='ltr'>le</span> <span class='ocrx_word' id='word_1_394' title='bbox 645 3747 683 3792; x_wconf 91' lang='lat' dir='ltr'>cri</span> <span class='ocrx_word' id='word_1_395' title='bbox 701 3746 828 3808; x_wconf 83' lang='lat' dir='ltr'>he&#39;ro‘r&#39;que</span> <span class='ocrx_word' id='word_1_396' title='bbox 842 3761 892 3808; x_wconf 91' lang='lat' dir='ltr'>que</span> <span class='ocrx_word' id='word_1_397' title='bbox 913 3747 1044 3794; x_wconf 89' lang='lat' dir='ltr'>Corneille</span> <span class='ocrx_word' id='word_1_398' title='bbox 1064 3749 1119 3792; x_wconf 86' lang='lat' dir='ltr'>met</span> 
     </span>
     <span class='ocr_line' id='line_1_44' title="bbox 100 3782 762 3870; baseline 0 -14"><span class='ocrx_word' id='word_1_399' title='bbox 100 3811 169 3857; x_wconf 85' lang='lat' dir='ltr'>dans</span> <span class='ocrx_word' id='word_1_400' title='bbox 182 3813 208 3858; x_wconf 89' lang='grc'>16</span> <span class='ocrx_word' id='word_1_401' title='bbox 221 3808 332 3856; x_wconf 89' lang='lat' dir='ltr'>bouche</span> <span class='ocrx_word' id='word_1_402' title='bbox 344 3807 377 3853; x_wconf 92' lang='lat' dir='ltr'>de</span> <span class='ocrx_word' id='word_1_403' title='bbox 390 3782 428 3853; x_wconf 75' lang='lat' dir='ltr'>i³o</span> <span class='ocrx_word' id='word_1_404' title='bbox 440 3809 536 3869; x_wconf 81' lang='lat' dir='ltr'>yepcte</span> <span class='ocrx_word' id='word_1_405' title='bbox 548 3806 615 3869; x_wconf 80' lang='lat' dir='ltr'>(acte</span> <span class='ocrx_word' id='word_1_406' title='bbox 631 3807 664 3867; x_wconf 88' lang='lat' dir='ltr'>V,</span> <span class='ocrx_word' id='word_1_407' title='bbox 678 3821 715 3855; x_wconf 87' lang='lat' dir='ltr'>sc.</span> <span class='ocrx_word' id='word_1_408' title='bbox 729 3808 762 3870; x_wconf 82' lang='lat'>3).</span> 
     </span>
    </p>
   </div>
   <div class='ocr_carea' id='block_1_7' title="bbox 428 3313 1121 3375">
    <p class='ocr_par' dir='ltr' id='par_1_19' title="bbox 428 3313 1121 3375">
     <span class='ocr_line' id='line_1_45' title="bbox 428 3313 1121 3375; baseline 0.003 -16"><span class='ocrx_word' id='word_1_409' title='bbox 428 3327 441 3359; x_wconf 92' lang='lat' dir='ltr'>e</span> <span class='ocrx_word' id='word_1_410' title='bbox 455 3313 513 3360; x_wconf 90' lang='lat' dir='ltr'>dois</span> <span class='ocrx_word' id='word_1_411' title='bbox 533 3327 576 3359; x_wconf 83' lang='lat' dir='ltr'>ma</span> <span class='ocrx_word' id='word_1_412' title='bbox 594 3314 637 3360; x_wconf 89' lang='lat' dir='ltr'>vie</span> <span class='ocrx_word' id='word_1_413' title='bbox 654 3328 688 3360; x_wconf 92' lang='lat' dir='ltr'>au</span> <span class='ocrx_word' id='word_1_414' title='bbox 701 3314 807 3374; x_wconf 88' lang='lat' dir='ltr'>peuple,</span> <span class='ocrx_word' id='word_1_415' title='bbox 821 3327 854 3359; x_wconf 88' lang='lat' dir='ltr'>au</span> <span class='ocrx_word' id='word_1_416' title='bbox 870 3315 970 3375; x_wconf 89' lang='lat' dir='ltr'>prince,</span> <span class='ocrx_word' id='word_1_417' title='bbox 991 3316 1121 3362; x_wconf 77' lang='grc'><strong>166666-</strong></span> 
     </span>
    </p>
   </div>
   <div class='ocr_carea' id='block_1_8' title="bbox 537 3958 694 4010">
    <p class='ocr_par' dir='ltr' id='par_1_20' title="bbox 537 3958 694 4010">
     <span class='ocr_line' id='line_1_46' title="bbox 537 3958 694 4010; baseline 0 -1"><span class='ocrx_word' id='word_1_418' title='bbox 537 3958 694 4010; x_wconf 81' lang='lat'>-139-</span> 
     </span>
    </p>
   </div>
   <div class='ocr_carea' id='block_1_9' title="bbox 0 0 1352 4244">
    <p class='ocr_par' dir='ltr' id='par_1_21' title="bbox 0 0 1352 4244">
     <span class='ocr_line' id='line_1_47' title="bbox 0 0 1352 4244; baseline 0 0"><span class='ocrx_word' id='word_1_419' title='bbox 0 0 1352 4244; x_wconf 95' lang='lat' dir='ltr'> </span> 
     </span>
    </p>
   </div>
  </div>
 </body>
</html>
