2756 4238
188 145 191 152 '
251 143 334 200 291.
353 131 467 212 iunge
483 145 530 200 du
545 146 643 200 droit
656 142 742 199 oivtl
755 101 792 201 et
803 146 869 207 des
880 145 1179 213 jurisconsultos.

431 239 488 299 (lus
501 238 578 286 civile
592 239 616 286 et
624 239 819 302 jurisconsulti
832 239 998 302 laudantur.)

127 359 129 362 '
162 329 201 392 2⁸
254 351 313 418 Qui
324 352 375 431 jus
389 352 480 412 civile
496 354 756 412 contemnendum
775 361 864 434 putat
874 356 896 426 *,
913 355 938 412 is
956 353 1078 412 vincula
1092 352 1217 412 revellit

215 468 276 506 non
298 448 390 507 modo
409 450 596 529 judiciorum
621 451 673 509 sed
693 451 785 509 etiam
811 451 954 510 utilitatis
977 450 1109 531 vitaeque
1131 471 1218 508 com-

214 545 358 618 munis*;
376 547 427 626 qui
443 556 545 606 autem
566 548 749 626 interpretes
766 549 844 628 juris
860 549 1025 626 vituperat,
1047 547 1072 606 si
1092 547 1219 625 imperi-

215 647 262 698 tos
282 639 361 721 juris
390 663 455 702 esse
481 644 568 713 dicit,
596 644 632 702 dc
663 644 850 715 hominibus
879 665 939 703 non
969 645 1007 702 de
1027 643 1098 723 jure
1130 643 1217 702 civili

211 737 361 811 detrahit,
379 741 424 797 sin
447 741 553 819 peritis
574 762 635 800 non
655 749 744 820 putat
762 762 826 799 esse
846 740 1133 820 obtemperandum,
1153 761 1217 798 non

212 834 354 894 homines
369 837 463 908 laedit,
480 838 532 895 sed
550 837 631 915 leges
649 858 684 897 ac
696 838 766 917 jura
781 837 947 897 labefactat
955 839 977 896 *.
995 836 1105 904 Quod*
1126 837 1217 894 vobis

212 932 361 990 venire'in
373 941 504 991 mentem
519 935 658 1013 protecto
672 955 795 993 necesse
806 942 862 1005 est,
877 933 953 992 nihil
969 955 1033 992 esse
1047 933 1076 991 in
1090 934 1217 992 civitate

213 1035 275 1088 tam
292 1029 456 1107 diligenter
471 1052 562 1110 quam
579 1031 632 1110 jus
647 1031 738 1089 civile
756 1029 997 1108 retinendumff:
1017 1031 1140 1101 etenim,
1156 1030 1217 1088 hoo

210 1125 345 1196 sublat0,
368 1127 443 1185 nihil
460 1134 505 1185 est
524 1148 618 1207 quare
639 1127 852 1206 exploratum*
869 1129 1012 1208 cuiquam
1031 1127 1128 1206 possit
1149 1147 1216 1184 esse

211 1223 287 1302 quid
303 1243 391 1282 suum
405 1233 457 1283 aut
476 1225 549 1304 quid
566 1225 699 1283 alienum
714 1225 770 1294 sit;
790 1224 866 1283 nihil
882 1223 1027 1303 estquod
1044 1223 1217 1302 aequabile*

211 1321 293 1377 inter
307 1324 413 1378 omnes
424 1329 516 1399 atque
528 1341 622 1380 unum
633 1322 645 1344 *
658 1321 802 1379 omnibus
811 1342 876 1378 esse
892 1321 999 1400 possit.
1015 1319 1103 1386 Quod
1114 1321 1139 1378 si
1153 1340 1216 1377 non

211 1416 305 1475 modo
327 1438 519 1496 oppressum,
544 1417 596 1475 sed
618 1418 710 1476 etiam
736 1417 901 1489 desertum,
929 1426 982 1477 aut
1002 1416 1215 1494 neglegentius

209 1521 402 1572 asservatum
418 1514 486 1583 erit,
502 1514 578 1571 nihil
591 1514 730 1593 estquod
743 1517 904 1594 quisquam
916 1535 947 1572 se
958 1513 1070 1573 habere
1083 1520 1213 1584 certum,

209 1617 265 1669 aut
280 1631 296 1670 a
311 1620 398 1689 patre
415 1619 626 1690 accepturum,
645 1619 699 1670 aut
715 1611 894 1670 relicturum
910 1611 1014 1668 liberis
1034 1611 1214 1668 arbitretur.

208 1707 291 1773 Quid
310 1707 389 1766 enim
412 1707 504 1766 refert
526 1707 616 1778 aedes,
638 1714 691 1765 aut
712 1707 841 1765 fundum
863 1707 1004 1766 relictum
1027 1715 1147 1786 epatre
1162 1713 1217 1764 aut

210 1804 313 1884 aliqua
328 1805 447 1863 ratione
468 1804 579 1863 habere
595 1805 671 1862 bene
690 1813 823 1882 partum,
842 1805 866 1862 si
886 1805 1037 1862 incertum
1054 1804 1104 1875 sit,
1122 1823 1191 1882 quae
1203 1804 1215 1827 *

174 1895 176 1898 ¹
211 1909 276 1958 tum
298 1901 401 1960 omnia
424 1909 477 1959 tua
495 1901 565 1980 jure
584 1901 718 1979 mancipi
748 1901 819 1970 sint,
844 1921 878 1959 ea
900 1901 1039 1979 possisne
1056 1899 1217 1958 retinere?

180 2063 181 2068 ἵ
209 1999 235 2056 si
254 2018 360 2076 parum
379 1998 421 2055 sit
439 1998 662 2056 communitum
674 1998 686 2020 *
699 1997 771 2076 jus?
785 1997 811 2054 si
826 1997 910 2055 civili
930 2018 964 2055 ac
983 1997 1128 2076 publica*
1147 1991 1224 2073 lege'

209 2103 318 2152 contra
333 2094 465 2173 alicujus
483 2094 611 2171 gratiam
628 2094 725 2152 teneri
745 2114 807 2152 non
827 2096 952 2172 potest?
969 2093 1047 2151 Mihi
1070 2091 1186 2152 credite
1206 2111 1214 2152 ;

210 2191 309 2270 major
332 2191 486 2249 hereditas
506 2191 593 2248 venit
611 2191 777 2270 unicuique
797 2198 933 2249 vestrum
951 2189 981 2247 in
1001 2190 1109 2248 iisdem
1125 2189 1216 2248 bonis

210 2288 311 2366 ajure
328 2294 388 2346 eta
405 2287 537 2365 legibuS‚
558 2307 650 2366 quam
678 2286 770 2346 abiis
792 2308 808 2345 a
833 2287 944 2366 quibus
966 2287 1017 2345 illa
1041 2287 1108 2366 ipsa
1132 2286 1215 2344 bona

209 2385 315 2443 relicta
334 2393 416 2446 sunt.

240 2535 281 2584 N⁰
292 2534 355 2584 291
373 2547 380 2582 τ
395 2535 504 2583 Putat.
515 2533 581 2580 Voir
592 2531 720 2594 l'opinion
731 2533 763 2580 de
771 2533 890 2588 Ciceron,
903 2532 1011 2580 version
1021 2537 1075 2582 293.
1084 2531 1216 2581 -Gom-

209 2595 325 2655 munis,
346 2611 425 2658 parco
447 2609 498 2656 que
524 2594 548 2640 le
566 2595 637 2641 droit
661 2595 723 2641 civil
745 2594 801 2656 (jus
818 2593 896 2641 civile
912 2593 1068 2655 Qniritium)
1087 2593 1157 2654 regle
1175 2594 1215 2642 les

209 2661 334 2720 rapports
363 2659 416 2704 soit
440 2658 487 2703 des
511 2657 632 2718 citoyens
655 2659 729 2702 entre
756 2671 807 2701 eux
830 2655 887 2717 (jus
905 2655 1063 2716 privatum),
1090 2656 1142 2702 soit
1166 2656 1214 2703 des

209 2721 331 2782 citoyens
346 2733 412 2766 avec
424 2718 504 2765 l'Etat
513 2716 573 2827 pjus
582 2716 733 2779 publicum)
752 2718 779 2762 et
793 2731 859 2764 avec
874 2716 899 2762 la
919 2717 1029 2777 religion
1049 2716 1138 2762 d'Etat
1156 2716 1215 2777 (jus

209 2781 334 2840 sacrum).
359 2807 390 2815 -
418 2780 509 2829 Labe
527 2780 628 2837 aetat,
659 2794 690 2825 en
715 2779 835 2825 retusant
857 2776 959 2824 d'ohtir
982 2793 1034 2824 aux
1049 2779 1214 2838 interpretes

208 2843 340 2890 autorise's
354 2842 423 2888 dela
440 2843 484 2887 loi.
499 2867 528 2874 -
541 2841 631 2901 Quod
644 2842 710 2901 peut
726 2841 781 2886 etre
800 2838 937 2886 consider&
958 2840 1011 2886 soit
1026 2853 1129 2886 comme
1148 2840 1215 2886 rela-

210 2906 250 2962 tit,
269 2906 322 2951 soit
339 2917 441 2950 comme
460 2902 585 2949 adverbe.
608 2928 638 2935 -
661 2900 887 2951 Retinendum.
914 2900 981 2947 Voir
1004 2901 1028 2946 le
1052 2900 1214 2961 magnifique

208 2966 283 3026 eloge
298 2979 349 3026 que
363 2964 473 3010 Ciceron
488 2978 520 3010 en
534 2963 582 3010 fait
596 2964 662 3009 dans
676 2964 699 3010 te
715 2963 746 3009 de
761 2962 881 3020 Oratore,
896 2961 915 3020 I,
938 2966 965 3007 55
989 2965 1016 3008 et
1032 2964 1163 3008 suivant‘s.
1184 2989 1215 2997 -

209 3028 437 3087 Exploratum,
460 3025 567 3085 joindre
586 3039 615 3070 ce
633 3027 690 3070 mot
705 3024 719 3070 t
736 3038 801 3070 esse.
827 3049 856 3057 —
876 3022 1079 3083 AEquahile..;
1104 3035 1213 3071 unum.

208 3108 222 3131 a
237 3089 286 3135 Les
300 3088 383 3135 Grecs
401 3085 476 3132 n'ont
494 3087 543 3133 tuit
566 3084 710 3146 qu'hesiter
731 3089 805 3132 entre
826 3085 850 3130 la
875 3085 1033 3144 conception
1053 3084 1148 3130 e'troite
1166 3085 1215 3131 cles

207 3155 350 3197 coutumes
361 3149 459 3194 locales
471 3152 498 3194 et
509 3146 620 3194 l’amour
632 3147 701 3193 ide'al
713 3147 790 3193 d'une
800 3146 899 3205 justice
912 3145 1065 3206 supe'rieure
1079 3160 1113 3192 ou
1127 3147 1214 3193 meme

206 3211 343 3258 contraire
365 3211 379 3256 a
399 3211 423 3256 la
436 3209 550 3270 legalitt.
565 3210 600 3256 lls
618 3212 664 3256 ont
678 3208 719 3254 c'tt
739 3222 772 3254 ou
792 3207 838 3253 des
853 3208 982 3268 patriotes
999 3207 1096 3253 bornts
1116 3222 1150 3254 ou
1166 3208 1215 3254 des

206 3273 392 3319 dialecticiens
410 3272 609 3332 cosmopolites.
629 3271 678 3317 Les
698 3270 833 3325 Romains,
845 3269 936 3329 guides
948 3283 997 3329 par
1010 3268 1067 3314 leur
1080 3283 1142 3315 sens
1155 3284 1216 3330 pra·

211 3335 292 3394 tique,
305 3335 390 3379 ontsu
403 3347 430 3378 se
441 3333 536 3393 garder
548 3334 580 3378 de
596 3347 640 3378 ces
656 3332 725 3377 deux
744 3332 889 3386 extremes,
903 3330 934 3375 ils
956 3343 984 3376 se
1006 3333 1068 3376 sont
1091 3331 1214 3377 attache's

205 3396 292 3441 avant
305 3397 365 3440 tout
375 3395 389 3440 d
400 3395 470 3440 river
480 3393 557 3440 d'une
571 3396 648 3450 lacon
659 3391 834 3438 indissoluble
847 3391 923 3438 l‘idde
936 3390 970 3436 du
982 3391 1053 3436 droit
1065 3391 1080 3436 a
1090 3391 1114 3436 la
1128 3392 1214 3438 forme

210 3455 358 3502 exterieure
371 3457 415 3516 qui
426 3457 451 3502 la
460 3457 581 3504 contient
595 3459 621 3501 et
631 3455 656 3500 la
669 3453 779 3514 prothge
790 3457 881 3498 contre
898 3452 937 3498 les
957 3451 1119 3512 entreprises
1139 3453 1172 3498 de
1187 3454 1213 3500 la

210 3517 315 3577 tegique
327 3531 392 3577 pure
412 3536 422 3559 r
444 3517 560 3578 (Bouche'
581 3515 724 3576 Leclercq).
742 3541 771 3549 —
795 3515 873 3574 Quae
896 3527 924 3560 se
949 3515 1075 3574 rapporte
1093 3513 1108 3558 a
1124 3526 1163 3560 ea.
1183 3540 1214 3548 -

210 3577 366 3639 Mancipi.
383 3579 432 3625 Les
450 3593 492 3625 res
509 3576 626 3639 mancipi
643 3579 723 3623 sont:
740 3580 765 3621 1ο
778 3576 815 3622 les
832 3574 998 3622 biens-fonds
1011 3576 1038 3621 et
1055 3574 1213 3621 immenbles

209 3643 237 3685 et
264 3640 302 3686 les
337 3641 487 3687 servitudes
517 3655 535 3700 y
557 3638 710 3696 attache'es3
731 3642 755 3682 2ο
778 3638 816 3684 les
839 3638 957 3683 esclaves
978 3639 1005 3682 et
1026 3635 1064 3680 les
1087 3636 1214 3684 animanx

209 3701 400 3761 domestiques.
423 3702 458 3747 Le
477 3701 563 3748 manci
584 3701 694 3746 inmest
714 3700 739 3746 la
774 3714 802 3745 ro
825 3698 889 3744 riete'
904 3698 950 3744 des
975 3711 1017 3743 res
1040 3695 1164 3766 mancipi.
1182 3724 1213 3732 —

210 3761 449 3870 eommpnitum
465 3783 496 3805 =
512 3764 552 3808 sla
575 3761 673 3808 ttitum.
686 3787 717 3796 -
729 3715 826 3810 clviii
845 3758 1042 3818 erepublica
1062 3777 1093 3800 =
1112 3758 1213 3806 crolum

202 3837 319 3886 acpopu
335 3840 351 3870 r.

9 4048 238 4190 Α

632 3892 788 3943 -aot-
