2696 4244
440 109 521 166 160.
539 112 596 168 Un
613 108 669 166 131
681 111 812 166 Fra-nc.

430 231 560 295 (Francus
576 245 625 280 rec
637 230 822 294 describitur.)

164 436 358 515 Sigismerem
370 458 467 517 equus
476 437 635 517 phaleris*
648 443 801 516 comptus,
814 437 908 495 immo
920 437 990 517 equi
1004 436 1128 495 radian-
1141 417 1184 478 4⁸

123 532 207 592 tibus
233 535 362 612 gemmis
383 535 487 593 onusti
510 533 745 605 antecedebant,
771 533 820 592 vel
845 534 937 593 etiam
960 533 1128 612 subseque-

122 629 258 691 bantur:
276 652 344 690 cum
362 639 469 707 tamen
483 630 563 690 hoc*
582 632 680 709 magis
699 630 741 688 ibi
757 630 904 690 decorum
919 629 1128 709 conspicieba-

121 733 183 797 tur,
209 728 291 806 quod
313 728 556 807 praecursoribus
585 729 649 787 suis
677 729 752 786 sive*
773 727 950 807 pedisequis
979 727 1072 806 pedes
1098 733 1129 784 et

121 823 188 903 ipse
205 825 325 884 medius
340 825 476 896 incessit,
502 827 662 884 flammeus
685 826 810 897 cocco*,
834 825 945 883 rutilus
963 823 1128 894 3313133-

121 929 190 979 1333
205 921 330 994 serico*,
347 930 379 982 et
395 922 491 981 cultui
512 929 599 982 tanto
617 942 717 994 coma,
732 922 855 994 rubore,
877 930 948 980 cute
969 920 1125 982 concolor.

119 1017 311 1094 Regulorum
329 1025 432 1078 autem
453 1019 669 1099 sociorumque
697 1019 912 1078 comitantium
928 1019 1027 1078 forma
1043 1024 1074 1076 et
1094 1018 1127 1076 in

118 1129 197 1194 p'ace
214 1115 369 1176 terribilis.
390 1115 527 1183 Quorum
547 1117 641 1195 pedes
663 1115 756 1196 primi
770 1116 904 1196 perone*
924 1123 1026 1176 setoso
1048 1114 1128 1173 talos

118 1211 259 1293 adusque
299 1212 532 1286 vinciebantur;
573 1233 684 1290 genua,
725 1231 824 1288 crura,
870 1233 1011 1292 suraeque
1062 1209 1128 1270 siue

118 1309 266 1386 tegmine.
291 1310 407 1368 Praeter
429 1309 489 1368 hoc
516 1310 612 1368 vestis
636 1309 709 1381 alta,
738 1309 855 1382 stricta,
880 1308 1057 1378 versicolor,
1074 1308 1128 1368 vix

117 1405 373 1485 appropinquans
392 1406 561 1486 poplitibus
581 1407 720 1480 exsertis,
739 1407 867 1466 manicae
885 1406 949 1465 sola
968 1405 1127 1466 bracchio-

117 1523 187 1561 rum
206 1503 357 1582 principia
380 1503 528 1575 velantes,
542 1503 709 1562 viridantia
733 1523 805 1581 saga
829 1503 932 1564 limbis
956 1502 1127 1580 marginata

116 1599 278 1679 puniceis;
304 1599 430 1678 penduli
456 1621 494 1659 ex
520 1620 626 1658 umero
654 1599 747 1678 gladii
772 1600 886 1659 balteis
911 1618 1128 1679 supercurren-

117 1696 203 1755 tibus
223 1697 410 1755 strinxerant
425 1697 528 1756 clausa
556 1696 680 1757 bullatis
711 1697 806 1756 131313
833 1696 1052 1758 rhenonibus*.
1081 1696 1126 1755 Eo

116 1813 183 1874 quo
205 1793 407 1852 comebantur
430 1801 553 1866 ornatu,
583 1794 820 1866 muniebantur;
851 1794 966 1853 lanceis
993 1793 1124 1864 uncatis,

114 1889 342 1969 securibusque
375 1889 544 1949 missilibus
576 1890 691 1950 dext'rae
716 1892 849 1963 refertae,
878 1890 986 1970 clipeis
1017 1889 1126 1948 laevam

116 1993 240 2066 partem
268 1986 536 2060 adumbrantibus,
565 2008 696 2068 quorum
723 1987 776 2048 133
802 1987 834 2046 13
866 1987 993 2047 orbibus
1023 1987 1124 2045 nivea,

115 2084 206 2142 lulva
222 2083 253 2141 in
269 2085 467 2157 umbonibus,
487 2085 528 2143 ita
544 2105 669 2143 censum
685 2084 846 2164 prodebat,
857 2067 899 2143 Ι31
917 2085 1065 2147 studium.

144 2295 191 2345 ΙΨ
208 2294 273 2352 160
285 2308 292 2343 :
305 2294 458 2350 Phalaris
472 2310 481 2344 :-
492 2297 604 2357 plaques
618 2297 772 2343 circulaires
785 2294 843 2344 d'or
853 2312 887 2344 ou
900 2297 1019 2357 d'argent
1028 2298 1125 2357 queles

112 2358 222 2407 soldats
234 2357 387 2404 recevaient
398 2371 468 2418 pour
481 2359 540 2419 prix
557 2358 590 2404 de
602 2359 661 2405 leur
674 2372 787 2419 courage
800 2361 827 2405 et
840 2359 917 2419 qu'ils
928 2359 1063 2419 portaient
1080 2375 1126 2406 331

111 2423 136 2468 13
154 2417 286 2481 poitrine,
302 2433 405 2466 comme
424 2433 473 2466 nos
492 2419 661 2467 decorations
680 2421 829 2470 modernas.
849 2419 944 2474 Quand
961 2435 991 2467 ce
1011 2422 1125 2470 molest

111 2479 246 2544 appliqut
259 2480 274 2526 a
287 2481 334 2527 des
344 2481 471 2540 chevaux,
486 2481 504 2528 il
516 2481 624 2542 designa
637 2496 673 2527 un
684 2484 824 2529 ornement
836 2482 991 2541 analogue'a
1003 2482 1028 2528 la
1037 2496 1126 2529 musc-

111 2545 185 2592 rolle
198 2557 235 2589 ou
248 2556 281 2588 au
293 2542 393 2601 collier,
407 2557 442 2589 ou
455 2543 470 2589 a
486 2557 538 2589 une
551 2542 707 2604 martingale
725 2543 849 2590 tombant
864 2558 910 2590 331
921 2544 946 2590 13
960 2543 1084 2604 33111133,
1099 2547 1125 2592 31

109 2607 186 2654 (1331
195 2603 236 2650 133
267 2602 367 2650 baterae
377 2603 500 2665 s‘agitent
510 2607 537 2652 et
550 2604 661 2651 brillent
671 2605 686 2650 a
698 2604 802 2666 chaque
815 2607 988 2652 mouvement
1000 2605 1032 2650 de
1050 2603 1124 2652 1331-

108 2668 178 2716 mal·
195 2691 223 2700 —
266 2677 303 2714 oo
316 2665 475 2713 antecedent
484 2667 517 2713 de
527 2666 608 2728 quod.
623 2692 650 2701 -
662 2665 763 2716 Cocco
778 2681 784 2714 τ
797 2667 906 2714 couleur
918 2681 999 2728 rouge
1010 2665 1124 2714 ecarlate

107 2745 167 2793 que
179 2727 221 2775 les
234 2727 342 2774 anciens
354 2728 463 2775 tiraient
474 2727 536 2774 d'un
547 2728 648 2774 1333313
664 2727 793 2789 analogue
806 2728 821 2774 a
837 2728 862 2774 13
878 2728 1032 2775 cochenille.
1048 2728 1124 2775 Cette

108 2792 238 2840 teinture
251 2788 316 2836 11311
328 2788 390 2835 d'un
403 2791 485 2850 grand
500 2791 572 2850 prix3
591 2790 640 2848 elle
652 2789 750 2836 imitait
766 2790 790 2836 13
807 2803 924 2851 pourpre
937 2793 964 2836 et
980 2789 1046 2837 e'tait
1062 2805 1123 2836 sou-

105 2855 180 2902 3331
194 2850 348 2898 333133(133
363 2864 428 2898 avec
444 2851 501 2898 elle.
518 2852 591 2898 Dans
604 2849 685 2900 l'Edit
697 2851 729 2896 de
745 2850 904 2902 Diocletiem
917 2851 942 2897 la
958 2851 1023 2897 livre
1041 2853 1123 2899 131313

103 2933 139 2964 33
155 2911 281 2962 (13311313
294 2914 334 2959 331
346 2912 423 2958 131113
436 2912 450 2958 b
463 2917 522 2959 1500
535 2912 651 2961 deniers.
665 2939 695 2947 -
710 2912 821 2962 Serico
834 2913 875 2972 (de
887 2912 971 2970 Seres,
985 2914 1082 2974 peuple
1091 2914 1123 2960 (13

102 2977 201 3028 l'lnde
214 2973 353 3032 orientale,
364 2974 403 3020 133
416 2973 524 3021 Chinois
536 2989 597 3022 sans
610 2975 701 3033 doute,
716 2975 761 3034 qui
775 2975 807 3020 de
820 2977 879 3022 tout
891 2978 978 3035 temps
987 2974 1124 3022 331131111-

123 3039 161 3088 ud
177 3038 207 3084 la
225 3034 301 3096 soie).
318 3035 410 3082 Avant
441 3051 473 3082 ue
491 3050 519 3083 33
535 3035 660 3097 repandit
677 3035 774 3097 l'usage
788 3036 820 3083 de
835 3036 859 3082 13
872 3036 1001 3083 veritable
1017 3037 1073 3083 soie
1091 3037 1124 3082 de

100 3059 200 3152 llhine
215 3095 362 3159 (sericum),
374 3097 411 3143 les
422 3050 508 3145 {arces
522 3101 549 3145 31
563 3098 601 3145 133
616 3097 744 3145 Romains
761 3111 788 3144 se
805 3099 940 3145 servaient
952 3099 998 3144 des
1012 3097 1124 3160 bomby-

98 3167 179 3214 cinae
192 3158 290 3216 vestes,
305 3157 397 3206 1131133
412 3159 490 3206 131133
502 3173 567 3206 avec
579 3159 603 3206 le
620 3159 648 3206 fil
659 3159 706 3205 <ies
718 3159 845 3206 chenilles
857 3159 981 3220 appeldes
995 3158 1122 3222 bombyce,

97 3228 179 3276 dont
193 3222 220 3268 13
235 3219 347 3266 matiere
361 3222 401 3267 331
411 3221 470 3281 plus
481 3221 611 3291 grossitre
620 3223 647 3268 et
659 3220 745 3270 moins
758 3221 890 3268 brillante.
904 3247 933 3255 —
946 3222 1078 3270 Perone.
1088 3223 1123 3268 Le

96 3302 175 3355 pero
194 3285 239 3330 est
255 3295 307 3327 une
324 3281 429 3328 bottine
442 3297 487 3352 qm
502 3283 615 3330 montait
628 3281 752 3344 jusqu'au
769 3282 870 3342 mollet,
884 3281 963 3343 qu'on
979 3283 1059 3339 lacuit
1075 3298 1124 3344 par

95 3347 225 3402 devant,
242 3343 328 3403 etqui
343 3342 485 3391 1131113113
500 3345 533 3390 (13
549 3345 673 3403 3311313,
689 3345 721 3390 (13
733 3357 801 3404 peau
819 3359 872 3390 non
886 3344 982 3391 tanne'e
995 3348 1022 3392 31
1034 3345 1123 3406 garnie

94 3418 132 3464 de
154 3407 247 3474 poils
265 3431 296 3438 -
313 3403 533 3454 Rhenonihus.
551 3405 737 3454 Construisez:
755 3404 842 3468 gladii
853 3404 965 3468 penduli
982 3420 1013 3453 33
1032 3421 1123 3454 umero

93 3467 287 3527 strinoeerant
296 3465 658 3529 balteissupercurrentibus
672 3467 757 3514 latera
770 3467 860 3514 clausa
873 3467 986 3516 bullatis
1000 3467 1124 3515 rhenoni-

92 3542 176 3590 bus„
196 3531 238 3578 Le
254 3527 339 3575 rheno
352 3532 437 3575 estun
451 3531 575 3576 manteau
589 3531 666 3576 33311
697 3529 724 3575 31
737 3529 1124 3592 necouvraitquelese'pauies

90 3608 122 3654 31
134 3603 165 3650 13
184 3591 313 3656 poitrine
325 3591 351 3637 et
362 3604 394 3636 ne
407 3591 562 3638 descendait
591 3604 619 3637 as
630 3544 789 3638 au-dessous
801 3590 848 3638 (133
861 3591 940 3638 13133.
956 3591 977 3638 11
988 3591 1053 3638 (11311
1065 3607 1125 3653 par-

91 3661 220 3715 ticulier
234 3667 290 3700 aux
299 3651 439 3700 Germains
452 3655 543 3700 31331(
582 3652 675 3710 331313,
689 3651 774 3700 311311
785 3651 818 3699 (13
832 3667 898 3714 peau
911 3653 944 3700 de
955 3668 1045 3701 13333.

138 3778 189 3822 Via
201 3767 320 3824 praelique
331 3765 368 3806 des
380 3765 499 3807 Romaene.
847 3771 850 3774 -
1045 3766 1067 3808 ll

546 3875 703 3926 -161-
