2698 4242
413 195 445 250 5.
468 193 537 248 Sur
551 193 584 248 te
598 190 799 250 Pome'rtum
812 195 856 250 de
871 197 992 250 Rome.

551 324 597 386 (De
610 323 702 385 ltomae
716 324 858 388 pomerio.)

146 511 187 578 3⁰
243 513 431 573 Pomerium'
445 512 531 572 auxit
546 511 704 586 Claudiae,
723 533 808 571 more
818 512 930 592 prisco,
945 535 1007 594 quo
1022 513 1059 572 iis
1070 513 1121 594 qui
1138 535 1212 594 pro-

204 613 314 671 tulere*
334 611 496 690 imperium
521 611 611 669 etiam
628 610 777 669 terminos
801 610 894 670 Urbis
915 631 1085 690 propagare
1106 611 1210 670 datur.

204 711 267 769 Nec
288 717 389 767 tamen
410 708 503 766 duces
527 707 656 776 romani,
683 726 869 788 quamquam
892 709 1013 787 magnis
1033 707 1213 766 nationibus

204 805 350 877 subactis
375 812 609 883 usurpaverant,
628 805 685 862 nisi
703 805 735 864 L.
754 805 837 864 Sulla
860 811 891 864 et
912 805 1003 864 divus
1024 807 1211 882 Augustus*.

206 905 324 982 Regum
341 903 419 961 ineo
434 902 562 961 ambitio
577 901 625 960 vel
638 902 735 979 gloria
750 903 834 961 varie
849 903 999 981 vulgata*.
1014 902 1074 961 Sed
1087 903 1223 962 initium·

204 1000 382 1065 condendi*,
405 1007 434 1057 et
456 1000 537 1080 quod
559 1000 731 1079 pomerium
748 999 899 1058 Romulus
914 1001 1062 1079 posuerit,
1085 1019 1214 1058 noscere

206 1097 459 1158 hanelabsurdum
471 1118 550 1156 reor.
564 1097 689 1175 lgitura
706 1097 773 1155 loro
783 1097 918 1168 Boario*‚
931 1096 981 1156 ubi
995 1097 1213 1156 aereumuaun

206 1197 403 1254 simulacrum
428 1194 614 1273 adspicimus
634 1193 716 1272 (quia
739 1194 769 1252 id
794 1215 890 1272 genus
914 1193 1091 1252 animalium
1110 1200 1215 1252 aratro

207 1285 373 1372 subditur),
397 1291 500 1350 sulcus
524 1291 706 1368 designandi
728 1291 835 1370 oppidi
855 1298 986 1370 emptus,
1014 1297 1049 1349 ut
1069 1311 1213 1369 magnam

209 1389 350 1450 Herculis
366 1389 462 1447 aram*
475 1388 722 1467 amplecteretur.
741 1388 816 1446 lnde
831 1389 923 1447 certis
937 1389 1043 1468 spatiis
1059 1386 1214 1467 interjecti

208 1488 339 1568 lapides*
358 1507 413 1567 per
440 1487 500 1544 ima
523 1485 635 1543 montis
656 1484 785 1544 Palatini
815 1485 853 1544 ad
881 1507 963 1547 aram
991 1485 1110 1548 Consi*.
1141 1506 1215 1544 mox

207 1585 332 1644 Curias*
359 1591 488 1652 veteres
512 1582 579 1640 tum
615 1582 653 1640 ad
677 1582 837 1641 sacellum*
862 1583 984 1648 Larum,
1010 1583 1081 1642 inde
1111 1583 1214 1641 lorum

208 1700 388 1752 romanum;
406 1681 567 1760 lorumque
583 1687 613 1738 et
629 1679 831 1758 Capitolium*
847 1700 908 1738 non
922 1701 938 1738 a
952 1679 1097 1750 Romulo,
1122 1679 1175 1737 sed
1197 1701 1215 1738 a

208 1781 280 1839 Tito
295 1778 383 1836 Tatio
396 1777 534 1838 additum
553 1777 628 1835 Urbi
644 1777 812 1835 credidere.
828 1777 902 1835 Mox
911 1798 966 1856 pro
979 1778 1100 1836 l'ortuna
1111 1798 1216 1856 pome-

209 1880 289 1937 rium
299 1877 447 1936 auctum'.
461 1875 584 1954 thuos
599 1874 678 1932 tum*
691 1873 795 1932 Caesar
804 1873 952 1932 terminos
965 1875 1114 1953 posuerit,
1125 1874 1217 1932 lacile

211 1977 338 2055 cognitu
353 1980 384 2032 et
397 1973 528 2054 publicis
541 1971 618 2030 actis
630 1972 848 2051 perscriptum.

243 2165 321 2218 N⁰5
342 2179 348 2213 :
372 2160 565 2214 Pomerlum,
589 2174 634 2206 sur
652 2173 683 2206 ce
699 2161 764 2210 mot,
785 2158 845 2204 voir
869 2157 894 2204 la
911 2155 1031 2204 derniere
1054 2159 1116 2202 note
1138 2155 1171 2202 de
1190 2157 1218 2203 la

212 2233 319 2279 version
334 2237 362 2275 n·
377 2230 400 2279 8.
413 2223 665 2288 Aprandissemcnts
678 2221 710 2268 de
722 2220 810 2268 Rome.
823 2246 850 2255 -
862 2219 1032 2268 Protulere
1046 2233 1052 2266 ε
1065 2219 1101 2264 les
1114 2217 1219 2265 armees

213 2295 246 2340 de
273 2291 371 2339 Claude
396 2288 504 2335 avaient
529 2285 629 2331 soumis
655 2283 678 2330 le
709 2283 759 2329 sud
785 2282 817 2328 de
843 2281 868 2327 la
901 2279 1159 2338 Grande-Bretagne.
1188 2307 1217 2316 -

213 2354 394 2416 Augustus.
417 2347 573 2397 Aulu-Gelle
596 2343 677 2404 erIL
699 2347 737 2395 in
759 2347 786 2390 et
799 2343 865 2389 Dion
883 2341 986 2403 (xtltt.
1006 2343 1043 2388 501
1062 2342 1151 2388 disent
1165 2357 1219 2412 que

214 2417 288 2464 Jnles
300 2415 381 2463 Cesar
391 2411 513 2459 l‘etendit
525 2408 680 2468 dgalement.
704 2405 813 2453 Cice'ron
827 2420 845 2466 y
857 2405 904 2451 fait
926 2405 1037 2452 allusion
1052 2404 1103 2462 (Ad
1124 2405 1218 2463 Attin,

216 2479 287 2534 xltt,
300 2482 338 2534 20,
350 2477 382 2530 11,
395 2501 424 2510 -
437 2470 538 2521 Varie
548 2470 689 2529 vulgata
711 2489 738 2508 =
754 2468 827 2513 varia
837 2467 934 2513 tradita
954 2471 1024 2513 sunt.
1039 2493 1068 2499 -
1085 2465 1219 2514 Initium

216 2537 374 2592 condendi
396 2557 424 2578 τ·-
447 2533 493 2581 ubi
511 2530 639 2579 ltoninlns
664 2529 761 2577 Urbem
778 2528 891 2576 condere
907 2529 1024 2590 coepcrit.
1037 2555 1068 2562 -
1087 2527 1218 2584 Boario,

216 2607 291 2650 entre
306 2602 330 2648 le
348 2599 436 2653 Tibre,
453 2598 476 2643 le
489 2593 590 2642 Palatin
607 2597 631 2637 et
645 2591 789 2638 l‘Aventin.
804 2617 830 2624 —
846 2591 977 2639 AEreum
996 2605 1001 2638 :
1018 2604 1047 2636 ce
1065 2593 1172 2636 taureau
1186 2590 1221 2636 de

218 2663 315 2711 bronze
331 2661 472 2724 provenait
483 2659 516 2704 de
525 2653 701 2712 l'iled'Egine.
714 2680 744 2688 -
755 2651 867 2702 Aram.
879 2651 966 2698 l'autel
980 2651 1065 2710 eleae,
1083 2651 1219 2708 disait-on,

238 2741 267 2772 nr
279 2723 400 2772 Euandre
411 2737 442 2768 en
454 2719 591 2767 l'hnnneur
603 2714 752 2766 d'Hercule,
765 2715 911 2774 reinqueur
925 2713 958 2760 dc
976 2715 1060 2760 Cacus
1075 2713 1080 2759 l
1084 2713 1142 2758 roir
1158 2712 1220 2769 En„

218 2743 292 2838 l'llt.
305 2787 367 2832 list.
385 2811 414 2818 -
426 2781 580 2842 Lapides,
594 2779 691 2839 pctites
708 2778 834 2824 colonnes
852 2791 920 2836 pour
932 2789 1055 2836 marqner
1071 2772 1220 2828 senectute,

219 2855 244 2898 et
262 2863 314 2911 qne
333 2847 436 2894 Varron
457 2844 494 2904 (t.
517 2842 563 2888 lat.
589 2839 692 2946 appelle
711 2838 783 2910 cippi
799 2836 923 2899 pomerii.
948 2865 976 2872 -
998 2835 1109 2894 Consi,
1133 2834 1223 2882 vieille

219 2909 331 2959 dtitnite
342 2909 468 2957 romaine,
484 2905 529 2966 qui
547 2915 602 2948 sem
625 2902 647 2948 le
662 2916 738 2947 avon
752 2899 857 2961 prc'sidd
869 2914 921 2945 aux
934 2913 1070 2945 sentences
1087 2897 1222 2956 scandere)

220 2980 247 3020 et
266 2988 317 3020 aux
332 2969 443 3032 pensles
461 2967 576 3015 secretes
597 2962 768 3022 (consiliunt.
786 2989 815 2996 -
833 2959 963 3018 Curias,
987 2976 1008 3007 s.
1027 2965 1080 3006 ent.
1103 2958 1145 3006 ad.
1172 2959 1224 3006 Les

221 3035 316 3084 Curies
327 3032 431 3080 rieilles
441 3030 538 3077 etaient
551 3041 586 3072 un
600 3025 693 3070 e'difiee
701 3023 774 3070 llere
787 3038 835 3084 par
846 3022 974 3069 Romulus
985 3037 1018 3069 au
1031 3021 1093 3082 picd
1105 3021 1140 3066 du
1150 3020 1224 3067 Pala-

222 3099 270 3148 tin.
289 3100 314 3143 et
334 3097 369 3142 oli
389 3095 412 3139 le
430 3091 526 3163 peuple
546 3089 578 3134 tle
594 3085 737 3132 l'ancienne
758 3085 841 3132 Rome
860 3100 889 3131 se
910 3085 1061 3134 reunissait,
1078 3083 1225 3129 dccrlains

218 3161 304 3222 Jours.
325 3171 393 3218 pour
404 3155 469 3201 faire
482 3154 528 3199 des
542 3148 674 3196 sacritices
690 3147 803 3210 publics.
816 3147 937 3208 pre'side's
953 3161 1002 3208 par
1012 3147 1050 3192 tes
1066 3143 1176 3191 auriens
1189 3159 1225 3190 ou

223 3221 422 3283 representants
441 3216 488 3262 des
499 3217 586 3261 trente
603 3211 698 3256 curies.
711 3214 784 3256 Arec
797 3208 1020 3256 l'accrnisserncnt
1035 3208 1068 3253 de
1078 3207 1102 3252 la
1115 3207 1214 3267 popula

225 3284 342 3332 tientes
364 3279 455 3326 Curies
473 3275 575 3322 vieillcs
595 3271 669 3318 &tant
688 3273 821 3318 derenues
839 3270 1033 3316 insullisantes.
1054 3283 1088 3314 on
1104 3283 1135 3314 en
1152 3269 1227 3314 avait.

224 3345 355 3392 construit
367 3339 492 3388 d'autres.
501 3339 539 3384 les
553 3334 647 3381 Curios
669 3348 774 3380 nenses.
790 3361 816 3368 -
828 3332 1003 3384 sacellum,
1017 3329 1136 3392 chapelle
1153 3329 1226 3376 batte

225 3421 274 3482 par
287 3409 414 3464 Auguste.
428 3429 457 3436 -
467 3395 671 3462 capitolium.
681 3396 705 3442 lc
713 3395 856 3457 Capitolia.
870 3409 935 3440 occu
946 3394 970 3440 n'·
981 3395 995 3439 ai
1006 3392 1124 3451 l'nrigine
1133 3391 1226 3452 parles

225 3469 374 3516 51111111.-
392 3464 543 3514 Auctum.
577 3459 645 3505 Snus
669 3457 692 3503 le
716 3460 754 3504 rni
776 3458 885 3504 Servius
899 3456 1011 3504 Tulius.
1034 3455 1077 3516 qni
1093 3454 1168 3501 eleva
1192 3467 1228 3500 ou

225 3531 358 3591 completa
372 3527 410 3573 les
422 3539 494 3572 murs
512 3525 543 3570 de
561 3523 669 3568 defense
689 3521 754 3566 dont
775 3535 808 3566 nn
829 3535 844 3566 a
863 3517 988 3565 renones
1008 3520 1046 3564 les
1065 3521 1150 3562 rustes
1172 3528 1178 3562 :
1197 3531 1227 3562 ce

226 3595 272 3655 qui
285 3591 393 3638 donnait
412 3589 428 3634 al
449 3588 473 3634 la
495 3587 577 3632 Rome
597 3584 644 3628 des
666 3584 720 3628 rois
741 3597 792 3628 une
807 3580 1004 3628 circnnle'rcnce
1021 3580 1054 3625 de
1072 3579 1111 3625 six
1133 3578 1154 3648 al⁸
1169 3577 1226 3624 huit

227 3655 322 3702 milles.
334 3659 408 3700 entre
419 3650 488 3696 deux
499 3653 524 3695 et
538 3645 603 3692 trois
617 3645 708 3690 lienes.
727 3644 796 3691 C'est
810 3644 921 3690 environ
935 3642 958 3687 la
970 3642 1101 3700 prandent·
1111 3655 1146 3700 qn
1156 3640 1228 3685 atri*

229 3718 356 3764 Athenes.
369 3739 396 3748 -
410 3712 491 3760 Tum
507 3707 662 3756 :l'enceinte
672 3707 704 3751 de
717 3706 815 3751 (laude
828 3705 943 3766 comprit
953 3703 1098 3750 l'Aventin.
1111 3701 1156 3762 qui
1170 3698 1230 3748 n'en

227 3779 317 3830 laisait
331 3790 379 3839 pas
390 3774 476 3836 partie
485 3767 627 3832 jusque-la.

669 3928 791 3980 ..5-
