2658 4244
271 164 329 222 91.
349 164 484 220 Amour
503 163 548 220 de
567 165 785 233 l’empereur
803 164 970 232 Auguste
988 175 1082 232 pour
1100 161 1156 217 les

571 251 850 311 helles-lettres.

351 354 467 418 (Quanto
477 370 567 404 amore
581 356 685 404 litteras
699 356 841 419 Augustus
847 355 1009 418 prosecutus
1020 352 1075 416 sit.)

158 478 199 542 3⁰
253 480 412 557 Augustus
442 479 650 559 eloquentiam
681 479 845 558 studiaque
878 478 1016 538 liberalia
1053 478 1091 536 ab
1127 484 1217 535 aetate

213 575 310 654 prima
334 583 365 634 et
394 576 505 655 cupide
538 584 570 635 et
601 575 840 635 laboriosissime
867 575 1015 635 exercuit.
1045 573 1216 633 Mutinensi

213 671 325 744 bello*,
351 672 383 730 in
407 680 493 732 tanta
515 673 595 732 mole
618 693 732 745 rerum,
760 679 791 731 et
812 672 922 750 legisse
949 679 980 731 et
1005 671 1163 751 scripsisse
1187 679 1216 729 et

213 768 419 828 declamasse*
445 770 583 849 quotidie
610 770 734 832 dicitur.
770 769 848 828 Nam
877 768 1023 848 deinceps
1054 789 1154 847 neque
1186 761 1216 824 in

212 873 333 940 senatu,
350 887 450 946 neque
465 866 546 945 apud
565 867 725 946 populum,
744 887 844 945 neque
858 865 939 946 apud
956 865 1079 937 milites,
1095 848 1217 923 locutus

213 970 258 1020 est
274 983 420 1041 umquam
437 963 494 1021 nisi
510 964 656 1022 meditata
671 971 702 1023 et
717 963 887 1043 composita
902 962 1052 1034 oratione,
1074 961 1216 1041 quamvis

213 1079 275 1117 non
297 1059 479 1118 deficeretur
513 1059 551 1118 ad
577 1061 677 1119 subita
706 1059 906 1140 extemporali
929 1059 1086 1118 laenitate.
1112 1060 1158 1116 Ac
1179 1079 1217 1115 ne

213 1155 384 1234 periculum
400 1157 554 1215 memoriae
571 1157 680 1229 adiret,
697 1157 794 1215 autin
810 1156 976 1215 ediscendo
991 1163 1114 1235 tempus
1130 1155 1219 1214 absu-

213 1259 321 1326 meret,
337 1253 467 1311 instituit
483 1254 610 1312 recitare
626 1253 745 1327 omnia3
764 1274 920 1316 sermones
933 1273 1057 1333 quoque
1071 1273 1140 1310 cum
1158 1253 1220 1309 sin·
1321 1285 1322 1332 3

212 1350 302 1428 guile,
327 1337 535 1428 atque'etiam
558 1370 627 1408 cum
655 1350 739 1408 Livia
763 1371 857 1408 uxore
880 1351 1035 1428 graviores
1045 1351 1067 1422 *,
1096 1349 1219 1406 nonnisi

213 1447 343 1526 scriptos
354 1453 412 1504 ete
428 1446 530 1504 libello
545 1446 687 1516 habebat,
701 1467 738 1505 ne
752 1447 821 1526 plus
835 1447 974 1505 minusve
987 1446 1167 1525 loqueretur
1182 1466 1219 1503 ex

214 1552 362 1622 tempore.
377 1543 476 1601 Multa
491 1543 567 1600 varii
583 1544 702 1622 generis
715 1564 805 1623 prosa
822 1544 960 1602 oratione
978 1543 1163 1621 composuit,
1182 1562 1220 1600 ex
1321 1589 1322 1610 ,

213 1641 325 1720 quibus
346 1640 493 1699 nonnulla
512 1640 544 1697 in
564 1648 647 1698 coetu
668 1640 876 1710 familiarium,
895 1640 980 1698 velut
999 1640 1031 1697 in
1049 1639 1216 1711 auditori0,
1321 1699 1322 1708 ,

213 1736 374 1796 recitavit*
393 1755 399 1796 :
422 1737 539 1796 seilicet
552 1735 716 1817 Rescripta
731 1732 830 1796 Bruto
851 1735 889 1796 de
910 1735 1037 1808 Catone,
1057 1744 1088 1794 et
1103 1735 1220 1794 Horta·
1321 1761 1322 1804 3

214 1832 311 1892 tiones
322 1833 363 1892 ad
377 1833 622 1913 philosophiam,
640 1841 671 1892 et
685 1834 787 1912 aliqua
805 1833 848 1893 De
867 1832 928 1891 vita
943 1835 1031 1906 sua*,
1049 1853 1140 1912 quam
1158 1839 1221 1890 tre·
1321 1853 1322 1858 ¹

213 1930 312 1990 decim
332 1931 428 2002 libris,
446 1930 633 1990 Cantabrico
651 1937 741 1989 tenus
761 1930 852 2002 bello,
874 1951 929 1988 nec
950 1930 1040 2002 ultra,
1065 1929 1219 2008 exposuit.

214 2028 370 2086 Poetioam
391 2029 565 2087 summatim
586 2027 699 2106 attigit.
719 2027 825 2086 Genus
848 2027 1012 2106 eloquendi
1032 2034 1156 2084 secutus
1174 2034 1220 2084 est
1321 2093 1322 2098 ἵ

213 2125 335 2202 elegans
349 2131 379 2181 et
394 2132 609 2203 temperatum,
624 2125 872 2203 praecipuamque
882 2143 986 2182 curam
998 2123 1083 2180 duxit
1096 2143 1221 2180 sensum
1321 2173 1322 2180 ,

213 2221 306 2280 animi
329 2242 421 2301 quam
450 2221 640 2300 apertissime
668 2221 874 2299 exprimere*;
901 2220 984 2299 quod
1011 2241 1072 2299 quo
1099 2219 1222 2278 facilius
1321 2243 1322 2280 ς

214 2319 357 2388 efficeret,
379 2338 477 2396 neque
500 2317 734 2397 praepositiones
757 2318 857 2375 verbis
878 2316 1001 2388 addere,
1027 2336 1126 2394 neque
1146 2337 1222 2374 con·
1321 2333 1322 2376 1

209 2415 386 2494 junctiones
403 2415 514 2494 saepius
529 2415 638 2473 iterare
653 2414 807 2473 dubitavit
825 2432 831 2472 :
847 2434 915 2493 quae
928 2414 1074 2472 detractae
1088 2414 1223 2472 allerunt
1321 2399 1322 2480 J

214 2512 328 2591 aliquid
343 2512 551 2570 obscuritatis

171 2704 173 2712 ι
243 2670 285 2720 N⁰
300 2670 339 2720 91
362 2671 476 2719 :Bello
494 2684 500 2718 :
519 2685 552 2718 en
572 2672 601 2717 13
619 2673 701 2718 avant
719 2669 785 2719 J.-C.
807 2697 839 2706 -
859 2669 1084 2719 Declamasse.
1108 2667 1222 2730 Jusqu'a

213 2732 338 2794 l’Empire
351 2728 376 2779 la
389 2732 566 2780 declamation
577 2730 645 2780 n'est
657 2730 737 2793 qu'un
749 2732 868 2779 exercice
880 2731 929 2779 fait
943 2730 1007 2777 chez
1018 2731 1043 2778 le
1060 2729 1169 2777 rheteur
1186 2745 1223 2778 ou
1321 2777 1322 2790 ,

213 2795 276 2843 chez
295 2795 335 2843 soi
352 2810 421 2856 pour
440 2809 468 2842 se
488 2793 615 2855 pre'parer
634 2809 669 2840 ou
687 2792 854 2841 s‘entretenir
871 2793 937 2840 dans
955 2790 1014 2840 l'art
1033 2793 1066 2840 de
1083 2792 1108 2838 la
1127 2793 1224 2854 parole
1321 2799 1322 2834 ἰ

213 2856 293 2920 (deux
321 2858 420 2903 formes
442 2871 447 2904 ε
474 2856 512 2903 les
537 2855 683 2914 suasoriae,
708 2857 790 2916 sujets
816 2855 852 2902 du
880 2869 960 2916 genre
986 2853 1154 2912 deliberatif3
1182 2855 1223 2902 les
1321 2887 1322 2894 1

214 2917 420 2976 controuersiae,
446 2919 529 2980 qu'ets
550 2919 585 2964 du
607 2932 686 2979 genre
706 2917 865 2978 judiciaire).
888 2917 975 2976 Apres
998 2916 1024 2963 la
1047 2919 1122 2978 perte
1140 2916 1173 2962 de
1197 2917 1224 2964 la

213 2980 318 3038 liberte,
336 2980 373 3026 lcs
392 2980 476 3040 sujets
494 2982 556 3026 sont
576 2981 608 3026 de
626 2979 687 3041 plus
707 2993 739 3024 en
761 2979 821 3038 plus
842 2977 1100 3038 invratsemhlables,
1130 2981 1157 3024 et
1183 2978 1224 3025 les
1321 3005 1322 3022 r

214 3041 405 3088 declamations
430 3041 591 3089 deviennent
614 3042 661 3087 des
680 3039 908 3100 representations
926 3040 1094 3099 solennelles,
1116 3054 1224 3087 comme
1321 3047 1322 3086 1

214 3104 252 3149 les
269 3104 384 3149 lectures
401 3103 543 3164 publiques
560 3101 761 3165 (recitationes).
778 3129 808 3135 —
826 3101 1013 3156 Graviore-e,
1033 3115 1136 3148 comme
1158 3101 1225 3148 l'en-
1321 3123 1322 3126 ¹

216 3165 311 3211 tretien
333 3163 395 3234 qu'il
420 3169 465 3212 eut
481 3178 546 3211 avec
564 3164 613 3211 elle
632 3179 666 3210 au
684 3163 754 3223 sujet
775 3164 821 3210 des
844 3162 968 3222 conjures
986 3163 1076 3224 (Dion,
1096 3163 1150 3219 LV,
1171 3163 1223 3225 11).

215 3225 253 3274 Cf.
274 3227 297 3271 le
318 3225 453 3273 Cinaede
471 3224 610 3274 Corneille.
630 3251 661 3260 —-
680 3224 860 3275 Recitavit.
883 3209 953 3272 C'est
971 3223 1097 3272 l'orateur
1116 3223 1224 3272 Pullion
1321 3225 1322 3230 ’

214 3287 268 3348 qui,
290 3301 353 3334 sous
372 3287 396 3333 le
409 3288 488 3348 regne
508 3287 664 3348 d'Auguste,
683 3287 771 3334 donna
794 3287 818 3332 le
836 3286 951 3347 premier
967 3285 1106 3346 l'exemple
1125 3286 1158 3332 de
1176 3300 1226 3334 ces
1321 3289 1322 3330 ζ

215 3350 329 3396 lectures
340 3349 490 3410 publiques,
505 3350 550 3410 qui
564 3349 689 3396 devaieut
702 3350 758 3395 etre
768 3348 790 3395 si
804 3349 922 3396 lunestes
935 3349 950 3394 d
964 3348 990 3394 la
1004 3347 1163 3395 litterature.
1180 3348 1223 3396 Cf.
1321 3349 1322 3402 l

214 3411 238 3456 le
251 3411 387 3458 theatrum
407 3411 545 3471 peculiare
566 3411 599 3458 de
619 3409 839 3467 Neron,l'0deon
860 3410 935 3457 dela
954 3409 1017 3456 villa
1039 3407 1187 3456 d'lladrien
1209 3411 1226 3456 d
1321 3419 1322 3470 ,

214 3471 306 3530 Tibur,
319 3471 504 3520 l'auditorium
517 3474 549 3520 de
566 3472 676 3520 Mecine
689 3471 784 3520 trouve
802 3487 833 3518 en
846 3475 904 3518 1874
924 3486 970 3518 sur
986 3470 1134 3531 l'Esquilin.
1155 3471 1228 3518 Voir
1321 3473 1322 3482 ¹

216 3534 346 3580 ld-dessus
363 3534 476 3593 Horace,
493 3535 541 3596 Ep.
556 3534 576 3590 I,
593 3539 631 3592 19,
648 3536 691 3592 n;
704 3531 810 3595 Dialop.
822 3534 855 3580 de
869 3533 968 3590 Tacite,
983 3538 1012 3580 9:
1030 3532 1145 3580 Juvenal
1158 3532 1226 3592 Vll,

213 3599 258 3654 353
273 3595 345 3642 Pline
358 3597 382 3643 le
399 3597 422 3644 J.
438 3597 458 3656 1,
478 3601 522 3655 133
544 3596 590 3654 111,
606 3601 617 3642 7
636 3599 663 3643 et
675 3599 720 3653 18;
736 3595 768 3653 V,
783 3600 796 3640 3
814 3599 840 3642 et
856 3600 900 3653 133
919 3594 965 3652 Vl,
983 3599 1020 3652 15,
1036 3598 1073 3652 17,
1088 3598 1130 3649 21;
1145 3594 1226 3653 VIII,

214 3662 256 3716 123
271 3657 315 3715 lx,
328 3661 365 3705 31.
381 3685 408 3692 -
422 3659 470 3708 De
483 3658 556 3708 vlta
569 3669 631 3707 sua
645 3672 650 3705 :
665 3657 704 3704 Cr.
724 3656 867 3718 Plutarque
881 3656 1000 3732 (Antan,
1020 3656 1059 3716 22)
1072 3658 1099 3702 et
1112 3656 1227 3716 Appien
1321 3687 1322 3712 ,

212 3717 254 3778 (de
266 3719 333 3767 Bett.
341 3719 399 3778 cio,
410 3720 456 3771 IV,
467 3721 529 3781 110).
539 3746 565 3754 -
577 3719 770 3779 Exprimere
782 3733 787 3765 :
798 3717 863 3766 c'est
872 3719 881 3765 1
891 3718 1034 3778 eloquence
1043 3718 1089 3764 des
1098 3717 1227 3765 hommes
1321 3743 1322 3774 1

212 3778 337 3829 (lection.
352 3783 444 3830 Tacite
457 3783 481 3829 la
491 3782 552 3829 lone
563 3779 654 3844 (Anu,
669 3780 742 3838 XIII,
754 3779 785 3840 3).
1321 3783 1322 3804 ³

643 3923 783 3972 ..92..
