2696 4244
396 166 477 224 161.
496 169 552 225 Un
571 167 736 224 chretien
749 169 876 224 contre
886 166 1113 237 l’epotheose

588 263 654 312 ees
679 268 904 326 empereurs.

348 359 531 421 (Christianus
553 360 580 408 in
599 360 795 423 imperatorum
805 361 962 424 apotheosin
972 360 1142 424 *inuehitur.)

160 473 229 550 ’4Β
284 482 503 562 Imperatorem
528 504 651 542 necesse
682 492 729 542 est
755 485 960 564 suspiciamus
991 491 1026 544 ut
1058 505 1127 544 eum
1152 503 1245 563 quem

244 575 396 638 Dominus
420 588 524 638 noster
543 579 679 658 elegerit.
699 580 738 640 Et
755 581 864 639 merito
878 580 1008 640 dixerim
1026 599 1033 641 ε
1053 582 1177 639 noster*
1198 586 1246 638 est

243 677 341 754 magis
357 675 468 748 Caesar,
487 685 521 734 ut
536 699 552 735 a
566 684 672 736 nostro
688 678 754 736 Deo
770 677 966 738 constitutus.
980 679 1088 757 ltaque
1104 678 1175 737 etin
1190 677 1246 735 eo*

244 771 312 851 plus
330 793 386 852 ego
402 772 445 830 illi
461 794 573 852 operor
588 774 619 831 in
633 773 775 848 salutem,
791 795 853 832 non
869 774 967 832 solum
983 774 1066 853 quod
1077 795 1143 833 eam
1158 773 1195 833 ab
1208 793 1252 831 eo-

244 869 368 948 postulo
385 869 438 950 qui
464 877 568 949 potest
588 878 754 949 praestare,
775 878 829 929 aut
852 870 935 950 quod
959 871 1027 929 talis
1048 870 1171 950 postulo
1192 869 1246 948 qui

222 1012 225 1018 .
244 986 361 1024 merear
372 966 548 1045 impetrare,
567 966 619 1025 sed
637 968 727 1026 etiam
745 967 829 1049 quod
844 967 1038 1046 temperans*
1052 967 1244 1047 majestatem

245 1061 373 1121 Caesaris
389 1062 467 1122 inlra
484 1064 583 1122 Deum
604 1065 702 1141 magis
718 1063 803 1122 illum
817 1063 1000 1123 commendo
1018 1064 1095 1136 Deo,
1117 1063 1166 1122 cui
1188 1061 1247 1120 soli

220 1198 221 1206 ¹
244 1159 387 1239 subjicio,
402 1159 540 1240 Snbjicio
555 1168 669 1233 autem,
682 1161 731 1220 cui
743 1181 804 1219 non
818 1161 958 1241 adaequo.
974 1161 1042 1219 Non
1056 1161 1137 1220 enim
1151 1161 1247 1239 impe·

220 1283 222 1290 ⁴
244 1263 376 1315 ratorem
398 1256 498 1315 Deum
525 1257 638 1332 dicam,
658 1258 708 1316 vel
728 1258 807 1339 quia*
823 1258 945 1317 mentiri
968 1257 1082 1329 neseio,
1108 1257 1156 1315 vel
1173 1257 1247 1335 quia

244 1352 330 1410 illum
353 1353 515 1412 deridere*
539 1374 601 1412 non
622 1354 733 1429 audeo,
758 1355 807 1413 vel
829 1355 901 1434 quia
922 1375 978 1413 nec
997 1355 1061 1434 ipse
1086 1375 1117 1412 se
1146 1354 1247 1412 Deum

221 1449 328 1509 -volet
353 1449 444 1510 dici'.
475 1450 506 1509 Si
522 1449 614 1509 homo
641 1452 691 1522 sit,
723 1452 850 1510 interest
876 1451 1008 1510 hominis
1033 1452 1099 1510 Deo
1118 1450 1245 1524 cedere;

243 1545 319 1605 satis
339 1547 451 1606 habeat
472 1547 620 1626 appellari
642 1548 818 1626 imperator.
841 1548 986 1607 Grande*
1011 1556 1041 1606 et
1056 1547 1115 1606 hoc
1134 1567 1246 1605 nomen

221 1650 300 1718 est,
325 1643 408 1723 quod
432 1666 448 1702 a
471 1640 537 1703 Deo
556 1643 697 1704 traditur.
728 1644 826 1721 Negat
848 1644 933 1703 illum
956 1645 1171 1724 imperatorem
1193 1645 1248 1722 qui

244 1741 344 1800 Deum
364 1740 450 1800 dicit.
476 1741 542 1798 Nisi
557 1740 649 1799 homo
665 1741 714 1811 sit,
731 1762 792 1799 non
813 1748 857 1799 est
878 1741 1055 1820 imperator.
1081 1741 1247 1800 Hominem

242 1858 276 1898 se
289 1857 354 1896 esse
366 1837 459 1896 etiam
473 1838 667 1918 triumphans
680 1837 711 1895 in
724 1837 776 1895 illo
797 1837 1016 1897 sublimissimo
1033 1859 1125 1897 curru
1143 1838 1248 1896 edmo-

227 1977 229 1984 .
245 1937 366 1994 netur*.
382 1935 563 2012 Suggeritur
575 1934 657 1993 enirn
673 1934 701 1992 ei
715 1955 731 1993 a
744 1941 830 2012 tergo
844 1953 850 1994 :
866 1934 997 2014 Respice
1013 1942 1083 2014 post
1094 1942 1135 2006 te,
1148 1935 1248 1992 homi·

227 2051 314 2088 'nem
328 2039 483 2089 memento
505 2039 546 2090 te.
570 2031 669 2089 Tanto
687 2030 774 2090 abest
788 2038 822 2088 ut
841 2031 1009 2110 imperator
1032 2031 1115 2090 Deus
1137 2031 1249 2090 debeat
1341 2083 1342 2096 2

245 2127 306 2186 dici
324 2127 433 2207 :quod
453 2149 515 2186 non
535 2134 638 2208 potest
655 2127 738 2186 credi
757 2127 815 2184 nisi
829 2127 1006 2207 turpissima
1024 2134 1055 2185 et
1076 2127 1248 2207 perniciosa

246 2224 432 2283 adulatione.
455 2225 569 2284 Desine
590 2245 664 2302 ergo
681 2223 776 2282 alium
798 2224 897 2282 Deum
920 2225 1019 2282 colere
1041 2224 1090 2283 vel
1110 2224 1246 2298 credere,
1340 2237 1341 2240 ’

246 2329 338 2400 atque
354 2321 396 2379 ita
410 2328 441 2379 et
455 2321 538 2380 hunc
556 2321 655 2379 Deum
674 2320 786 2392 dicere,
799 2321 850 2378 cui
864 2321 930 2379 Deo
943 2341 1021 2400 opus
1036 2327 1093 2379 est.

276 2479 317 2528 Νο
333 2481 394 2530 161
409 2495 414 2526 :
429 2477 637 2540 Apotheosln.
652 2478 719 2524 Voir
731 2493 761 2525 ce
772 2480 828 2525 mot
838 2493 871 2525 uu
881 2478 996 2540 lexique.
1005 2505 1034 2512 -
1046 2478 1169 2528 Noster
1180 2479 1246 2528 est:

247 2543 337 2588 noster
352 2540 474 2588 attribut.
489 2540 567 2588 -In
579 2552 616 2589 eo
631 2554 636 2586 :
651 2554 681 2587 eo
693 2544 735 2586 est
751 2555 784 2586 au
797 2543 899 2598 neutre,
913 2543 940 2587 et
955 2540 1115 2587 antecedent
1127 2541 1159 2586 de
1175 2540 1248 2602 quod

246 2618 312 2662 eam,
333 2605 365 2649 de
386 2603 458 2664 quod
480 2601 548 2656 talis,
569 2605 595 2647 et
612 2602 645 2648 de
670 2601 742 2664 quod
766 2604 817 2647 tem
837 2615 924 2649 crans.
947 2629 977 2636 -
996 2602 1196 2662 Temperans
1217 2621 1249 2644 =

247 2665 342 2713 merito
351 2679 460 2725 ponens.
472 2691 501 2698 —
514 2662 678 2711 Deridere.
693 2663 801 2710 Comme
813 2617 836 2709 ld
846 2663 875 2710 fit
886 2663 1007 2772 Senezue
1018 2665 1085 2711 dans
1096 2679 1144 2710 son
1155 2662 1248 2710 Ludus

247 2727 278 2774 de
294 2728 377 2773 morte
396 2724 510 2782 Claudii,
524 2725 718 2784 vulgairement
730 2724 824 2786 appele
838 2725 956 2786 Apokoto
976 2724 1080 2787 yntoois
1093 2725 1250 2787 (me'tamor-

246 2789 329 2850 phose
346 2788 379 2833 de
397 2787 494 2833 Cluude
510 2801 541 2832 en
555 2787 696 2843 citrouillel
712 2801 716 2833 :
731 2787 868 2847 pamphlet
882 2788 948 2834 dans
965 2787 1053 2848 lequel
1066 2790 1107 2834 est
1121 2787 1248 2834 racontee

247 2850 375 2896 l'histoire
389 2849 421 2893 de
435 2848 509 2894 l'etme
523 2849 555 2893 dc
569 2848 667 2894 Claude
681 2849 758 2908 apres
776 2863 804 2894 sa
819 2852 897 2895 mort.
911 2875 940 2882 —-
954 2849 1057 2898 Deum
1069 2849 1160 2898 volet
1170 2847 1247 2898 dici.

247 2912 320 2958 Dans
331 2912 354 2957 le
369 2911 439 2956 culte
450 2910 496 2956 des
510 2924 663 2970 empereurs
677 2929 687 2950 n
702 2909 739 2956 les
751 2910 904 2972 hommngcs
915 2910 1102 2957 s'adressaient
1113 2910 1200 2957 moins
1214 2925 1248 2957 ou

247 2974 338 3033 prince
352 2973 430 3033 qu'au
440 2970 524 3018 Genie
538 2971 573 3016 du
588 2970 686 3032 Peuple
700 2972 811 3028 romain,
826 2971 922 3018 vendre
936 2986 997 3018 sous
1011 2972 1035 3019 la
1048 2972 1147 3018 double
1161 2973 1248 3019 forme

247 3036 280 3081 de
297 3035 321 3080 la
339 3033 407 3080 Ville
425 3033 550 3079 eternelle
568 3036 594 3079 et
609 3034 644 3078 dn
657 3033 718 3078 chel
729 3033 761 3080 de
773 3031 891 3092 l¹empire
906 3047 911 3080 :
929 3047 958 3079 ce
972 3033 1065 3080 n'etait
1075 3048 1123 3094 pes
1136 3034 1161 3080 le
1177 3033 1249 3080 culte

247 3097 280 3143 de
300 3096 431 3150 l'homme,
450 3094 540 3141 c'etait
555 3095 579 3140 la
600 3095 708 3154 religion
727 3095 760 3140 de
779 3094 942 3141 l'Etat-Dieu
962 3113 973 3136 »
993 3094 1108 3156 (Duruy,
1127 3095 1174 3154 lv,
1197 3095 1248 3157 3²1).

247 3158 314 3204 Voir
332 3173 365 3204 au
386 3156 490 3217 leuique
512 3155 618 3213 Genius,
642 3155 743 3202 Tutela.
766 3155 904 3202 D'ailleurs
921 3156 1080 3216 l'empereur
1099 3157 1248 3216 apotheose

247 3220 313 3267 c'tnit
327 3218 461 3280 proclame
476 3217 552 3265 diuus
568 3221 594 3264 et
607 3232 659 3264 non
673 3217 752 3265 Deus.
768 3236 778 3259 a
794 3217 831 3263 Or
842 3218 866 3263 le
884 3217 962 3264 diuus
978 3217 1071 3264 n'etait
1083 3219 1161 3278 point
1179 3219 1249 3265 Dieu

248 3284 308 3328 tout
327 3282 341 3327 d
359 3280 415 3339 fait,
433 3294 482 3340 pas
498 3280 622 3340 plusque
640 3293 671 3325 ne
690 3279 713 3324 le
727 3281 789 3325 sont
806 3279 844 3325 les
862 3278 916 3326 divi
931 3293 964 3326 ou
978 3279 1061 3326 saints
1076 3280 1111 3326 du
1128 3281 1249 3327 christia-

248 3344 340 3389 nismc.
356 3343 432 3401 Mais,
447 3342 465 3388 il
478 3340 544 3387 etait
557 3342 616 3402 plus
631 3338 710 3401 qu'un
725 3340 839 3395 homme,
856 3355 906 3386 une
920 3343 992 3388 sorte
1005 3341 1038 3388 de
1049 3341 1110 3388 dieu
1124 3343 1249 3402 corporel

248 3409 275 3451 et
294 3405 411 3465 present,
432 3403 446 3448 a
466 3404 510 3463 qui
526 3403 625 3449 etaient
644 3402 693 3448 dus
714 3417 765 3448 une
786 3401 856 3462 piete
871 3402 947 3449 fidele
967 3405 994 3449 et
1013 3418 1048 3449 un
1068 3403 1249 3451 devouement

248 3481 308 3513 sans
326 3466 448 3512 boenes»
467 3465 580 3525 (Duruy,
595 3464 703 3510 ibidem.
719 3463 758 3510 Cs.
773 3463 851 3521 Dion,
867 3468 904 3522 53,
923 3464 970 3525 16).
984 3491 1014 3498 -
1031 3464 1172 3514 Grande.
1187 3464 1250 3512 Ter-

248 3528 340 3574 tullien
359 3531 412 3573 met
429 3526 466 3572 les
484 3540 636 3586 empereurs
648 3529 708 3572 tout
722 3526 782 3586 pres
799 3525 832 3570 de
848 3526 915 3572 Dieu
934 3539 939 3572 :
955 3541 970 3572 e
985 3526 1037 3573 Deo
1053 3525 1172 3584 secundi,
1191 3527 1250 3574 solo

248 3589 301 3636 Deo
320 3588 443 3635 ntiuores.
462 3614 492 3622 —
508 3588 729 3636 Admonetur:
749 3588 854 3632 dcause
871 3587 918 3633 des
935 3588 1062 3635 railleries
1094 3603 1127 3634 ue
1140 3589 1249 3635 lancent

247 3652 285 3698 les
299 3651 398 3697 soldats
410 3649 455 3712 qui
468 3650 574 3695 suivent
586 3650 609 3695 le
625 3649 690 3695 char
706 3649 742 3694 du
760 3649 962 3708 triomphateur.
978 3649 1017 3696 Cl.
1033 3650 1071 3696 les
1103 3663 1170 3696 eaux
1187 3663 1250 3696 vers

248 3715 281 3759 de
295 3711 430 3758 tlalherbe
443 3711 567 3772 (Paraplr.
583 3710 617 3757 du
627 3725 667 3771 ps.
681 3709 734 3770 115)
750 3723 754 3756 ;
773 3710 843 3755 Pour
855 3711 951 3770 grands
965 3726 1016 3772 que
1031 3712 1119 3758 soient
1132 3711 1171 3757 les
1183 3711 1248 3769 rois,

248 3776 280 3821 ils
297 3778 358 3821 sont
373 3789 401 3819 ce
419 3788 470 3833 que
484 3787 551 3818 nous
564 3786 688 3828 sommes,
706 3770 917 3819 Ve'ritablement
934 3773 1063 3831 hommes,
1077 3772 1111 3821 Et
1124 3777 1249 3820 meurent

248 3851 350 3883 commc
363 3850 437 3882 nous.

670 3922 828 3971 *162³-
