2756 4238
451 122 535 179 271.
555 125 739 180 comment
758 123 785 177 ss
804 123 888 178 tant
905 124 1025 190 punir.

497 267 501 275 ,
545 218 694 274 (Quomodo
702 217 874 280 puniendum
886 217 942 278 su.)

185 330 225 393 2⁶
278 333 343 392 Nec
366 353 440 392 vero
466 332 612 392 audiendi
638 334 691 414 qui
717 333 854 411 graviter
885 333 1019 391 inimicis
1051 331 1247 391 irascendum
1365 349 1366 428 p

239 429 404 510 putabunt,
424 429 537 509 idque*
552 431 739 508 magnanimi
756 437 786 488 et
800 430 888 488 sortis
905 430 964 487 viri
975 450 1041 488 esse
1056 429 1249 503 censebunt3
1365 431 1366 508 ¹

239 525 315 583 nibil
345 526 426 584 enim
458 526 654 598 laudabilius,
690 527 766 584 nihil
799 547 911 603 magno
940 533 972 585 et
998 525 1148 605 praeclaro
1177 525 1247 584 viro
1365 513 1366 570 ¹

238 621 362 699 dignius
372 622 579 702 placabilitate
588 631 681 703 atque
694 623 855 682 clementia
864 625 886 682 *.
900 623 936 680 ln
948 623 1053 681 liberis
1065 643 1137 680 vero
1148 642 1249 702 popu·

239 717 276 778 lis
291 726 321 777 et
334 719 365 777 in
376 720 457 799 juris
472 720 703 799 aequabilitate*
718 720 888 778 exercenda
903 719 996 778 etiam
1011 727 1059 778 est
1074 718 1206 778 facilitas
1218 723 1251 777 et

238 815 390 876 altitudo*
412 817 518 890 animi,
540 838 609 896 quae
627 817 751 888 dicitur,
772 838 821 888 ne,
841 817 865 874 si
884 818 1054 876 irascamur
1066 824 1120 874 aut
1135 817 1248 874 intem-

239 913 358 993 pestive
379 913 596 972 accedentibus
609 921 662 973 aut
677 914 873 994 impudenter
889 913 1081 991 rogantibus,
1099 913 1131 970 in
1144 932 1247 971 moro-

238 1009 360 1068 sitatem
376 1010 518 1070 inutilem
532 1018 563 1070 et
579 1010 718 1070 odiosam
735 1011 918 1070 incidamus.
939 1011 976 1068 Et
993 1017 1101 1071 tamen¹
1114 1009 1158 1068 ita
1174 1029 1247 1089 pro-

240 1106 339 1165 banda
358 1115 404 1167 est
421 1107 626 1166 mansuetudo
642 1116 734 1186 atque
755 1108 929 1180 clementia,
951 1117 983 1165 ut
1000 1105 1185 1166 adhibeatur
1203 1105 1249 1164 rei

239 1203 369 1282 publica}
386 1225 476 1263 eausa
497 1205 656 1275 severitas,
673 1205 739 1263 sine
757 1225 816 1284 qua
835 1203 1043 1263 administrari
1058 1203 1168 1263 civitas
1184 1223 1248 1261 non

240 1308 352 1379 potest.
371 1301 479 1360 Omnis
496 1309 598 1361 autem
617 1311 647 1360 et
663 1301 890 1361 animadversio
908 1309 939 1359 et
956 1301 1118 1379 castigatio
1134 1306 1248 1359 coutu-

238 1397 328 1456 melia
352 1418 461 1457 vacare
478 1398 580 1469 debet,
608 1400 726 1478 neque*
747 1398 785 1457 ad
808 1399 942 1478 ejusqui
964 1398 1092 1476 punitur
1113 1397 1248 1476 aliquem

238 1502 292 1552 aut
305 1495 407 1553 verbis
428 1495 569 1572 castigat,
595 1495 646 1553 sed
668 1495 705 1554 ad
729 1495 918 1575 reipublicae
938 1495 1104 1553 utilitatem
1123 1492 1242 1552 referri.

238 1590 439 1650 Cavendum¹
457 1601 503 1650 est
522 1592 626 1664 etiam,
649 1613 686 1650 ne
701 1593 800 1671 major
816 1612 909 1670 poena
929 1611 1022 1671 quam
1038 1591 1130 1669 culpa
1146 1591 1196 1659 sit,
1214 1597 1246 1648 et

238 1708 276 1747 ne
297 1687 405 1746 iisdem
430 1688 468 1746 de
490 1689 590 1748 causis
613 1689 663 1746 alii
686 1688 872 1767 plectantur,
893 1688 943 1747 alii
967 1709 1007 1748 ue
1027 1687 1245 1767 appellentur*

236 1783 372 1863 quidem.
392 1784 585 1843 Prohibenda
605 1791 708 1844 autem
724 1786 856 1844 maxime
876 1793 923 1844 est
945 1786 990 1844 ira
1012 1785 1043 1843 iu
1066 1783 1242 1863 puniend0;

237 1901 404 1959 numquam
427 1881 508 1939 euim
529 1882 624 1939 iratus
644 1882 696 1960 qui
718 1883 843 1940 accedet
866 1882 904 1940 ad
928 1903 1063 1961 poenam,
1087 1879 1251 1940 1110110011-

237 1978 352 2035 tatem*
377 1977 458 2036 illam
481 1978 610 2051 tenebit,
637 1999 705 2058 quae
729 1987 775 2037 est
801 1979 882 2037 inter
906 1979 1036 2037 nimium
1063 1985 1093 2036 et
1120 1997 1242 2057 parum,

236 2093 305 2151 quae
328 2073 428 2152 placet
452 2075 695 2154 Peripateticis*.
727 2075 800 2134 llla*
824 2096 898 2135 vero
925 2076 1068 2134 omnibus
1095 2075 1127 2132 in
1152 2074 1248 2134 rebus

237 2170 425 2249 repudianda
448 2180 504 2242 est,
521 2171 754 2252 optandumque
771 2179 805 2231 ut
826 2172 846 2230 ii
862 2173 914 2252 qui
931 2180 1070 2252 praesunt
1085 2172 1128 2230 rei
1145 2171 1243 2251 publi-

236 2287 281 2326 cae
301 2266 401 2346 legum
421 2268 555 2326 similes*
568 2269 640 2340 siut,
656 2289 725 2349 quae
736 2268 774 2327 ad
788 2269 979 2349 puniendum
996 2289 1056 2327 non
1073 2267 1245 2342 iracundia,

239 2363 293 2422 sed
309 2365 455 2444 aequitate
471 2366 639 2425 ducuntur.

267 2478 307 2528 ΙΨ
320 2477 383 2529 271
404 2494 410 2528 :
429 2480 540 2542 quue,
558 2478 719 2528 c'est-t-dire
737 2479 859 2544 graviter
877 2478 959 2528 irasci
980 2478 1107 2529 inimicis.
1128 2506 1158 2515 -
1177 2479 1247 2529 Gle-

236 2539 368 2591 mentio.
382 2541 449 2590 Voir
461 2543 485 2588 le
502 2542 534 2589 de
548 2541 695 2590 Clementia
708 2543 735 2589 et
745 2543 769 2588 le
784 2541 816 2590 de
829 2541 874 2589 lra
886 2542 919 2590 de
934 2541 1066 2603 Sauoque.
1080 2543 1104 2590 Α
1117 2540 1247 2603 l'opinion

236 2604 269 2649 de
283 2601 420 2664 Napolcon
437 2604 482 2666 qui
496 2603 608 2664 pretend
619 2618 670 2665 que
683 2604 709 2650 la
721 2603 856 2651 clemence
867 2606 907 2651 est
921 2623 932 2646 ι(
948 2617 1000 2651 une
1015 2603 1039 2651 si
1048 2615 1151 2666 pauore
1160 2603 1247 2666 petite

235 2667 312 2712 oertu
326 2665 417 2727 quand
429 2666 479 2712 etle
493 2678 525 2713 ne
535 2662 654 2774 s'appuie
661 2679 713 2774 pas
726 2679 774 2713 sur
789 2665 814 2712 10
824 2664 960 2742 potitique
974 2684 995 2722 1,
1007 2679 1042 2711 on
1053 2668 1118 2726 peut
1130 2678 1248 2735 opposer

236 2727 302 2773 celle
317 2727 350 2773 de
363 2726 529 2788 Shakspeare
544 2741 550 2774 :
563 2746 573 2769 1
608 2741 622 2773 a
635 2726 658 2774 cl
677 2741 769 2774 mence
782 2730 823 2774 est
834 2742 863 2774 ce
874 2742 909 2789 qu
919 2727 938 2773 il
949 2741 992 2789 ya
1007 2727 1040 2773 de
1052 2726 1247 2788 pluspu1ssant

236 2789 303 2835 dans
318 2788 342 2835 la
356 2790 601 2849 toute-puissance;
619 2788 669 2835 elle
684 2789 741 2835 sied
757 2803 790 2836 au
808 2803 954 2850 monarque
968 2803 1013 2835 sur
1025 2789 1049 2834 le
1066 2789 1142 2835 trbue
1155 2789 1246 2835 mieux

255 2864 288 2897 ue
301 2865 329 2896 sa
342 2865 478 2897 couronne
495 2852 631 2898 meme.....
651 2849 687 2897 La
703 2849 837 2897 cle'mence
854 2853 896 2897 est
911 2851 1051 2897 au-dessus
1069 2850 1105 2896 du
1123 2854 1245 2911 sceptre3

236 2912 286 2958 ele
304 2927 318 2958 a
339 2926 387 2958 son
405 2913 481 2959 trbne
499 2913 565 2958 dans
581 2912 604 2958 le
617 2926 692 2964 coeur
704 2913 751 2959 des
768 2911 823 2958 rois
839 2926 844 2958 z
859 2912 909 2958 elle
925 2915 1018 2960 estun
1038 2910 1152 2958 attribut
1168 2911 1201 2958 de
1220 2911 1246 2958 la

236 2973 358 3021 divinite‘.
374 2974 409 3019 Le
421 2974 535 3034 pouvoir
547 2977 673 3021 terrestre
686 2974 731 3034 qui
742 2972 878 3035 approche
888 2974 912 3019 le
925 2973 985 3034 plus
998 2974 1030 3019 de
1041 2972 1109 3019 celui
1121 2973 1152 3018 de
1165 2973 1244 3031 Dieu,

236 3033 301 3082 c'est
315 3035 338 3082 la
354 3036 450 3096 justice
463 3035 598 3096 temperee
611 3050 660 3096 par
672 3035 697 3082 la
710 3035 844 3082 clemence
859 3055 869 3077 o
887 3034 1021 3097 (Sbyloclr,
1042 3034 1087 3091 lV,
1099 3035 1138 3094 ·1).
1157 3033 1246 3081 Relire

237 3097 260 3144 le
274 3095 308 3142 V·
321 3099 379 3143 acte
394 3096 426 3143 de
439 3096 531 3144 Cinna.
546 3124 574 3131 —
587 3097 622 3145 In
635 3096 723 3158 juris
737 3096 980 3157 aequabilitate
994 3115 1025 3138 =
1040 3096 1066 3142 in
1081 3097 1187 3158 populis
1197 3095 1244 3142 ubi

234 3158 294 3218 jura
307 3158 427 3219 aequalia
443 3160 513 3206 sunt.
528 3185 558 3193 -
570 3158 729 3208 Altitudo.
749 3157 860 3206 Ciceron
876 3159 978 3205 traduit
993 3158 1060 3204 ainsi
1076 3157 1099 3204 le
1113 3160 1169 3204 mot
1183 3172 1245 3219 grec

237 3221 349 3287 βαθύτης,
362 3219 458 3280 auquel
472 3220 490 3266 il
503 3220 591 3266 donne
603 3221 673 3267 aussi
687 3221 753 3267 dans
766 3234 808 3267 ses
821 3220 914 3267 lettres
927 3219 988 3280 (Ad.
1002 3219 1069 3275 Ata,
1084 3219 1117 3276 V,
1132 3223 1170 3278 10,
1183 3221 1207 3280 3)
1220 3219 1245 3266 le

236 3302 298 3336 sens
311 3289 343 3336 de
357 3289 471 3336 sorduit&
483 3291 621 3352 prolonde.
634 3316 663 3325 -
675 3289 942 3351 Neque...rel'erri
951 3308 983 3332 =
995 3289 1020 3335 el
1032 3287 1132 3348 referri
1145 3289 1179 3336 ad
1194 3289 1245 3336 uti-

237 3349 340 3398 titatem
354 3366 407 3398 non
420 3351 539 3414 ejusqui
549 3351 666 3414 punitur
679 3351 862 3458 qdeponenb...
875 3351 921 3399 sed
934 3351 967 3399 ad
980 3349 1156 3413 reipublicae
1167 3349 1244 3398 utili-

238 3413 323 3458 tatem.
342 3438 369 3448 -
382 3413 580 3463 Cavendum.
598 3413 664 3460 Voir
693 3413 876 3475 lontesquieu,
890 3412 982 3474 Esprit
997 3412 1042 3460 des
1055 3412 1124 3467 Lois,
1139 3413 1185 3472 Vl,
1199 3417 1244 3472 163

237 3473 295 3531 Xll,
312 3475 334 3522 1.
354 3475 392 3524 ef.
411 3475 449 3522 les
466 3473 552 3522 De'lits
566 3477 591 3522 et
611 3475 647 3522 les
661 3475 754 3522 Peines
772 3476 804 3522 de
818 3475 952 3522 Beccaria.
967 3503 998 3510 —
1016 3474 1243 3552 Appellentuin

236 3553 269 3590 au
284 3557 344 3592 sens
355 3545 436 3606 ¹jurldi
459 3560 491 3592 ue
501 3547 536 3592 du
548 3549 611 3592 nrot.
628 3571 654 3579 -
665 3544 941 3595 mediocritatem.
957 3544 995 3593 Ct'.
1008 3545 1032 3591 le
1045 3557 1068 3588 εν
1084 3540 1152 3606 μέσῳ
1168 3539 1244 3606 operti

237 3604 394 3654 d'Aristote.
407 3634 435 3642 -
475 3606 692 3669 eripateticis.
707 3607 739 3653 Et
750 3609 877 3668 pourtant
889 3608 1009 3654 Aristote
1024 3605 1133 3668 (Morale
1145 3607 1160 3653 (1
1173 3606 1243 3666 Nic,

237 3665 283 3725 IV,
299 3669 336 3728 71)
352 3669 410 3715 volt
422 3669 488 3715 dans
501 3669 524 3714 la
540 3669 627 3715 colere
641 3683 674 3715 un
690 3669 833 3715 sentiment
846 3669 962 3726 legitime
976 3682 1008 3714 en
1022 3669 1071 3728 soi,
1085 3683 1136 3729 que
1147 3669 1171 3715 le
1182 3683 1244 3730 suge

235 3731 301 3835 peut
309 3732 336 3776 ct
346 3729 540 3800 doituressentir
547 3729 656 3804 parteis.
667 3756 696 3763 —
710 3731 780 3798 Illa,
795 3745 822 3775 se
836 3733 961 3792 rapporte
972 3730 987 3776 (1
998 3728 1047 3776 ira.
1056 3755 1086 3762 -
1097 3728 1241 3778 Similes:

246 3804 260 3835 a
273 3803 460 3852 comparaison
475 3793 516 3838 est
528 3791 544 3836 d
554 3792 674 3838 Aristote
688 3790 788 3851 (Poto,
803 3791 849 3849 Ill,
866 3793 913 3852 16).

660 3879 818 3930 -au-
