2658 4244
350 129 431 185 110.
452 129 646 189 Helvidius
660 128 822 186 Priscus.

429 225 476 286 (De
487 225 610 273 Heluidio
623 223 736 286 Prisco.)

17 317 19 410 l
122 337 283 398 Helvidius
300 340 443 400 Priscus*
458 341 616 418 ingenium
635 341 754 399 illustre
774 341 956 400 altioribus*
977 339 1086 400 studiis
1101 337 1142 400 3⁰

17 411 19 504 l
83 434 204 513 juvenis
232 436 397 495 admodum
425 437 519 508 dedit,
551 459 624 504 nou,
653 446 687 496 ut
715 438 865 518 plerique,
898 444 932 497 ut
962 438 1085 496 nomine

17 509 19 542 ⁴
85 533 263 610 magnifico*
276 555 367 611 segne
382 535 478 594 otium
495 535 621 608 velaret,
646 535 698 594 sed
716 555 777 615 quo
797 535 914 592 tirmior
938 535 1085 594 adversus

85 629 209 688 fortuita
237 631 459 710 rempublicam
491 640 675 712 capesseret.
715 633 889 691 Doctores*
926 632 1085 711 sapientiae

84 733 206 786 secutus
223 736 269 786 est
284 729 336 806 qui
349 729 412 788 sola
432 730 513 788 bona
535 751 604 809 quae
619 729 758 802 honesta,
781 729 860 787 mala
876 737 995 788 tanturn
1016 749 1085 807 quae
1144 742 1147 746 ’

84 825 194 902 turpia,
220 825 399 904 potentiam,
428 827 619 886 nobilitatem
647 833 810 906 ceteraque
837 834 924 884 extra
947 826 1084 884 animum

83 922 1085 1002 nwmmmmwfflfflmffimmwQOmmsfflmc

83 1018 200 1077 aPaeto
224 1019 356 1078 Thrasea
381 1041 475 1098 gener
503 1021 652 1091 delectus,
681 1021 854 1080 amoribus
880 1020 978 1078 soceri
1007 1019 1084 1077 nihil

82 1136 168 1195 reque
184 1136 219 1174 ac
233 1116 406 1176 libertatem
424 1117 525 1176 hausit
543 1137 549 1178 :
567 1119 652 1186 civiS,
670 1125 804 1190 senator,
822 1119 961 1188 marituS,
978 1137 1081 1194 gener,

82 1213 207 1281 amicus,
236 1214 355 1272 cunctis
377 1214 449 1273 vitae
469 1215 575 1273 officiis
599 1215 787 1294 aequabilis*,
808 1235 902 1293 opum
924 1221 1085 1292 contemp-

84 1316 138 1379 tor,
155 1310 229 1368 recti
246 1311 401 1390 pervicax,
423 1321 569 1371 constans
594 1313 740 1370 adversus
765 1320 875 1371 metus,
901 1311 1084 1389 Erant'qui·

83 1407 136 1465 bus
158 1409 353 1486 appetentior
375 1409 464 1468 famae
485 1409 652 1481 videretur,
676 1409 800 1488 quando
818 1409 910 1467 etiam
937 1408 1085 1488 sapienti-

82 1503 135 1562 bus
164 1505 278 1583 cupido
300 1506 406 1582 gloriae
431 1507 596 1565 novissima
623 1507 746 1564 exuitur
757 1507 778 1564 *.
806 1506 906 1564 Ruina
930 1505 1027 1564 soceri
1052 1505 1084 1562 in

82 1600 219 1659 exsilium
245 1601 364 1680 pulsus,
388 1610 422 1662 ut
447 1603 554 1664 Galbae
577 1603 751 1682 principatu
780 1603 883 1674 rediit,
903 1603 1083 1661 Marcellum

83 1697 205 1776 Eprium
218 1700 239 1770 *‚
270 1699 437 1758 delatorem
461 1701 615 1771 Thraseae,
645 1720 789 1758 accusare
818 1699 1006 1778 aggreditur.
1041 1700 1084 1756 Ea

82 1783 1084 1877 umunwammmnjoe*anjmnm,ammmnimmadnu

17 1893 18 1904 ¹
82 1900 175 1951 xerat.
192 1893 295 1952 Primo
311 1895 413 1953 minax
430 1902 597 1966 certamen,
615 1901 647 1953 et
660 1895 787 1973 egregiis
802 1895 961 1973 utriusque
972 1894 1084 1952 oratio-

83 1989 168 2048 nibus
183 1997 341 2051 testatum.
357 1991 442 2063 Mox,
457 1992 550 2050 dubia
565 1991 725 2050 voluntate
741 1991 859 2061 Galbae,
878 1990 982 2048 multis
999 2011 1084 2049 sena-

84 2092 181 2144 torum
210 2087 457 2166 deprecantibus,
485 2089 609 2147 omisit*
642 2089 778 2160 Priscus
815 2088 920 2158 variis,
953 2094 986 2144 ut
1011 2095 1084 2145 sunt

83 2181 238 2242 hominum
249 2185 382 2263 ingenia,
402 2185 617 2244 sermonibus*
631 2185 877 2243 moderationem
891 2183 1082 2242 laudantium

82 2281 345 2351 autconstantiam
359 2281 595 2362 requirentium.

110 2429 150 2478 Νο
175 2429 238 2480 110
257 2445 262 2478 :
282 2429 455 2480 Helvidius
478 2431 622 2487 Priscus,
639 2432 737 2493 gendre
760 2433 792 2477 de
807 2429 933 2487 Thrasea,
950 2429 1017 2477 exile'
1034 2433 1085 2492 par·

83 2489 176 2549 Neron,
191 2507 223 2539 ne
238 2493 327 2540 revint
339 2494 354 2539 a
366 2492 448 2539 Rome
466 2493 588 2554 qu'apres
600 2493 623 2540 la
641 2496 712 2540 mort
729 2494 761 2539 de
780 2507 809 2539 ce
821 2493 913 2553 prince
927 2507 996 2554 pour
1012 2495 1082 2540 atta-

83 2566 144 2612 quer
165 2569 196 2600 en
214 2555 272 2601 iace
292 2555 330 2602 les
347 2554 489 2611 dc'lateurs,
510 2555 651 2602 Marcellus
667 2554 772 2615 Eprius,
796 2557 823 2601 et
844 2554 953 2615 Crispus
976 2553 1080 2601 Vibius.

83 2611 195 2662 Stoicien
209 2619 235 2663 et
245 2615 419 2677 republicain,
434 2631 537 2663 comme
550 2631 598 2662 son
613 2615 768 2676 beau-pere,
786 2617 804 2663 il
821 2616 916 2664 allecta
938 2616 971 2662 de
989 2616 1082 2663 traiter

85 2675 225 2737 Vespasicn
251 2691 283 2723 en
305 2678 400 2738 simple
426 2678 590 2738 particulier‚
615 2675 767 2725 l'invectiva
792 2678 929 2724 vivement
950 2691 981 2724 en
1009 2678 1081 2738 plein

83 2735 169 2795 Se'nat,
180 2739 210 2784 tit
222 2739 344 2798 toujours
357 2737 449 2800 l'cloge
460 2740 494 2785 du
511 2741 719 2800 gouvernement
731 2740 870 2800 populaire
881 2741 908 2786 et
921 2753 953 2785 ne
965 2753 1081 2799 manqua

81 2797 172 2856 jamais
184 2800 216 2846 de
227 2799 347 2846 celebrer
359 2813 408 2862 par
418 2815 469 2848 une
480 2802 532 2848 lete
544 2801 567 2847 le
580 2802 642 2861 jour
653 2801 686 2846 de
699 2801 838 2848 naissance
851 2802 884 2847 de
900 2801 997 2847 Brutus
1010 2802 1081 2847 etde

83 2860 193 2908 Cassius.
207 2862 365 2922 Vespasien,
378 2863 454 2920 lasse,
471 2862 556 2910 l'exila
574 2861 693 2918 d'abord,
707 2863 767 2923 puis
779 2863 816 2909 lui
827 2877 931 2922 envoya
941 2859 1037 2908 l'ordre
1048 2863 1081 2908 de

83 2936 107 2968 se
123 2924 226 2970 donner
246 2924 271 2971 la
291 2928 369 2972 mort.
390 2951 420 2959 -
441 2921 635 2980 Altioribus,
654 2923 763 2984 designe
784 2925 808 2971 la
830 2923 1007 2985 philosophie.
1031 2923 1081 2970 Les

84 2982 204 3032 Homains
226 2983 280 3032 s'en
305 2987 425 3033 tenaient
449 2985 608 3033 d'ordinaire
627 3000 661 3032 au
681 2986 752 3032 droit
776 2988 803 3032 et
822 2987 836 3032 a
858 2984 1029 3045 l'eloquence.
1050 3013 1081 3020 —

82 3044 262 3108 Magnifice.
278 3047 369 3094 Tacite
382 3047 567 3109 desapprouve
580 3047 618 3094 les
633 3047 797 3108 orgueilleux
810 3048 863 3108 qui,
879 3062 941 3094 sous
959 3046 1081 3107 pretexte

83 3106 110 3152 de
126 3109 304 3170 philosophie,
322 3107 485 3156 disertaient
501 3110 539 3156 les
556 3109 663 3155 devoirs
680 3109 713 3154 de
726 3108 750 3154 la
763 3109 805 3154 vie
821 3109 951 3169 politique
969 3111 996 3154 et
1010 3108 1043 3154 de
1056 3109 1081 3156 la

17 3193 18 3218 1
82 3168 119 3214 vie
132 3170 218 3217 civile.
235 3196 265 3206 -
275 3171 442 3220 Doctores.
457 3171 478 3217 ll
491 3169 567 3231 s'agit
579 3171 626 3217 des
639 3171 766 3218 stoiciens
781 3171 847 3217 dont
859 3170 951 3216 Tacite
961 3185 994 3216 va
1005 3169 1080 3216 resu-

17 3255 18 3282 3
83 3243 134 3276 mer
154 3231 179 3278 la
198 3231 306 3279 morale.
322 3259 353 3267 -
370 3231 562 3291 AEuuahilis.
582 3232 621 3278 De
639 3233 723 3278 meme
741 3230 859 3292 seneque
878 3232 981 3278 de'clare
993 3245 1043 3292 que
1056 3231 1081 3278 le

83 3289 198 3339 bonheur
209 3294 284 3340 vient
297 3308 346 3341 aea
356 3293 463 3356 placido
473 3294 543 3342 citae
556 3294 580 3340 et
592 3293 719 3341 continuo
731 3294 822 3340 tenore
840 3308 919 3340 unam
930 3293 1081 3356 prementis

82 3351 146 3400 viam
158 3373 169 3396 u
183 3355 207 3414 (a
219 3354 350 3412 Lucilius,
361 3357 410 3414 23).
422 3383 448 3390 -
462 3355 605 3406 Exuitur
620 3371 624 3403 :
638 3359 695 3402 mot
707 3355 821 3416 profond
835 3369 880 3402 sur
889 3370 925 3401 un
936 3356 1081 3402 sentiment

82 3416 283 3472 profondement
297 3418 414 3468 humaiu.
432 3417 619 3480 -Eprium,
642 3420 748 3464 orateur
770 3419 797 3463 et
823 3417 943 3463 de'lateur
964 3417 1079 3464 sameux.

83 3473 169 3524 Tacite
181 3477 271 3538 (Diei,
283 3480 322 3540 12)
337 3479 377 3525 dit
394 3494 425 3526 en
438 3480 544 3540 parlant
554 3480 586 3525 de
601 3480 637 3526 lui
654 3481 680 3525 et
698 3480 730 3526 de
748 3492 790 3525 ses
807 3479 927 3540 acolytes
941 3493 946 3526 :
960 3478 1081 3526 lucrosae

83 3535 113 3583 bu
124 3537 161 3585 'us
172 3541 196 3586 et
206 3539 395 3602 sanquinantis
405 3539 565 3604 eloquentiae
579 3555 642 3588 usus
654 3554 753 3588 recens.
762 3539 916 3602 —Madon
928 3540 943 3586 (1
955 3554 1034 3588 cause
1047 3541 1080 3586 de

82 3597 104 3644 la
113 3553 191 3647 haute
202 3603 330 3649 situation
341 3599 471 3662 d'Eprius.
486 3629 516 3636 -—
524 3600 654 3652 omisit.
668 3603 863 3648 sous-entendu
873 3601 1079 3648 accusationem.

82 3685 109 3694 -
117 3662 229 3712 Variis
237 3662 451 3713 sermonibus.
461 3665 496 3710 Le
508 3662 855 3711 desistementd'Helvidius
868 3663 909 3709 fut
919 3663 981 3724 juge
992 3665 1081 3710 diver-

83 3727 188 3770 scment.
202 3725 302 3783 Tacite,
316 3725 423 3772 suivant
436 3740 483 3774 son
497 3725 634 3785 habitude,
649 3727 736 3772 donne
749 3725 787 3772 les
798 3726 868 3772 deux
880 3725 1004 3786 opinions
1015 3739 1079 3772 con·

84 3785 174 3832 tratres
183 3789 209 3833 et
221 3788 328 3834 reserve
340 3787 365 3834 la
375 3787 476 3835 sienne.

500 3895 655 3945 -lll—
