2696 4244
128 179 206 235 174.
229 179 560 235 commencements
582 180 626 235 de
651 178 739 235 l’art
763 177 930 234 theatral
955 177 979 234 a
999 179 1122 233 Rome.

286 274 332 336 (De
345 274 413 322 artis
424 274 558 322 scaenicae
571 274 642 338 apud
655 274 785 322 Romanos
795 271 960 336 principiis.)

104 419 106 426 ⁴
163 389 261 447 Parva
278 389 321 467 (ut
343 389 437 448 ferme
458 389 609 469 principia
625 388 739 468 omnia)
755 397 785 446 et
800 409 834 447 ea
857 389 921 467 ipsa
944 387 1123 466 peregrina*
1140 371 1196 446 20'

125 505 172 543 res
184 485 253 544 fuit.
269 486 341 544 Sine
357 487 492 544 carmine
515 486 588 556 3110,
610 473 675 545 sine
699 485 939 544 imitandorum*
954 483 1122 542 carminum

16 599 17 606 ¹
105 617 107 626 =
125 589 204 654 actu,
221 582 361 641 ludiones
377 605 413 642 ex
431 583 552 641 Etruria
566 583 666 654 acciti,
684 583 720 642 ad
738 583 873 641 tibicinis
888 581 996 640 modos
1011 579 1125 638 saltau-

125 686 179 750 teS,
210 679 290 738 haud
317 680 478 739 indecoros
503 688 604 738 motus
629 700 712 738 more
734 681 833 738 Tusco
857 679 980 738 dabant.
1008 677 1124 735 Imitari

126 775 234 834 deinde
247 797 298 834 eos
318 779 472 854 juventus,
497 777 587 836 simul
613 776 779 836 inconditis
808 777 889 834 inter
919 797 950 834 se
976 775 1125 854 jocularia

127 873 305 931 fundentes*
332 874 482 945 versibus,
513 894 645 953 coepere,
673 894 729 932 nec
758 874 864 932 absoni
887 895 903 932 a
929 893 1004 931 voce
1025 878 1126 929 motus

125 978 221 1028 erant.
238 973 372 1050 ⁴hempta
389 972 492 1050 itaque
518 992 566 1029 res
592 970 766 1050 saepiusque
785 969 963 1050 usurpando
983 969 1124 1027 excitata.

125 1067 304 1126 Vernaculis
319 1067 499 1139 artificibus,
517 1069 587 1147 quia
604 1069 700 1127 hister
714 1068 814 1125 Tusco
829 1067 924 1126 verbo
939 1066 1024 1124 ludio
1037 1083 1127 1124 voca-

126 1164 225 1236 batur,
242 1185 353 1223 nomen
376 1165 579 1223 histrionibus
603 1165 734 1223 inditum
755 1183 761 1224 :
779 1165 831 1244 qui
850 1185 923 1235 non,
938 1163 1027 1244 sicut
1044 1169 1126 1236 ante,

127 1261 315 1320 Fescennino
357 1265 469 1321 versu*
505 1261 648 1332 similem,
684 1262 923 1341 incompositum
949 1267 1064 1318 temere
1093 1279 1128 1318 ac

126 1358 231 1416 rudem
259 1359 383 1417 alternis
405 1358 576 1438 jaciebant,
605 1359 658 1418 sed
681 1359 823 1438 impletas
849 1358 948 1417 modis
977 1360 1125 1428 saturas*,

124 1455 277 1534 descripto
302 1455 367 1535 jam
396 1456 434 1515 ad
462 1456 621 1514 tibicinem
645 1463 747 1526 cantu,
764 1451 919 1535 ¹motuque
946 1454 1127 1531 congruenti

126 1552 321 1630 peragebant.
350 1553 456 1611 Livius
483 1560 554 1632 post
579 1554 697 1632 aliquot
721 1573 827 1623 annos,
859 1553 911 1631 qui
933 1551 972 1610 ab
995 1551 1128 1609 saturis*

126 1670 216 1706 ausus
232 1657 278 1707 est
300 1649 418 1728 primus
437 1657 618 1727 argumento
636 1649 768 1708 fabulam
788 1670 898 1720 serere,
913 1649 1037 1717 dicitur,
1058 1668 1127 1706 cum

130 1746 241 1825 saepius
254 1753 416 1805 revocatus
432 1767 540 1805 vocem
555 1746 737 1816 obtudisset,
755 1747 844 1804 venia
864 1747 960 1825 petita
982 1748 1128 1824 puerum*

128 1843 163 1900 ad
191 1843 364 1902 canendum
391 1851 461 1902 ante
490 1844 647 1902 tibicinem
675 1863 745 1902 cum
777 1844 943 1912 statuisset,
974 1843 1127 1900 canticum

126 1940 223 2016 egisse
237 1941 394 2019 aliquanto
406 1941 503 2018 magis
513 1941 637 2018 vigente
648 1947 746 2015 motu,
761 1941 832 2020 quia
848 1939 924 1998 nihil
935 1940 1020 1998 vocis
1037 1942 1128 1996 usus*

126 2037 321 2115 impediebat.
346 2037 421 2096 lude
433 2037 470 2096 ad
486 2059 611 2097 manum
620 2038 755 2096 cantari*
766 2037 967 2096 histrionibus
979 2045 1126 2116 coeptum,

126 2142 329 2222 diverbiaque
355 2151 475 2202 tantum
491 2145 628 2223 ipsorum
650 2143 720 2203 voci
738 2143 854 2202 relicta.
878 2144 1043 2222 Postquam
1063 2142 1129 2218 lego

126 2239 182 2297 hac
196 2243 207 2265 *
221 2240 393 2298 fabularum
410 2239 448 2298 ab
463 2240 527 2298 risu
541 2261 576 2298 ac
601 2239 702 2299 soluto
723 2239 795 2320 joco
816 2261 863 2298 res
884 2240 1081 2309 avocabatur,
1099 2246 1130 2296 et

129 2335 220 2395 ludus
243 2337 273 2394 in
294 2342 389 2394 artem
409 2336 557 2416 paulatim
576 2345 721 2409 verterat,
745 2337 904 2417 juventus,
929 2336 1130 2394 histrionibus
1183 2337 1189 2349 ⁶

125 2433 306 2491 fabellarum
320 2441 391 2491 actu
407 2434 525 2507 relicto,
541 2434 606 2512 ipsa
621 2434 702 2492 inter
714 2455 744 2492 se
758 2454 841 2491 more
859 2433 987 2512 antiquo
1000 2432 1129 2491 ridicula

125 2529 242 2588 intexta
260 2531 399 2588 versibus
410 2530 553 2610 jactitare
567 2531 682 2610 coepit:
700 2551 768 2610 quae
785 2530 892 2588 exodia
906 2538 1012 2608 postea
1026 2530 1131 2609 appel.

129 2625 200 2699 lata,
213 2631 434 2707 consertaque*
450 2626 570 2686 fabellis
586 2628 779 2706 potissimum
797 2626 947 2684 Atellanis
963 2633 1043 2686 sunt.

156 2759 197 2807 Νο
220 2759 285 2809 174
303 2756 509 2821 :Peregrina.
525 2757 594 2806 C'est
611 2774 643 2806 en
660 2763 704 2804 363
722 2773 782 2820 que,
799 2774 867 2820 pour
884 2760 991 2806 chasser
1002 2759 1027 2806 13
1044 2764 1129 2820 peste»

124 2821 150 2866 le
168 2821 244 2867 senat
259 2820 288 2867 fit
301 2822 376 2867 venir
391 2822 437 2867 des
451 2819 1039 2882 hateleursetrusques.—1mitand0rum
1058 2833 1131 2871 ear-

124 2880 249 2930 minum
268 2884 354 2940 actu‚
376 2883 530 2944 periphrase
550 2897 619 2944 pour
640 2883 696 2928 dire
716 2883 764 2929 :la
784 2883 946 2943 pantomine.
970 2909 999 2916 -
1028 2882 1130 2932 Simul

126 2950 312 3002 fundentes.
326 2952 365 3000 Cf.
384 2969 416 3000 en
429 2967 491 3015 grec
504 2945 555 3014 ἅμα
566 2968 600 3000 ou
614 2945 701 3014 μεταξὺ
718 2956 745 2999 et
764 2953 787 2999 le
805 2955 898 3014 partic.
919 2953 989 3015 pres.
1008 2954 1129 3010 Allusion

124 3029 178 3060 aux
191 3014 284 3061 chants
299 3016 459 3062 fescennius.
477 3042 506 3050 -
519 3016 624 3064 Versu
639 3034 670 3057 =
686 3016 783 3062 versui.
803 3042 833 3050 -
851 3015 1001 3064 Saturae.
1020 3015 1131 3075 D'apres

124 3075 234 3136 Magnin
250 3092 279 3122 ce
292 3081 348 3123 mot
362 3077 494 3124 viendrait
513 3077 549 3122 du
569 3076 689 3139 mc'ianqe
708 3077 741 3122 de
754 3078 884 3136 musique,
897 3077 929 3122 de
942 3077 1046 3137 paroles
1059 3078 1130 3123 etde

123 3137 209 3184 danse
222 3137 355 3198 quott'rait
367 3139 392 3184 la
408 3139 510 3186 satura.
527 3138 637 3198 D'apres
652 3141 811 3194 Mommsen,
825 3154 854 3184 ce
871 3138 951 3184 serait
963 3139 987 3184 le
1003 3139 1091 3196 chant,
1105 3139 1130 3185 13

126 3200 281 3245 mascarade
299 3200 345 3245 des
364 3214 428 3260 gens
444 3199 543 3262 pieins.
561 3227 592 3234 -
608 3199 659 3250 Ab
678 3199 812 3250 saturis,
827 3201 937 3246 laissant
949 3201 973 3246 la
988 3200 1012 3246 ln
1027 3202 1129 3247 satura.

125 3287 155 3295 -
174 3261 297 3319 Serere,
311 3262 459 3308 int-roduire
476 3262 543 3308 dans
555 3277 590 3308 un
604 3262 674 3322 sujct
686 3277 737 3308 unc
750 3262 874 3321 intrigue.
890 3289 915 3296 -
930 3262 1080 3318 Puerum,
1094 3277 1130 3308 un

124 3323 240 3368 esclave.
261 3350 291 3357 —
306 3323 403 3372 Usus.
426 3323 446 3369 Il
465 3324 540 3384 s'agit
560 3324 606 3370 des
628 3323 825 3384 me'uagements
843 3323 995 3384 quil-avait
1011 3339 1079 3384 pour
1102 3340 1131 3371 sa

124 3385 198 3430 voix.
214 3411 243 3418 —
256 3383 307 3432 Ad
323 3397 454 3434 manum
468 3384 609 3443 cantari,
624 3385 776 3445 expression
790 3386 821 3430 de
839 3385 951 3431 coutisse
968 3400 1015 3432 :se
1032 3387 1072 3432 dit
1084 3387 1131 3432 des

124 3445 270 3492 chanteurs
291 3447 344 3506 qui,
368 3462 399 3492 en
418 3445 546 3494 chantant
562 3447 600 3493 les
618 3448 717 3508 parties
739 3447 866 3507 tyriques,
885 3461 912 3492 se
937 3447 1132 3494 conformaient

124 3522 177 3553 aux
191 3511 277 3568 gestes
290 3509 337 3554 des
350 3512 463 3556 acteurs.
482 3535 511 3543 -
524 3508 610 3570 Lege
623 3509 694 3566 hae,
709 3510 786 3570 graec
799 3509 813 3554 31
826 3511 895 3554 cette
910 3506 1040 3555 necessite'
1053 3509 1131 3556 d'une

124 3569 241 3630 intrigue
259 3570 351 3616 suivie.
370 3597 400 3605 -
419 3569 572 3632 Antiquo.
588 3571 626 3616 De
644 3575 728 3616 meme
747 3569 1131 3626 enGrece,Pratinascree1e

124 3631 217 3678 drame
231 3631 368 3694 satyrique
381 3646 450 3692 pour
459 3632 590 3679 satisfaire
604 3647 670 3678 ceux
683 3634 728 3692 qui
746 3633 918 3691 regrettaient
935 3633 972 3679 les
989 3633 1074 3679 sarces
1085 3634 1132 3679 des

125 3693 441 3754 vieillesDionysiaques¹
455 3721 485 3728 —
496 3693 663 3743 Conserta.
677 3693 931 3740 Cesbouss'onneries
944 3695 1133 3741 s'unirentaux

126 3755 271 3812 Atellanes,
294 3756 346 3800 soit
362 3756 441 3815 qu'on
459 3757 497 3803 les
514 3757 590 3816 ¹jouat
607 3770 669 3802 sous
686 3755 770 3802 forme
788 3755 964 3807 d'entr'actes.
982 3757 1034 3803 soit
1051 3756 1130 3817 qu'on

125 3815 251 3876 tesjouat
268 3817 282 3862 a
299 3815 324 3862 13
339 3814 373 3861 fin
389 3818 421 3862 de
438 3818 462 3864 la
480 3819 562 3879 piece,
577 3818 591 3864 a
605 3818 629 3864 13
642 3818 718 3873 faeon
730 3817 765 3863 du
780 3818 871 3864 drame
882 3818 1027 3879 satyrique.

551 3933 707 3983 -175-
