2698 4234
457 189 543 262 401.
564 189 697 266 Contre
711 207 768 263 les
786 189 1016 274 haruspices.

622 300 663 364 (fn
676 299 852 365 haruspices.)
1321 241 1324 406 l

184 409 226 474 3⁰
280 415 394 474 Vetus*
409 413 483 475 illud
500 416 627 475 Catonis
645 415 810 474 admodum
830 415 939 474 scitum
964 421 1020 484 est,
1035 397 1085 492 qui
1104 437 1116 467 n
1134 409 1240 470 mirari
1322 407 1324 494 l

241 531 273 570 se
296 511 397 571 aiebat
423 512 506 592 quod
535 533 596 570 non
624 512 735 572 rideret
766 513 919 591 haruspex
944 509 1137 590 haruspicem
1168 528 1240 567 cum
1322 507 1325 604 l

240 607 390 666 vidisset*
404 633 429 668 ».
447 607 545 676 Quota
570 611 651 667 enim
672 611 823 688 quaeque*
839 629 887 666 res
908 608 1010 666 evenit
1033 605 1179 686 praedicta
1201 604 1244 662 ab

241 702 330 764 istis?
341 712 404 776 aut,
421 705 446 764 si
459 705 562 764 evenit
575 705 743 786 quippiam,
760 705 855 785 quid*
869 705 969 763 atl'erri
985 712 1088 783 potest
1106 723 1162 760 cur
1176 721 1242 760 non

240 821 314 859 casu
337 800 369 859 1d
401 802 566 861 evenerit?
596 802 661 860 Rex
692 802 830 872 Prusias,
863 821 934 860 cum
969 795 1134 858 Hannibali
1157 797 1243 876 apud

241 916 311 956 eum
335 897 511 955 exsulanti·
537 898 706 977 depugnari
733 898 877 977 placeret,
906 897 1037 974 negabat
1067 917 1099 954 se
1126 894 1245 954 audere

242 993 325 1073 quod
343 995 429 1053 exta*
452 995 650 1074 prohiberent
669 1015 676 1055 z
695 1021 708 1048 «
730 994 812 1052 Ain·
839 997 893 1054 tu?
922 1020 936 1049 »
959 993 1070 1071 inquit,
1093 1017 1107 1047 «
1131 1011 1246 1049 carun·

242 1089 341 1148 culae*
356 1090 495 1149 vitulinae
519 1091 616 1149 mavis
642 1111 732 1170 quam
757 1090 932 1170 imperatori
953 1089 1046 1147 veteri
1067 1087 1215 1146 credere?
1229 1110 1244 1140 ι)
1324 1149 1325 1170 l

243 1189 309 1263 Age
332 1189 438 1257 vero*‚
465 1207 532 1267 quae
558 1191 620 1245 est*
643 1188 730 1245 istaa
755 1186 814 1244 diis
833 1187 972 1266 profecta
997 1183 1194 1262 significatiO,
1214 1190 1246 1240 et
1324 1181 1325 1214 ⁴

243 1283 330 1362 quasi
346 1282 539 1342 denuntiatio
557 1284 787 1342 calamitatum?
805 1281 884 1350 Quid
904 1289 1006 1356 autem
1023 1281 1132 1340 volunt
1148 1301 1185 1338 ea
1201 1279 1246 1337 dii

244 1378 431 1440 immortales
444 1380 575 1459 primum
590 1384 601 1405 *
614 1381 831 1458 significantes
848 1400 917 1458 quae
936 1379 1000 1438 sine
1022 1376 1248 1456 interpretibus

243 1496 305 1533 non
318 1476 471 1555 possimus
484 1477 671 1553 intellegere,
688 1475 799 1534 deinde
812 1477 867 1534 ea*
890 1495 958 1554 quae
978 1494 1086 1533 cavere
1111 1493 1247 1551 nequea-

244 1574 335 1631 mus?
353 1575 394 1630 At
408 1572 467 1631 hoc
485 1594 521 1631 ne
535 1572 674 1630 homines
687 1573 810 1652 quidem
825 1571 913 1652 probi
929 1572 1057 1639 faciunt,
1082 1573 1116 1628 ut
1137 1569 1247 1627 amicis

243 1667 456 1747 impendentes
469 1669 657 1728 calamitates
674 1670 854 1748 praedicant,
869 1689 945 1747 quas
956 1667 999 1726 illi
1011 1669 1143 1744 ellugere
1160 1665 1249 1724 nullo

244 1764 336 1823 modo
353 1767 495 1844 possint:
520 1775 555 1824 ut
575 1767 698 1836 medici,
716 1755 902 1845 quamquam
925 1785 1007 1844 saepe
1028 1763 1244 1839 intellegunt',

244 1868 346 1920 tamen
361 1882 528 1942 numquam
548 1863 637 1940 aegris
652 1862 758 1920 dicunt
776 1861 828 1919 illo
845 1860 952 1920 morbo
965 1881 1016 1920 eos
1031 1881 1097 1918 esse
1116 1859 1248 1916 moritu-

244 1977 305 2016 ros.
330 1957 438 2016 Omnis
463 1959 545 2016 enim
576 1959 735 2038 praedictio
753 1958 823 2016 mali
846 1965 912 2016 tum
936 1957 1095 2037 probatur,
1112 1977 1183 2014 cum
1208 1954 1245 2012 ad

245 2053 475 2132 praedictionem
491 2057 611 2114 cautio*
625 2055 814 2135 adjungitur.
830 2054 909 2121 Quid
934 2054 1030 2132 igitur
1045 2059 1098 2112 aut
1111 2059 1245 2116 ostenta,

245 2158 297 2208 aut
310 2171 415 2210 eorum
433 2151 615 2231 interpretes
631 2151 842 2231 adjuverunt?
867 2150 941 2218 Quae
963 2151 987 2208 si
1006 2151 1092 2227 signa
1116 2148 1245 2206 deorum

244 2247 380 2326 putanda
396 2255 478 2319 sunt,
489 2270 543 2306 cur
556 2256 616 2307 tam
631 2249 759 2307 obscura
772 2248 917 2308 fuerunt?
934 2247 965 2306 Si
980 2247 1091 2318 enim*‚
1108 2253 1143 2304 ut
1158 2243 1248 2302 intel-

246 2343 415 2421 legeremus
428 2346 500 2425 quid
516 2353 595 2404 esset
612 2352 806 2416 eventurum,
830 2351 934 2423 aperte
955 2343 1103 2402 declarari
1124 2350 1248 2422 oporte-

245 2440 331 2512 bat*;
352 2450 405 2500 aut
422 2463 459 2500 ne
475 2442 594 2500 occulte
615 2440 751 2522 quidem,
768 2441 791 2499 si
808 2462 842 2499 ea
858 2441 928 2499 sciri
942 2440 1098 2499 nolebant.

275 2568 317 2618 ΙΨ
331 2567 396 2617 401
413 2583 418 2616 :
434 2568 546 2617 Vetus.
562 2568 627 2614 Voir
638 2582 684 2615 sur
697 2568 735 2614 les
747 2567 901 2629 haruspices
916 2568 954 2615 les
969 2571 1046 2614 notcs
1058 2567 1090 2614 de
1102 2568 1127 2612 la
1138 2567 1247 2612 version
1326 2577 1327 2594 ¹

245 2629 414 2692 precedente.
432 2656 462 2664 —
474 2629 628 2679 Vidisset.
642 2629 682 2676 On
691 2630 743 2676 cite
757 2633 872 2676 souvcnt
886 2645 915 2676 ce
928 2632 985 2675 mot
997 2643 1029 2675 en
1042 2627 1246 2690 l’appliquantrl

246 2693 301 2739 tort
317 2707 368 2738 aux
387 2706 507 2752 augures.
529 2691 548 2738 ll
566 2695 606 2738 est
625 2691 680 2737 vrai
701 2691 828 2738 toutefois
846 2706 897 2752 que
917 2689 1050 2737 l'autorite'
1067 2691 1114 2736 des
1132 2703 1246 2750 augures

246 2752 363 2799 diminua
376 2767 426 2813 peu
438 2754 452 2798 a
462 2767 522 2814 peu.
538 2753 591 2798 Des
604 2752 627 2798 le
641 2757 673 2797 Ρ·
689 2766 782 2812 guerre
802 2753 927 2813 punique,
949 2752 976 2798 P.
991 2751 1117 2798 Claudius
1132 2750 1249 2797 Pulcher

246 2814 339 2876 noyait
351 2815 388 2861 les
406 2814 510 2876 poulets
523 2814 625 2870 sacre's3
645 2814 742 2860 durant
755 2814 778 2860 la
792 2819 824 2872 2·,
838 2814 862 2860 le
879 2813 972 2860 consul
990 2813 1134 2860 Flaminius
1152 2827 1201 2859 osa
1220 2825 1247 2857 se

245 2889 339 2937 passer
350 2874 496 2936 d'auspices
508 2875 642 2936 reguliers‚
657 2889 688 2921 en
703 2877 758 2921 face
768 2873 936 2922 d'Hannibal.
948 2874 1013 2921 Voir
1025 2874 1087 2922 Cic..
1103 2874 1135 2923 de
1146 2874 1215 2930 Seru,
1224 2875 1246 2919 4.

245 2961 276 2972 -·
286 2937 393 3010 Quota
405 2949 552 2998 quaeque
563 2937 684 2997 :indique
696 2952 730 2982 un
741 2936 809 2998 petit
820 2937 930 2983 nombre
943 2937 998 2997 pris
1007 2937 1073 2982 dans
1084 2935 1245 2982 l'ensemblc.

246 2997 373 3072 Quld:
393 3013 461 3060 quae
482 2998 559 3046 ratio.
582 3026 611 3032 —
631 2998 814 3047 exsulanti.
838 2999 876 3045 En
898 3000 951 3054 204,
974 2997 1060 3058 obligd
1072 2999 1104 3044 de
1118 2998 1170 3043 fuir
1182 2996 1245 3042 Car-

246 3059 333 3120 tnage,
359 3059 493 3106 Hannibal
516 3060 651 3106 cherchait
680 3074 775 3106 encore
801 3061 815 3106 al
839 3060 923 3120 liguer
945 3057 1056 3105 l'Orient
1078 3058 1247 3120 (Antiochus,

247 3120 364 3182 Prusias)
378 3125 470 3168 contre
486 3121 578 3168 Rome.
589 3148 618 3156 -
631 3121 729 3170 Exta.
746 3121 822 3168 Sains
835 3126 861 3167 et
875 3135 943 3181 gras,
956 3121 989 3167 ils
1004 3124 1067 3166 sont
1078 3119 1248 3174 favorables3

246 3181 299 3230 mal
316 3182 467 3229 conformes
486 3186 514 3229 et
527 3183 693 3243 incomp1ets,
714 3182 907 3230 de'lavorables.
927 3209 957 3216 -
978 3181 1050 3240 Ain,
1066 3195 1135 3242 pour
1153 3180 1246 3227 aisne:

246 3247 351 3291 oses-tu
362 3244 423 3290 bien
437 3244 524 3306 parler
536 3244 602 3290 ainsi
616 3247 627 3290 l
639 3244 688 3303 [dit
701 3258 763 3290 avec
775 3245 880 3306 colere).
896 3270 926 3278 —
941 3242 1157 3301 carunculae,
1171 3242 1248 3287 dimi·

248 3305 319 3352 nutil
329 3307 361 3352 de
373 3320 434 3352 caro
448 3320 454 3353 :
469 3309 551 3353 terme
566 3305 720 3367 meprisant.
734 3331 766 3340 -
780 3304 849 3367 Age
864 3318 951 3365 vero,
970 3306 1083 3352 formule
1100 3304 1133 3350 dc
1151 3304 1250 3350 transi·
1326 3333 1327 3340 .

249 3367 313 3413 tion.
327 3393 356 3402 -
369 3369 459 3428 Quae
472 3368 523 3416 est
534 3385 564 3408 =
575 3367 641 3429 qnid
656 3366 705 3412 tibi
717 3366 824 3413 ridetur
834 3366 874 3413 de.
885 3395 916 3401 -
930 3366 1074 3415 Primum
1093 3369 1118 3412 et
1131 3363 1247 3414 deinde

248 3441 276 3474 se
289 3432 447 3490 rapportent
459 3429 472 3474 d
485 3443 513 3476 ea
525 3443 602 3490 quae,
613 3432 641 3475 et
650 3432 801 3474 annoneent
813 3429 882 3474 deux
899 3428 1049 3489 objections
1067 3427 1081 3473 a
1095 3425 1249 3473 l'interren-

248 3489 304 3536 uon
316 3491 413 3538 divine.
429 3518 459 3525 -
478 3491 527 3540 Ea
549 3504 577 3537 se
599 3492 725 3550 rapporte
745 3490 759 3536 a
776 3489 968 3551 significantes.
986 3517 1015 3523 —
1038 3488 1248 3550 Intellegunt.

248 3563 269 3596 s.
284 3555 337 3598 ent.
353 3551 401 3599 illo
414 3551 507 3599 morbo
522 3565 565 3598 eos
579 3566 634 3597 esse
647 3550 800 3598 morituros.
815 3578 844 3584 —
863 3550 979 3600 Cautio
992 3571 1021 3592 =
1042 3548 1152 3596 cauendi
1170 3548 1247 3595 ratio.
1326 3597 1327 3608 χ

248 3635 278 3646 -
291 3610 325 3660 Si
337 3613 431 3662 enim.
445 3613 466 3659 ll
481 3612 540 3660 faut
551 3613 676 3673 suppleer
690 3613 803 3673 quelque
821 3613 900 3658 chose
918 3627 1020 3658 comme
1039 3610 1117 3674 sipha
1137 3611 1250 3658 deornm

247 3672 367 3731 putanda
378 3675 449 3721 sunt.
462 3700 481 3706 —
493 3673 679 3734 Oportebat.
688 3673 723 3718 Le
737 3688 797 3732 grec
807 3673 864 3719 etlc
877 3673 941 3719 latin
951 3673 1019 3734 qplus
1032 3672 1151 3733 logn'ques
1162 3687 1213 3732 que
1227 3671 1251 3716 lc

249 3731 382 3793 franceis).
402 3748 470 3794 pour
486 3747 610 3792 marquer
629 3734 652 3779 la
672 3746 842 3778 convenencc
858 3737 885 3780 et
903 3735 927 3780 la
946 3733 1085 3794 necessite',
1103 3732 1252 3793 emploicnt

249 3793 370 3851 toujours
387 3792 538 3858 l'impart'ait
558 3807 592 3838 ou
614 3793 637 3839 le
657 3794 754 3854 parfait
768 3794 800 3839 de
821 3794 976 3842 l'indicutif:
997 3793 1125 3856 oportuit,
1146 3793 1249 3842 decuit.

248 3849 334 3919 ἐχρῆν,
346 3855 438 3905 δίκαιον
447 3859 486 3920 ὴν.

668 3950 826 3998 -tot-
