2664 4234
412 156 496 214 472.
513 159 584 213 Les
600 157 783 225 speetres.
864 187 866 192 ·

451 253 498 314 (De
504 253 762 317 phantasmatibus.)

137 369 310 448 Perquam*
339 369 429 427 velim
466 368 554 439 scire,
590 389 654 426 esse
682 367 797 447 aliquid
832 368 1046 446 phantasmata
1070 373 1156 436 et3e

95 464 208 524 habere
237 466 391 545 propriam
421 467 547 543 liguram
566 486 748 544 ,numenque
775 463 914 543 aliquid*
936 471 1038 543 putee,
1061 483 1099 521 an

95 562 200 620 inania
215 570 246 620 et
261 584 339 621 vana
353 583 387 620 ex
407 572 491 621 metu
507 569 613 620 nostro
631 563 795 639 imaginem
811 561 961 638 accipere.
989 561 1052 636 Ego
1067 565 1100 618 ut

95 679 162 717 esse
192 659 313 717 credam
338 660 488 739 imprimis
515 680 551 718 eo
573 660 671 718 ducor
708 658 789 737 quod
813 657 918 716 -audio
952 655 1099 716 accidisse

97 755 205 814 Curtio
223 756 335 816 Ruf0*.
356 756 471 815 Tenuis
495 756 595 815 adhuc
615 764 647 815 et
668 740 816 814 obscurus
845 753 996 812 obtinenti
1018 751 1100 812 Afri-

96 873 162 910 cam
179 874 281 912 comes
297 853 437 913 haeserat.
461 853 612 912 Inclinato
633 853 682 911 die
705 852 897 931 spatiabatur
914 851 945 908 in
965 849 1098 929 porticu·

97 948 232 1008 Offertur
249 951 275 1008 ei
293 951 429 1009 mulieris
443 951 549 1028 figura,
567 951 700 1009 humana
712 949 857 1027 grandior
868 932 1098 1027 pulchriorque.

98 1047 264 1106 Perterrito
290 1048 425 1106 Africam
454 1049 516 1119 se*,
545 1048 718 1106 futurorum
746 1046 964 1125 praenuntiam,
1003 1044 1097 1115 dixit;

97 1145 211 1202 iturum
232 1145 333 1202 enirn*
352 1145 481 1204 Romam
505 1145 699 1224 honoresque
715 1151 885 1221 gesturum,
903 1149 994 1221 atque
1007 1140 1100 1198 etiam

96 1261 165 1298 cum
189 1263 308 1300 summo
332 1242 459 1321 imperio
482 1242 511 1299 in
532 1241 669 1300 eamdem
684 1240 875 1320 provinciam
893 1257 1099 1308 reversurum,

97 1337 202 1416 ibique
216 1339 410 1396 moriturum.
430 1339 521 1396 Facta
534 1346 607 1397 sunt
621 1338 734 1396 omnia.
753 1337 927 1394 Praeterea*
942 1333 1100 1394 accedenti

97 1434 327 1512 Carthaginem,
350 1435 581 1514 egredientique
608 1455 696 1503 nave,
717 1417 823 1492 eadem
843 1433 939 1511 figura
963 1432 994 1489 in
1012 1430 1100 1489 litore

98 1525 269 1590 occurrisse
291 1541 442 1593 narratur.
461 1533 529 1611 lpse
548 1533 647 1589 certe*
670 1529 976 1612 implicitus-morbO,
998 1528 1101 1586 futura

98 1629 271 1707 praeteritis,
287 1625 415 1686 adversa
427 1628 569 1687 secundis
585 1637 762 1705 auguratus,
776 1648 860 1706 spem
881 1626 998 1696 salutis,
1015 1623 1101 1683 nullo

99 1746 223 1783 suorum
248 1725 441 1804 desperante,
468 1725 609 1806 projecit.
641 1724 774 1783 Proinde
792 1744 867 1802 rogo
896 1722 1100 1781 eruditionem

99 1830 181 1881 tuam
199 1822 351 1882 intendas.
368 1823 467 1900 Digna
484 1844 531 1880 res
544 1830 590 1881 est
601 1843 692 1902 quam
713 1821 764 1879 diu
785 1821 978 1899 multumque
1001 1818 1101 1877 consi-

98 1919 202 1990 deres;
220 1940 258 1977 ne
275 1940 332 1996 ego
356 1919 479 1998 quidem
498 1920 643 1998 indignus
663 1919 711 1977 cui
731 1918 850 1996 copiam
876 1917 1012 1976 scientiae
1040 1922 1102 1974 tuae

100 2016 204 2076 iacias,
220 2017 305 2075 Licet
320 2017 411 2075 etiam
423 2025 583 2096 utramque
600 2016 629 2073 in
647 2023 775 2094 partem,
790 2022 822 2073 ut
837 2014 926 2085 soles,
944 2014 1098 2092 disputes:

98 2135 134 2171 ex
150 2113 244 2172 altera
260 2119 362 2171 tamen
390 2113 499 2171 lortius
511 2116 532 2184 *,
551 2133 588 2170 ne
608 2133 656 2170 me
675 2131 857 2190 suspensum
888 2111 1101 2189 incertumque

98 2209 245 2279 dimittas,
267 2230 336 2269 cum
359 2209 434 2267 mihi
457 2208 637 2268 consulendi
662 2229 754 2266 causa
776 2207 880 2279 suerit,
903 2214 938 2267 ut
961 2205 1101 2265 dubitare

98 2306 302 2365 desinerem*.
1126 2281 1132 2296 .

128 2438 170 2487 N⁰
188 2439 255 2489 472
275 2453 280 2486 :
300 2439 472 2499 Perquam,
491 2437 628 2498 s'emploie
647 2437 747 2484 devant
766 2451 801 2482 un
819 2436 931 2496 adjectis
937 2450 942 2493 ς
955 2435 1009 2483 tres
1029 2449 1101 2482 rare-

99 2503 173 2548 ment
190 2501 289 2548 devant
306 2515 341 2546 un
361 2500 453 2548 verbe.
473 2527 502 2534 -
519 2497 663 2560 Aliquid,
682 2513 714 2544 en
732 2513 792 2558 grec
804 2501 835 2554 ti,
850 2498 964 2559 quelque
977 2497 1058 2544 chose
1069 2497 1102 2543 de

98 2571 160 2618 reel.
175 2569 330 2620 -curtio
348 2570 443 2620 Rufo.
459 2570 551 2616 Tacite
564 2574 673 2616 raconte
686 2569 710 2614 la
723 2570 808 2614 meme
825 2568 934 2615 histoire
948 2567 1038 2628 (dnm,
1056 2566 1101 2624 Xl,

99 2632 146 2690 at),
160 2631 223 2693 qu'il
239 2629 322 2680 tenalt
332 2646 393 2678 sans
404 2633 485 2679 doute
498 2633 531 2678 de
545 2631 619 2677 Pline
634 2645 639 2678 :
655 2650 666 2672 «
682 2629 827 2692 Postquam
842 2629 966 2686 adolevit,
987 2628 1103 2675 sectator

99 2693 250 2756 quaestoris
262 2693 306 2740 cui
321 2693 414 2764 Africa
430 2692 574 2755 obtigerat,
597 2692 661 2739 dum
686 2691 713 2737 in
733 2691 830 2753 oppido
847 2691 995 2737 Adrumeto
1013 2689 1103 2737 vacuis

97 2769 146 2863 per
159 2755 277 2802 medium
289 2753 343 2802 dier
350 2753 503 2817 porticibus
516 2757 633 2801 secretus
646 2751 740 2814 agitat,
755 2753 843 2800 obtata
853 2752 877 2800 ei
893 2751 993 2814 species
1007 2750 1103 2798 mulie-

119 2817 157 2864 ris
171 2817 243 2864 ultra
258 2816 366 2863 modum
377 2817 524 2863 humanum
535 2815 664 2862 etaudita
683 2817 721 2861 est
739 2829 806 2861 vos:
825 2835 835 2855 «
850 2815 886 2862 Tu
907 2829 943 2872 er,
960 2811 1037 2873 Rufe,
1075 2812 1104 2860 ui

100 2877 375 2940 inbancprouinciam
390 2877 561 2940 proconsule
574 2876 693 2924 uenies».
712 2876 769 2922 Tati
780 2876 866 2922 aritine
881 2876 907 2922 in
921 2890 993 2938 spem
1011 2873 1062 2920 sub
1090 2901 1102 2908 -

101 2942 142 2986 tus
155 2939 384 3002 diqressusquein
399 2939 504 2996 Urbem,
519 2941 692 3000 quaesturam
704 2939 728 2983 et
743 2953 802 2984 mor
813 2939 970 2999 praeturam
985 2935 1102 2998 assequi-

101 3004 173 3048 tur...
187 3017 216 3048 ae
231 3003 367 3063 postremo
384 3000 505 3063 Africam
523 2999 663 3047 abstinuit.
682 3003 772 3061 atque,
788 2998 826 3046 ibi
846 2998 998 3058 defunctus,
1019 2997 1101 3058 fatale

99 3062 269 3126 praesagium
280 3062 407 3124 implevit.
422 3090 451 3096 —
465 3061 613 3117 Se,s.-ent.
628 3075 691 3108 esse.
706 3088 735 3095 —
746 3061 839 3110 Enim
853 3061 954 3121 justifie
967 3074 1103 3122 praenun-

101 3124 161 3172 tiam
172 3129 356 3172 etcommence
364 3125 402 3171 les
415 3123 578 3185 predictions
588 3124 624 3168 du
633 3123 757 3169 santerna.
770 3149 798 3156 -
810 3123 998 3171 Praeterea.
1011 3121 1101 3168 Tacite

100 3185 221 3234 atrouve
234 3186 258 3231 la
271 3185 350 3232 finde
363 3185 491 3234 l'histoire
510 3200 545 3231 un
564 3199 614 3246 peu
633 3188 693 3244 trop
711 3185 780 3230 sorte
795 3199 800 3231 :
815 3184 832 3230 il
847 3183 878 3230 l'a
898 3183 1058 3256 supprimite.
1073 3209 1102 3217 —

104 3249 237 3298 Certe:
247 3253 313 3317 γοῦν,
334 3262 364 3295 ce
386 3248 448 3308 qu'il
461 3247 547 3309 yade
560 3247 661 3292 certain
674 3244 739 3292 c'est
752 3260 811 3307 que.
826 3273 855 3280 -
871 3246 1012 3294 Fortlus.
1027 3244 1102 3290 Pline

100 3319 123 3366 le
133 3318 189 3379 prie
203 3315 337 3365 d‘insister
347 3318 413 3364 dans
426 3331 461 3363 un
472 3331 533 3363 sens
549 3330 584 3363 ou
603 3317 669 3362 dans
682 3315 783 3362 l'autre.
795 3343 825 3350 -
838 3315 1038 3376 Desinerem.
1053 3314 1102 3361 Les

100 3380 235 3436 Romains,
249 3378 420 3426 conside'rant
431 3377 544 3438 l'espace
564 3378 597 3424 de
614 3380 701 3437 temps
720 3377 764 3438 qui
782 3377 875 3438 separe
899 3377 923 3422 le
936 3379 1055 3422 moment
1067 3377 1101 3423 οὺ

100 3443 124 3488 la
136 3443 213 3489 lettre
227 3444 267 3488 est
280 3440 361 3488 ecrite
374 3441 406 3486 de
417 3439 484 3487 celui
496 3441 530 3486 οὺ
547 3439 595 3486 elle
609 3443 649 3485 est
662 3439 766 3490 remise.
785 3443 898 3485 mettent
911 3438 1065 3498 l'inrparlait
1077 3438 1102 3484 la

100 3505 133 3550 ou
147 3517 213 3549 nous
227 3505 344 3550 mettons
354 3503 378 3548 le
392 3502 507 3572 present.
520 3500 620 3562 Malgrd
634 3501 656 3547 le
669 3500 778 3561 prognes
797 3501 843 3546 des
861 3500 985 3546 lurnicres
994 3502 1021 3545 et
1036 3500 1101 3546 dela

99 3564 276 3626 philosophie,
297 3563 322 3610 la
344 3562 442 3611 socrc'tt
464 3564 496 3608 de
513 3562 634 3622 l'dpoque
657 3563 703 3608 des
727 3562 859 3608 Antonius
879 3563 968 3619 ajoute
990 3561 1025 3607 soi
1051 3575 1101 3606 aux

101 3641 203 3687 songes,
222 3625 343 3687 pratique
357 3626 382 3672 la
401 3625 485 3685 magie
502 3627 530 3672 et
544 3625 568 3670 la
588 3624 744 3670 divination.
759 3624 833 3670 Pline
849 3623 917 3670 croit
936 3637 988 3670 aux
1005 3623 1102 3683 esprits

100 3687 307 3750 (phantasmata)
329 3689 355 3734 et
377 3701 427 3734 aux
447 3686 636 3747 superstitious
655 3686 817 3746 populaires,
839 3699 941 3732 comme
962 3684 1101 3746 beaucoup

101 3749 245 3797 d'hommes
263 3747 371 3796 eclairc's
388 3749 420 3795 de
437 3763 484 3795 son
500 3751 588 3809 temps
599 3747 675 3810 (Voir
688 3747 883 3806 Friedlaender,
899 3745 932 3806 ll,
947 3749 1007 3804 491;
1028 3746 1099 3793 Bois·

101 3813 161 3867 sier,
174 3810 260 3874 Reliq.
274 3824 351 3870 rom,
365 3809 470 3872 11,1ss).

528 3925 679 3976 -475-
