2698 4242
263 177 323 235 37.
342 176 536 242 Herotsrne
557 181 604 236 du
620 181 747 237 consul
763 183 802 238 L.
821 180 989 238 nummus
1005 181 1029 238 e
1044 182 1197 239 cannes.

291 281 328 344 (L.
341 282 487 330 AEmilius'
500 284 595 331 consul
609 283 636 331 in
648 283 783 332 Cannensi
789 300 884 348 pugna
896 284 1006 346 sortiter
1017 285 1172 348 occumbit.)

173 440 233 508 4⁶„
269 439 326 501 Cn.
354 441 513 514 LentuluS,
537 443 679 501 tribunus
703 443 848 514 militum,
876 464 947 502 cum
974 445 1234 523 praetervehens*

229 558 318 618 equ0,
343 539 500 596 sedentem
521 531 558 597 in
574 561 646 598 saxo
662 560 770 598 cruore
786 541 944 620 oppletum
961 543 1118 600 consulem
1139 541 1235 599 vidis·

228 642 286 706 set,
320 659 334 688 u
365 636 400 694 L.
432 635 543 694 Aemili
577 662 604 707 »,
639 637 749 716 inquit,
783 662 796 691 α
825 658 918 716 quem
948 658 1042 696 unum
1079 638 1234 696 insontem

229 731 337 810 culpae
381 731 477 790 cladis
515 733 680 792 hodiernae
723 733 772 792 dei
808 735 959 814 respicere
994 734 1119 805 debent,
1159 755 1236 814 cape

229 827 312 886 bunc
339 832 475 908 equum!
505 829 577 888 dum
603 839 634 888 ct
664 831 720 888 tibi
745 831 857 889 virium
883 830 999 912 aliquid
1025 839 1179 910 superest,
1205 835 1236 890 et

228 946 331 984 comes
357 946 413 1003 ego
435 934 464 985 te
487 927 595 985 tollere
615 947 739 1006 possum
764 949 799 986 ac
818 937 990 1007 protegere,
1013 929 1059 986 Ne
1080 928 1233 986 funestam

229 1021 307 1080 hanc
331 1043 466 1102 pugnam
491 1031 589 1082 morte
623 1023 757 1082 consulis
786 1024 896 1082 leceris
928 1025 1050 1084 :etiam
1077 1025 1142 1082 sine
1175 1025 1236 1082 hoc

228 1119 422 1178 lacrimarum
446 1121 520 1178 satis
543 1120 705 1200 luctusque
728 1129 786 1180 est.
812 1146 826 1176 »
853 1121 905 1182 Ad
928 1142 962 1180 ea
988 1121 1096 1180 consul
1119 1141 1127 1181 t
1150 1146 1163 1175 α
1188 1121 1235 1180 Tu

229 1216 367 1296 quidem,
397 1214 470 1278 Cn.'
491 1217 628 1289 Corneli,
664 1220 784 1276 macte*
818 1217 936 1276 virtute
965 1225 1049 1290 esto;
1078 1217 1132 1277 sed
1160 1238 1237 1276 cave

230 1313 342 1372 frustra
369 1312 566 1372 miserando*
591 1314 735 1391 exiguum
758 1320 881 1393 tempus
904 1314 1081 1373 emanibus
1099 1315 1235 1372 hostium

229 1409 381 1468 evadendi
398 1411 550 1470 absumas.
576 1411 645 1483 Abi,
668 1411 778 1469 nuntia
799 1411 941 1490 publice*
958 1411 1108 1492 patribus,
1128 1410 1236 1470 urbem

229 1507 398 1565 Romanam
413 1508 576 1566 muniant*
591 1527 637 1579 ac,
652 1505 832 1586 priusquam
851 1508 948 1566 hostis
962 1509 1062 1566 victor
1077 1507 1203 1566 advenit
1211 1510 1235 1580 *‚

228 1604 390 1682 praesidiis
417 1605 549 1674 firment,
573 1603 720 1684 privatim
744 1605 780 1671 Q.
811 1604 938 1676 Fabi0*,
958 1605 1123 1663 Aemilium
1148 1625 1237 1683 prae-

229 1707 390 1779 ceptorum
406 1703 473 1780 ejus
488 1721 653 1760 memorem
670 1708 702 1762 et
717 1701 830 1760 vixisse
847 1701 947 1760 adhuc
965 1711 995 1761 et
1013 1703 1101 1760 mori.
1119 1701 1238 1760 Memet

228 1797 258 1855 in
282 1798 339 1855 hac
369 1806 470 1876 strage
494 1799 626 1856 militum
649 1819 787 1857 meorum
813 1806 917 1878 patere
942 1799 1093 1878 expirare,
1120 1819 1157 1857 ne
1181 1807 1236 1857 aut

229 1915 298 1952 reus
311 1895 421 1952 iterum
441 1915 456 1953 e
472 1895 655 1953 consulatu*
671 1896 740 1968 sim,
755 1902 808 1953 aut
817 1903 979 1954 accusator
992 1894 1129 1972 collegae
1142 1895 1236 1952 exsis·
1264 1972 1268 1979 ¹
1336 1877 1337 1906 ³

230 1999 303 2064 tam,
324 2000 358 2049 ut
378 1991 479 2050 alieno
492 1992 640 2049 crimine*
663 1992 870 2050 innocentiam
896 2012 993 2050 meam
1019 1999 1189 2070 protegam.
1216 2016 1233 2047 »

231 2089 314 2146 Haec
338 2109 389 2146 eos
407 2095 531 2166 agentes
554 2087 639 2168 prius
656 2089 745 2146 turba
767 2089 952 2166 fugientium
972 2089 1098 2159 civium,
1124 2089 1238 2146 deinde

228 2184 334 2243 hostes
364 2206 543 2265 oppressere
573 2204 579 2244 :
612 2185 787 2258 consulem,
823 2186 999 2263 ignorantes
1037 2185 1106 2265 quis
1137 2191 1236 2259 esset,

229 2283 402 2340 obruerunt
415 2282 494 2342 telis

259 2431 355 2482 N⁰87
369 2446 375 2480 ε
387 2431 545 2481 AEmilius.
563 2431 598 2478 Le
616 2432 709 2478 consul
728 2433 756 2480 L.
773 2432 896 2480 AEmilius
914 2431 1012 2480 Paulus
1031 2431 1101 2493 (pere
1115 2430 1147 2478 de
1161 2431 1239 2478 Paul-

229 2491 323 2553 Emile,
337 2494 361 2540 le
374 2495 524 2554 vainqueur
536 2494 568 2540 de
587 2493 691 2554 Persee)
707 2494 888 2541 commandait
907 2494 922 2540 d
938 2493 1040 2540 Cannes
1062 2493 1130 2540 l'aile
1149 2493 1238 2540 droite

228 2557 261 2603 de
272 2555 296 2602 la
307 2555 437 2602 cavalerie
450 2555 577 2602 romaine.
593 2554 614 2601 ll
625 2555 744 2616 echappa
757 2571 789 2602 au
800 2571 911 2616 carnage
923 2570 987 2601 avec
998 2570 1033 2601 un
1043 2556 1112 2615 petit
1124 2554 1238 2602 nombre

228 2618 276 2664 des
295 2618 375 2674 siens,
390 2620 457 2663 etse
471 2619 548 2678 porta
567 2617 602 2663 du
616 2617 675 2663 cote
693 2618 739 2663 das
753 2617 855 2678 legions
866 2632 916 2678 que
927 2617 1108 2664 commandait
1120 2630 1169 2663 son
1182 2616 1238 2663 col-

229 2679 314 2739 ldgue,
332 2679 355 2725 le
375 2678 515 2725 te'meraire
534 2678 674 2725 Te'rentius
695 2679 807 2726 Varron.
827 2704 859 2713 —
874 2679 1137 2736 Praetervehens,
1153 2678 1236 2738 parti-

227 2741 298 2847 „pa
310 2741 342 2848 ‘¹5
355 2739 393 2862 ,h
412 2740 862 2848 himinam⁰ltlnhlrae‘mllm·
883 2739 1238 2849 nllall⁸i0ll⁰llhl2

228 2817 317 2911 iiimii
328 2864 361 2910 de
376 2817 581 2911 seclicit'ationyht
596 2817 1000 2924 dliinchdiiiggrildiritffldoiteseul,e
1011 2817 1064 2910 sciit
1075 2817 1141 2909 lieo
1159 2865 1215 2910 esto
1230 2878 1236 2909 :

228 2925 329 2971 semble
342 2925 459 2986 signifier
472 2943 483 2969 «
499 2925 639 2986 augmentet
652 2925 693 2982 de,
707 2925 824 2972 heureux
837 2926 870 2972 de
884 2944 895 2968 n
908 2939 914 2972 :
927 2927 1010 2972 macte
1022 2924 1123 2972 virtute
1138 2926 1194 2971 esto
1206 2943 1238 2966 =

229 2988 319 3048 puisse
342 2990 388 3034 ton
410 3000 525 3047 courage
548 2989 574 3032 te
599 2990 691 3047 porter
712 2987 842 3035 bonheur.
864 3013 891 3024 -
914 2986 1117 3043 Miserand0‚
1143 2985 1237 3033 temoi-

228 3063 293 3110 gner
314 3063 341 3094 sa
359 3047 433 3110 pitie.
450 3047 582 3104 Misereri,
603 3048 736 3109 eprouver
744 3049 776 3094 de
789 3049 814 3095 la
824 3048 898 3110 pitie'.
911 3075 942 3083 -
953 3047 1088 3097 Publice
1103 3045 1185 3094 :c'est
1200 3062 1237 3093 un

229 3125 348 3170 message
371 3109 478 3168 officiet
499 3111 525 3156 et
550 3109 628 3170 qu'en
657 3123 685 3157 sa
706 3109 806 3170 qualite
827 3111 859 3157 de
877 3109 970 3157 consul
994 3109 1012 3155 il
1038 3109 1062 3156 le
1089 3109 1185 3169 charge
1203 3109 1237 3155 de

228 3175 319 3232 porter
335 3186 368 3218 au
381 3171 471 3218 senat.
486 3171 524 3217 En
541 3185 576 3217 un
588 3171 671 3232 pareil
683 3175 810 3229 moment,
825 3186 869 3218 ces
881 3171 1141 3218 recommendations
1160 3173 1187 3216 ct
1199 3170 1238 3216 les

229 3233 365 3279 suivantcs
378 3236 438 3279 sont
455 3231 533 3278 d'une
547 3234 604 3279 ame
617 3233 749 3280 vraiment
765 3234 892 3280 romaine.
906 3259 937 3267 -
953 3231 1108 3281 Muniant
1125 3247 1130 3278 :
1151 3234 1180 3278 ut
1194 3235 1237 3278 est

229 3295 429 3350 sous-entendu,
448 3309 526 3354 parce
541 3309 601 3354 que,
620 3294 685 3340 dans
707 3293 879 3356 l'cxpression
900 3294 995 3341 nuntia
1012 3293 1131 3356 publice,
1149 3294 1168 3338 il
1185 3309 1203 3355 y
1221 3308 1236 3340 a

228 3354 304 3402 l'idee
324 3355 385 3402 d'un
400 3356 477 3402 ordre
494 3355 590 3402 donne'.
610 3355 654 3413 Or,
673 3371 687 3402 a
708 3357 749 3402 res
766 3355 860 3418 jubeo,
876 3355 986 3418 impero,
1000 3357 1068 3413 volo,
1084 3355 1187 3411 hortor,
1201 3369 1236 3401 on

228 3420 283 3464 met
295 3418 319 3462 le
331 3417 480 3475 subiunctis
491 3431 552 3463 sans
565 3418 602 3463 nt.
613 3444 640 3452 -
650 3371 795 3466 Advenit
809 3433 815 3464 τ
829 3416 976 3476 l'indicatis,
990 3432 1054 3463 avec
1061 3416 1235 3479 priusquam,

228 3479 347 3538 exprime
364 3478 533 3539 simplement
546 3479 569 3524 le
582 3479 638 3536 sait,
653 3479 677 3525 le
690 3479 1016 3540 subJ'onctifexprimerait
1027 3493 1062 3525 un
1076 3478 1125 3524 but
1138 3493 1172 3524 ou
1185 3492 1238 3524 une

227 3541 370 3588 intention.
387 3568 417 3574 —
434 3539 545 3598 Fabio,
564 3540 662 3587 Fabius
680 3541 834 3598 Cunctator,
848 3541 915 3588 dont
929 3541 947 3586 il
965 3539 1030 3586 etait
1049 3538 1149 3586 l'eleve.
1163 3566 1194 3573 —
1211 3539 1237 3588 E

228 3603 414 3651 consulatu.
437 3602 476 3649 On
500 3603 618 3648 accusait
637 3603 674 3648 les
694 3603 845 3663 magistrats
862 3602 877 3648 d
897 3602 954 3649 leur
977 3602 1058 3648 sortie
1082 3602 1114 3647 de
1129 3601 1235 3662 charge.

228 3664 256 3712 L.
270 3664 391 3710 AEmilius
401 3665 473 3711 avait
484 3663 525 3710 ete
539 3663 632 3710 accuse'
646 3663 797 3724 (etabsous)
808 3664 874 3710 trois
887 3678 934 3710 ans
946 3666 1110 3724 auparavant
1123 3677 1157 3709 au
1168 3663 1235 3723 sujet

227 3727 290 3773 d'un
312 3728 420 3786 partage
436 3727 468 3772 de
486 3724 562 3772 butin
580 3728 654 3772 entre
669 3725 706 3770 les
723 3725 832 3774 soldats.
850 3751 881 3760 -
899 3725 1013 3774 Alieno
1038 3723 1184 3783 crimine,
1205 3738 1236 3770 en

227 3790 354 3834 accusant
372 3802 419 3834 son
438 3786 564 3848 collegae,
583 3784 722 3834 Terentius
734 3787 846 3846 Varron,
861 3791 955 3834 auteur
967 3787 1002 3832 du
1015 3785 1142 3833 desastre.

659 3929 798 3976 .-28-
