2698 4234
451 150 536 208 ³75.
551 152 599 206 Le
619 149 720 208 hruit
740 151 784 206 de
803 149 843 206 la·
860 148 959 217 ville.

560 244 606 306 (De
622 245 698 294 urbis
714 245 850 308 strepitu.)

148 361 189 424 2θ
243 361 382 436 Peream,
396 361 421 420 si
434 368 482 421 est
495 368 557 422 tam
573 361 779 419 necessarium
793 381 885 440 quam
908 361 1032 419 videtur
1047 360 1203 419 silentium

178 507 181 512 .
203 457 235 514 in
250 456 351 516 studia
373 457 544 537 seposito*l
567 457 645 515 Ecce
667 459 770 516 varius
790 457 906 516 clamor
925 456 1061 537 undique
1078 478 1127 515 me
1148 457 1206 516 cir-

202 561 365 613 cumsonat
391 558 401 615 ':
424 574 515 634 supra
535 555 636 634 ipsum
660 553 803 612 balneum
825 554 941 614 habito.
966 555 1108 633 Propone
1126 574 1208 612 nunc
1332 578 1340 590 ·

203 650 259 709 tibi
287 651 390 710 omnia
415 671 526 730 genera
559 671 670 709 vocum
687 671 755 730 quae
774 651 804 708 in
820 651 946 709 odium*
974 658 1208 730 possuntaures

205 747 367 808 adducere.
391 747 470 807 Cum
505 748 648 819 fortiores
679 751 881 806 exercentur*
898 755 928 806 et
948 768 1057 806 manus
1079 747 1208 826 plumbo

203 865 311 923 graves
325 844 475 924 jactant*,
492 845 624 922 gemitus
639 843 747 915 audio;
760 845 880 923 quoties
894 851 1046 902 retentum
1065 843 1209 923 spiritum

202 941 396 1014 remiserunt,
409 941 514 1001 sibilos
523 947 554 1000 et
564 940 775 1000 acerbissimas
787 941 1003 1020 respirationes
1014 959 1020 1011 ;
1032 961 1101 999 curn
1115 938 1210 998 inali-

136 1057 138 1061 ·
201 1057 293 1117 quem
311 1037 461 1097 inertem*
474 1044 504 1096 et
519 1037 576 1096 hac
592 1037 728 1120 plebeia*
743 1037 887 1097 unctione
901 1045 1082 1096 contentum
1099 1037 1207 1108 incidi,
1259 1072 1262 1079 ·

202 1133 295 1192 audio
319 1134 471 1214 crepiturn
490 1134 579 1193 illisae
601 1139 732 1193 manus*
755 1134 880 1206 umeris,
901 1155 980 1214 quae,
1003 1142 1095 1213 prout
1115 1133 1208 1213 plana

201 1231 364 1308 pervenit*
383 1237 437 1289 aut
458 1251 604 1302 concava,
620 1231 662 1290 ita
676 1251 785 1289 sonum
806 1237 916 1290 mutat.
941 1230 973 1288 Si
992 1251 1066 1288 vero
1083 1230 1209 1310 pilicre-

202 1327 279 1404 pus*
312 1328 492 1408 supervenit
520 1336 552 1386 ct
577 1348 737 1386 numerare
762 1328 858 1406 coepit
881 1327 959 1406 pilas
970 1328 991 1401 *,
1016 1335 1118 1386 actum
1146 1334 1204 1386 est.

201 1421 310 1502 Adjice
325 1445 407 1483 nunc
429 1424 623 1484 scordalum*
639 1432 671 1483 et
686 1424 785 1482 furem
796 1427 808 1450 *
821 1424 1057 1503 deprehensum,
1073 1432 1101 1482 et
1118 1423 1207 1483 illum

201 1519 253 1578 cui
267 1541 329 1579 vox
345 1541 399 1580 sua
412 1521 442 1578 in
457 1521 566 1580 balneo
580 1522 717 1601 placet*;
732 1521 796 1601 jam
813 1520 912 1579 libarii
934 1521 1035 1588 varias
1055 1521 1210 1579 exclama-

202 1617 312 1689 tioneS,
345 1623 376 1676 ct
396 1616 594 1690 botularium,
615 1625 645 1676 et
663 1617 892 1688 crustularium,
910 1626 940 1676 et
955 1638 1061 1676 omnes
1078 1619 1209 1696 popina-

202 1733 269 1772 rum
283 1714 469 1785 institores*,
490 1735 621 1773 mercem
638 1735 693 1773 sua
705 1715 838 1794 quadarn
853 1722 883 1772 et
903 1714 1050 1792 insignita
1067 1714 1209 1772 modula-

203 1810 286 1869 tione
303 1811 484 1870 vendentes.
503 1810 554 1870 «Ο
570 1819 600 1869 te
616 1837 642 1882 n,
664 1811 777 1891 inquis,
801 1836 815 1866 (ι
829 1811 960 1874 ferreum
991 1819 1044 1871 aut
1066 1811 1207 1884 surdum,

201 1908 350 1967 cuimens
374 1908 454 1966 inter
470 1908 617 1967 clamores
641 1915 702 1966 tam
725 1909 838 1979 varios,
861 1916 923 1966 tam
941 1909 1092 1978 dissonos
1118 1928 1209 1966 cons·
1339 1977 1340 1982 ἵ

203 2007 266 2062 tat!
275 2007 280 2063 l
293 2007 361 2075 »At
379 2004 578 2074 mehercules
593 2025 649 2082 ego
662 2005 755 2063 istum
771 2005 929 2064 fremitum
940 2026 1000 2064 non
1018 2005 1114 2082 magis
1131 2026 1208 2064 curo

201 2121 293 2181 quam
315 2101 443 2160 lluctum
469 2108 522 2160 aut
541 2101 695 2182 dejectum
717 2123 815 2182 aquae.
844 2103 991 2162 Animum
1021 2103 1102 2160 enim
1128 2123 1208 2180 cogo

202 2198 260 2256 sibi
286 2197 438 2256 intentum
462 2219 528 2257 esse
552 2218 609 2257 nec
634 2199 759 2257 avocari
783 2199 819 2257 ad
839 2206 975 2258 externa.
1004 2198 1116 2257 Omnia
1135 2199 1210 2258 licet

204 2294 277 2353 loris
292 2301 446 2368 resonent,
465 2295 540 2354 dum
557 2295 641 2354 intus
658 2295 733 2354 nihil
746 2295 898 2354 tumultus
909 2296 959 2354 sit.

233 2427 274 2476 Νο
287 2426 366 2477 ³¹75:
378 2425 534 2488 Seposltu
549 2427 683 2489 Participe
693 2426 770 2488 passe
785 2427 800 2474 a
814 2441 875 2474 sens
889 2426 1006 2475 rellechi.
1025 2427 1068 2475 Au
1087 2429 1209 2474 moment

202 2489 237 2536 ou
249 2488 267 2535 il
280 2488 347 2536 ecrit
358 2493 428 2536 cette
440 2489 528 2546 lettre,
545 2487 667 2548 Suntque
680 2488 747 2535 etait
770 2489 785 2536 a
807 2489 892 2546 Bales,
913 2490 948 2537 ou
970 2489 988 2536 il
1010 2489 1084 2536 avait
1095 2489 1157 2536 loue
1172 2504 1208 2535 un

201 2553 397 2612 appartement,
412 2550 479 2597 suut
489 2551 562 2611 juste
575 2551 717 2597 au-dessus
736 2549 798 2597 d'un
812 2550 1013 2598 etablissement
1025 2550 1058 2598 de
1078 2549 1164 2597 bains.
1179 2576 1210 2585 -

203 2612 327 2669 Odium,
342 2611 448 2672 dc'signe
459 2613 483 2658 la
493 2615 596 2659 torture
609 2613 624 2658 el
638 2611 750 2672 laquelle
768 2616 830 2659 sont
847 2613 977 2659 soumises
993 2613 1031 2659 les
1044 2612 1149 2659 oreilles
1163 2612 1208 2672 qui

201 2675 348 2722 entendeut
371 2677 431 2720 tous
452 2688 495 2720 ces
513 2674 607 2720 bruits.
632 2698 663 2708 -
686 2673 902 2723 Exercentur.
925 2673 993 2722 Sous
1011 2671 1146 2734 l'Empire,
1173 2688 1205 2720 on

201 2736 293 2797 ajouta
306 2750 357 2781 aux
370 2735 445 2783 baius
458 2735 541 2781 sroids
553 2739 581 2780 et
594 2734 686 2792 liedes,
700 2734 747 2781 des
762 2735 839 2782 bains
855 2737 888 2782 de
907 2749 1010 2798 vapeur
1028 2738 1056 2783 et
1068 2736 1114 2782 des
1128 2735 1207 2782 salles

202 2797 337 2845 reservees
360 2797 374 2842 ὰ
395 2797 419 2842 la
442 2796 630 2857 gymnastiquc
649 2811 684 2842 ou
708 2796 723 2843 a
744 2797 769 2842 la
788 2797 984 2844 conversation.
1004 2823 1031 2831 -
1053 2797 1207 2854 «lactant,

201 2858 266 2906 c'est
278 2857 414 2905 l'exercice
427 2857 473 2903 des
487 2857 609 2904 halteres.
623 2884 653 2891 —
667 2858 818 2915 Inertem,
840 2857 941 2921 oppose
958 2860 974 2906 rt
993 2858 1163 2906 exercentur.
1178 2881 1209 2893 -

202 2919 346 2975 Plebeiae,
361 2919 425 2965 c‘est
436 2919 461 2964 la
474 2919 580 2968 friction
594 2920 660 2965 dont
671 2933 698 2965 se
711 2922 837 2967 contente
854 2920 879 2967 la
898 2920 978 2968 foule.
992 2945 1022 2956 -
1036 2920 1167 2974 Manus,
1183 2919 1208 2966 la

202 2983 272 3028 main
286 2982 318 3027 de
335 2981 450 3026 l'unclor
465 2993 499 3025 ou
512 2978 615 3041 aliptes.
632 3007 662 3016 -
674 2980 839 3040 Pervenit,
854 2995 882 3029 se
894 2981 1028 3028 construit
1046 2981 1207 3029 d'ordinaire

202 3053 267 3090 avec
280 3042 307 3088 in
320 3057 353 3088 ou
367 3041 408 3088 ad.
422 3068 452 3075 -
464 3039 648 3102 Pilicrepus
663 3042 699 3088 :il
710 3057 728 3104 y
741 3043 815 3090 avait
824 3044 871 3090 des
880 3043 944 3104 jeux
956 3044 989 3090 de
1002 3043 1072 3090 balle
1086 3042 1122 3104 (ta
1134 3041 1206 3090 balle

200 3119 234 3152 au
250 3105 319 3164 mur)
332 3104 397 3149 dans
409 3102 434 3149 la
447 3103 555 3163 plupart
566 3103 614 3150 des
626 3104 750 3152 thermes.
762 3131 792 3140 -
806 3103 898 3154 Pilas
913 3119 919 3153 ι
932 3105 997 3152 c’est
1011 3105 1035 3152 le
1048 3103 1160 3152 nombre
1175 3104 1207 3150 de

201 3181 286 3227 coups
297 3179 348 3225 que
360 3165 485 3224 lejoueur
500 3178 516 3211 a
528 3164 589 3210 faits
604 3179 666 3212 sans
683 3165 777 3212 laisser
794 3165 900 3213 tomber
912 3165 937 3214 la
951 3166 1021 3214 balle
1039 3166 1054 3214 a
1075 3169 1154 3214 terre.
1178 3191 1207 3200 -

202 3227 405 3297 scordalum,
430 3239 491 3274 sens
511 3226 713 3298 incertainjuen
737 3227 843 3289 gc'neral
868 3227 1039 3290 querelleur3
1063 3228 1097 3276 ici
1116 3227 1207 3288 plutot

202 3288 335 3407 tutis?
349 3287 780 3419 tltttffltttuuttttu
793 3287 1207 3411 ltltunttuttslusstt

170 3471 174 3475 ι
202 3414 310 3474 Digeste
322 3411 438 3474 (XLVII,
452 3415 490 3469 17,
505 3410 537 3458 de
549 3409 660 3470 furibus
673 3410 829 3472 balneariis)
842 3412 880 3459 les
893 3413 971 3473 punit
984 3411 1161 3460 severement.
1178 3437 1206 3446 -

202 3474 324 3525 Placet.
338 3471 461 3536 L'esptce
473 3473 558 3520 existe
572 3474 703 3534 toujours.
717 3473 821 3520 Horace
830 3473 883 3520 s'en
893 3475 978 3536 plaint
987 3473 1057 3521 aussi
1066 3473 1129 3536 (Sat.
1144 3473 1164 3531 1,
1180 3476 1203 3530 t,

201 3536 239 3597 rt)
253 3551 259 3584 :
274 3536 299 3581 in
311 3535 398 3582 medio
406 3535 452 3595 qui
465 3533 571 3596 Scripta
580 3535 637 3582 loro
650 3535 762 3582 recitent
779 3538 842 3582 sunt
854 3537 940 3596 multi,
954 3537 1053 3599 quique
1066 3535 1206 3586 lavantes:

201 3597 288 3645 Suavc
308 3598 381 3643 locus
400 3596 460 3642 voci
484 3599 594 3644 resonat
613 3597 762 3644 conclusus,
785 3622 815 3632 -
833 3597 1014 3656 Institores,
1033 3611 1063 3645 cc
1081 3599 1142 3644 sont
1166 3596 1206 3644 les

202 3658 359 3705 marchands
376 3657 538 3714 ambulants‚
561 3657 599 3704 les
621 3671 732 3719 garcons
751 3657 784 3703 de
803 3660 928 3706 tavernes
946 3659 992 3720 qui
1011 3660 1167 3721 colportent
1190 3659 1205 3705 rt

203 3724 304 3766 travers
316 3719 339 3765 la
352 3718 414 3764 ville
426 3719 473 3764 des
485 3719 609 3765 boissons
621 3722 649 3766 ct
661 3719 707 3765 des
719 3718 877 3766 victuailles.
892 3747 921 3754 —
935 3719 1081 3778 Constat,
1097 3719 1162 3767 c‘cst
1183 3720 1208 3766 le

200 3794 303 3850 aequus
320 3778 435 3837 animus,
455 3779 565 3840 indique
586 3780 645 3840 plus
657 3779 705 3827 bas
726 3794 794 3841 par:
813 3781 877 3828 dum
891 3780 963 3828 inlus
984 3781 1053 3828 nihil
1073 3780 1208 3828 turnultus

201 3845 245 3890 a,
626 3933 656 3940 -
675 3904 725 3956 ars
744 3934 776 3943 -
