2698 4242
158 341 262 430 VIE
297 340 618 445 PUBLIQUE
653 339 772 428 DES
808 339 1093 428 ROMAINS

397 523 445 588 (De
457 522 571 573 Publica
583 524 764 598 Romanorum
782 523 851 588 Vita)

520 703 728 716 -ι-ᾑη

412 937 625 1000 CHAPITRE
652 937 841 997 PREMIER

562 1068 695 1134 (Capuan

161 1263 197 1300 un
211 1261 293 1299 vmsu
304 1259 344 1299 'ns
361 1261 449 1301 nonu.
466 1275 504 1284 -
519 1259 664 1305 ounuouss
678 1259 769 1296 raons
783 1238 946 1298 n'fflsroms
963 1259 1090 1302 nouam

288 1344 336 1406 (De
352 1344 422 1394 tlrbe
435 1343 525 1392 Roma.
538 1371 570 1380 -
581 1341 671 1392 Pauca
684 1343 716 1391 de
729 1344 811 1391 rebus
823 1342 969 1405 Romanis.)

425 1611 456 1666 1.
479 1594 593 1679 moga
619 1611 663 1666 de
684 1609 828 1666 l'Italte.

511 1757 608 1821 (ltalia
628 1758 740 1822 caudes.)

160 1931 196 1989 In
208 1935 275 1988 toto
288 1927 413 1988 orbe*et
423 1947 617 2008 quacumque
630 1927 696 1987 caeli
709 1928 902 1986 convexitas*
918 1928 1041 2006 vergit*,
1062 1929 1131 2008 pul·
1149 1934 1192 1998 2·

118 2025 344 2086 cherrima*est
356 2025 494 2084 omnium
503 2024 656 2104 rebusque
669 2025 994 2104 meritoprincipatum
1013 2031 1130 2084 naturae

118 2123 267 2182 obtinens
292 2121 392 2195 Italia,
423 2121 536 2180 rectrix
560 2141 732 2200 parensque
754 2122 861 2180 mundi
882 2121 1005 2193 altera*,
1030 2122 1129 2196 viris*,

119 2219 260 2290 seminiS,
296 2218 439 2290 ducibuS,
475 2218 637 2288 militibus,
675 2217 820 2292 servitiis,
842 2219 953 2277 artium
982 2226 1133 2298 praestan·
1215 2288 1217 2293 ,

121 2319 190 2388 tia*,
207 2315 405 2394 ingeniorum
416 2315 619 2387 claritatibus,
633 2314 698 2394 jam
719 2315 781 2373 situ
800 2333 836 2374 ac
852 2315 1046 2374 salubritate*
1065 2315 1131 2374 caeli

119 2422 213 2495 atque
236 2412 411 2492 temperie*‚
433 2432 557 2471 accessu
572 2419 753 2471 cunctarum
769 2412 908 2489 gentium
925 2412 1017 2484 sacili,
1035 2413 1132 2471 litori-

120 2513 179 2570 bus
198 2509 368 2591 portuosis,
391 2508 541 2586 benigno*
560 2516 723 2567 ventorum
744 2510 849 2568 atllatu
868 2508 994 2588 (etenim
1010 2510 1132 2568 contin·

121 2609 168 2688 git
192 2606 405 2687 procurrentis
428 2606 543 2685 positio
567 2607 598 2664 in
623 2613 742 2685 partem
767 2606 974 2678 utilissimam,
998 2613 1029 2664 et
1051 2608 1132 2666 inter

120 2712 210 2763 ortus
240 2723 430 2783 occasusque
458 2703 628 2782 mediam*),
670 2724 818 2782 aquarum
845 2704 945 2783 copia,
970 2723 1130 2762 nemorum

118 2801 313 2872 salubritate,
334 2800 488 2858 montium
506 2799 669 2872 articulis*,
686 2799 822 2858 ferorum
842 2799 1021 2859 animalium
1042 2801 1132 2860 inno-

118 2898 247 2970 centia*‚
260 2896 317 2957 soli
333 2897 503 2968 fertilitate,
519 2895 625 2976 pabuli
639 2897 804 2956 ubertate*.
821 2897 978 2978 Quidquid
996 2905 1052 2967 est,
1070 2919 1131 2978 quo

120 3015 226 3054 carere
244 2994 308 3053 vita
329 3013 391 3052 non
406 2993 528 3064 debeat,
545 3014 696 3072 nusquam
712 3000 759 3054 est
776 2995 973 3074 praestantius
991 3013 999 3055 t
1016 2995 1129 3074 fruges,

122 3094 243 3164 vinum,
260 3089 338 3163 olea,
356 3090 479 3162 vellera,
500 3090 574 3162 lina,
591 3097 704 3164 vestes
723 3091 875 3170 juvenci*.
890 3092 936 3149 Ne
950 3111 1046 3171 equos
1065 3093 1132 3172 qui-

121 3189 191 3248 dem
218 3187 251 3246 in
275 3186 426 3264 trigariis*
435 3187 574 3266 praeterri
598 3187 677 3246 ullos
695 3188 884 3246 vernaculis*
906 3185 1129 3250 animadverto.

121 3283 342 3356 Metallisauri‚
353 3285 497 3361 argenti*,
508 3283 588 3357 aeris,
601 3284 685 3357 ferri,
699 3283 846 3364 quamdiu
856 3284 948 3344 libuit
958 3305 1098 3344 exercere
1107 3287 1129 3356 *,
1171 3295 1174 3304 '

121 3381 216 3440 nullis
230 3380 335 3440 cessit*
352 3398 360 3440 ε
376 3388 407 3439 et
421 3380 459 3438 iis
482 3381 618 3440 nuncin
644 3401 676 3440 se
700 3379 846 3460 gravida*
869 3402 926 3462 pro
949 3383 1034 3442 omni
1060 3379 1133 3442 doto

122 3478 228 3538 varios
252 3497 353 3549 sucos,
384 3484 415 3536 et
440 3479 563 3556 frugum
601 3498 827 3557 pomorumque
861 3499 985 3559 sapores
1016 3479 1131 3542 fundit.

121 3576 171 3635 Ab
187 3595 235 3648 ea,
252 3574 390 3654 exceptis
407 3573 503 3634 lndiae
521 3574 696 3646 sabulosis*,
719 3575 872 3655 proxime*
889 3575 1013 3655 quidem
1036 3575 1133 3635 duxe-

121 3673 179 3730 rim
198 3669 392 3751 Hispaniam,
408 3672 615 3752 quacumque*
629 3672 764 3731 ambitur
782 3673 868 3731 mari.

207 3777 250 3818 Vie
262 3777 377 3830 Pubtique
389 3775 427 3818 des
439 3777 552 3819 Romame.
1033 3780 1046 3824 ί

572 3861 693 3927 ·l··.
