2696 4244
463 182 542 242 155.
566 184 702 240 Moeurs
722 183 788 238 des
810 183 1013 240 Germains.

530 269 577 342 (De
595 269 715 316 moribus
729 269 943 332 Germanorum.)

172 349 210 412 2⁰
276 368 389 426 Severa
416 367 477 425 illic
511 367 716 438 matrimonia,
748 388 803 425 nec
832 367 925 426 ullam
962 389 1082 426 morum
1118 377 1236 448 partem

237 465 333 542 magis
355 463 536 522 laudaveris
553 464 632 541 Ergo
655 472 767 543 saeptae
791 465 936 543 pudicitia
950 466 1092 524 mulieres
1109 455 1234 543 agunl*,

238 561 328 619 nullis
348 561 593 640 spectaculorum
616 561 778 633 illecebris
796 561 888 620 nullis
910 563 1124 621 conviviorum
1140 563 1238 620 irrita·

238 658 374 718 tionibus
399 667 562 739 corruptae.
597 659 781 717 Litterarum
815 659 952 718 secreta*
978 660 1035 716 viri
1059 661 1173 738 pariter
1203 679 1240 717 ac

238 755 359 814 leminea
375 756 528 833 ignorant.
544 755 730 820 Paucissima
747 757 777 814 in
787 764 850 815 tam
867 777 1030 828 numerosa
1047 767 1137 833 gente
1153 756 1240 840 adul-

238 853 325 924 teria,
342 873 473 933 quorum
495 873 594 931 poena
612 873 745 931 praesens
764 861 794 911 et
810 853 927 911 maritis
945 854 1104 932 permissa.
1121 855 1240 913 Accisis

238 950 373 1008 crinibus
389 949 534 1008 nudatam
550 969 651 1008 coram
669 950 848 1028 propinquis
861 949 1087 1029 expellitdomo
1099 952 1238 1024 mantue,

239 1068 274 1106 ac
290 1067 477 1126 peromnem
493 1047 596 1104 vicum
616 1045 742 1104 verbere
763 1047 836 1124 agit.
856 1047 1024 1106 Publieatae
1046 1049 1127 1107 enim
1148 1048 1240 1127 pudi-

238 1141 318 1198 citiae
348 1139 430 1197 nulla
458 1139 568 1212 venia3
598 1159 660 1197 non
686 1139 795 1211 forma,
827 1161 888 1198 non
916 1147 1017 1211 aetate,
1042 1161 1103 1199 non
1130 1140 1241 1220 opibus

238 1238 382 1295 maritum
404 1237 566 1296 invenerit.
590 1237 687 1294 Nemo
706 1237 787 1295 enini
807 1237 962 1295 illievitia
980 1237 1075 1308 ridet,
1098 1259 1153 1296 nec
1175 1258 1241 1296 eor-

240 1353 382 1412 rumpere
400 1341 430 1391 et
445 1334 600 1412 corrumpi
618 1333 945 1392 saeculum*vocatur.
964 1335 1095 1394 Melius*
1116 1335 1243 1416 quidem

240 1431 341 1490 adhuc
363 1452 405 1489 eae
423 1431 564 1489 civitates
587 1431 745 1509 inquibus
768 1438 885 1490 tantum
905 1432 1040 1510 virgines
1050 1431 1186 1502 nubunt,
1211 1442 1242 1490 et

237 1550 311 1587 cum
333 1549 386 1607 spe
409 1535 544 1606 votoque
566 1528 672 1586 uxoris
698 1529 790 1586 semel
816 1529 1023 1606 transigitur*.
1051 1530 1100 1587 Sic
1127 1529 1242 1586 unum⁷

234 1625 397 1704 naccipiunt
423 1625 577 1695 maritum,
614 1645 674 1705 quo
702 1624 794 1683 modo
823 1646 917 1682 unum
948 1646 1060 1704 corpus
1089 1645 1244 1704 unamque

242 1723 347 1793 vitam,
374 1743 411 1779 ne
439 1721 499 1779 ulla
526 1722 673 1799 cogitatio
697 1722 788 1792 ultra,
811 1742 849 1779 ne
873 1722 992 1800 longior
1016 1723 1179 1801 cupiditas,
1205 1742 1244 1779 ne
1328 1795 1329 1800 ἵ

237 1828 399 1898 tamquam
423 1819 579 1890 maritum,
606 1819 658 1876 sed
689 1825 846 1898 tamquam
871 1820 1101 1878 matrimonium
1126 1827 1242 1878 ament.

235 1917 411 1976 Numerum
435 1916 603 1974 liberorum
636 1915 723 1974 finire
751 1924 806 1974 aut
832 1936 1017 1996 quemquam
1042 1937 1078 1974 ex
1105 1917 1244 1993 agnatis*

236 2034 350 2073 ,necare
370 2013 520 2090 flagitium
545 2013 695 2085 habetur3
718 2013 847 2092 plusque
867 2013 908 2071 ibi
931 2013 1002 2072 boui
1019 2035 1118 2072 mores
1140 2013 1247 2071 valent

243 2131 333 2190 quam
356 2109 428 2167 alibi
451 2109 539 2167 bonae
561 2111 653 2187 leges.
679 2110 714 2167 ln
736 2111 818 2168 omni
834 2110 926 2169 domo
958 2109 1050 2169 nudi*
1069 2132 1104 2169 ac
1127 2110 1245 2169 sordidi

243 2209 274 2265 in
288 2208 343 2265 bos
358 2216 454 2278 artus,
477 2207 509 2264 in
531 2207 596 2264 haec
613 2228 742 2286 corpora
763 2228 831 2285 quae
848 2209 995 2266 miramur
1004 2210 1025 2279 *,
1050 2215 1243 2267 excrescunt..

243 2307 304 2364 Sua
318 2305 492 2386 quemque*
507 2312 605 2362 mater
621 2303 765 2362 uberibus
781 2303 845 2375 alit,
859 2326 914 2363 nec
933 2305 1051 2363 ancillis
1066 2326 1101 2364 ac
1119 2305 1242 2362 nutrici·

243 2403 299 2461 bus
326 2402 515 2479 delegantur.
538 2402 706 2460 Dominum
733 2422 767 2459 ae
794 2422 916 2460 servum
941 2402 1033 2460 nullis
1055 2402 1247 2461 educationis
1328 2457 1329 2466 ἦ

243 2500 359 2558 deliciis
382 2499 554 2577 dignoscas.
582 2499 665 2556 luter
684 2498 791 2556 eadem
812 2519 932 2577 pecora,
962 2500 993 2556 in
1019 2499 1124 2556 eadem
1151 2500 1248 2558 humo

243 2597 361 2674 degunt
383 2615 388 2655 :
411 2597 509 2654 donec
528 2604 602 2654 aetas
629 2604 750 2674 separet
772 2597 934 2682 ingenuos,
964 2596 1061 2654 virtus
1087 2604 1244 2672 agnoscat.

274 2712 315 2760 Νο
330 2711 394 2760 155
408 2724 412 2757 :
425 2710 545 2772 Agunt,
557 2713 647 2757 s.-ent.
659 2709 750 2758 uitam.
761 2737 791 2746 -
804 2709 946 2760 Secreta.
959 2711 999 2758 On
1011 2711 1068 2757 voit
1079 2725 1128 2771 par
1139 2725 1168 2756 ce
1183 2711 1248 2758 trait

244 2777 271 2822 et
284 2789 332 2834 par
345 2772 474 2833 quelques
484 2775 573 2818 autres
586 2771 673 2833 (nulla
685 2771 810 2819 orbitatis
821 2771 918 2834 pretia,
927 2772 974 2819 Ch.
986 2775 1030 2831 tm
1044 2799 1073 2806 —-
1087 2772 1180 2819 liberti
1194 2787 1249 2818 non
1328 2803 1329 2806 =

245 2835 360 2882 muttum
372 2848 453 2894 supra
467 2847 556 2880 servos
567 2836 640 2891 sunt,
654 2834 694 2880 ch.
710 2835 758 2894 25),
773 2849 824 2895 que
839 2833 937 2890 Tacite,
952 2835 1018 2881 dans
1028 2849 1056 2880 sa
1070 2833 1220 2892 Germanie,
1232 2849 1248 2881 a

244 2912 297 2943 non
310 2897 457 2942 seulement
465 2895 513 2940 l'ait
523 2909 614 2942 oeuvre
623 2896 777 2942 d'historien
788 2899 815 2944 et
825 2896 957 2942 d'homme
968 2897 1056 2943 d'Etat
1066 2911 1099 2942 en
1109 2899 1250 2942 montrant
1328 2915 1329 2918 ¹

244 2961 257 3004 a
279 2959 362 3004 Rome
381 2957 526 3002 l'immense
544 2958 649 3004 re'serve
666 2958 699 3003 de
716 2957 802 3004 forces
820 2959 865 3020 qui
884 2959 1017 3014 menacait
1036 2973 1078 3004 ses
1094 2957 1247 3016 frontieres,

245 3021 310 3066 mais
329 3019 393 3080 qu'il
410 3033 423 3064 a
442 3018 483 3064 ete'
501 3019 636 3065 moraliste
654 3019 768 3079 prolond
785 3023 812 3066 et
828 3020 1054 3080 e'pigramnratiste
1070 3019 1200 3080 spirituel,
1214 3035 1249 3066 en
1328 3035 1329 3078 ξ

244 3084 377 3142 opposant
399 3081 422 3126 la
445 3080 587 3140 simplicite
607 3081 639 3125 de
656 3094 755 3127 moeurs
777 3081 824 3128 des
846 3081 985 3129 Germains
1007 3083 1021 3129 d
1041 3084 1065 3129 la
1089 3083 1249 3142 corruption
1328 3085 1329 3088 ’

243 3145 370 3190 romaine.
380 3141 599 3200 -Saeculum,
609 3141 703 3188 e'estle
714 3157 774 3189 sens
782 3143 900 3190 chre'tien
913 3144 949 3191 :le
958 3144 1011 3192 bon
1022 3148 1078 3204 ton,
1090 3144 1115 3190 la
1123 3145 1250 3204 supreme
1328 3181 1329 3188 ,

244 3205 376 3265 elegance.
401 3231 431 3238 -
452 3201 580 3261 Melius,
603 3207 693 3250 seent.
718 3207 812 3266 apunt.
832 3232 861 3239 —-
880 3205 1100 3268 Transigitur.
1122 3205 1162 3252 On
1188 3209 1250 3252 sent
1328 3261 1329 3264 Ἴ

245 3266 428 3327 l‘indignation
447 3267 479 3312 de
493 3265 604 3311 l'auteur
621 3266 666 3326 qui
684 3267 736 3314 soit
748 3265 807 3328 qu'd
821 3266 904 3313 Rome
923 3268 947 3314 le
966 3268 1075 3314 divorce
1089 3269 1129 3314 est
1142 3267 1249 3313 deveuu
1328 3319 1329 3322 Ἴ

245 3343 280 3374 un
298 3327 418 3374 adultere
435 3327 511 3386 le'gal.
527 3327 565 3374 Cf.
581 3327 687 3374 Martial
699 3328 754 3389 (VI,
770 3329 811 3390 ll:
830 3329 892 3384 Quae
906 3327 983 3375 nubit
998 3328 1075 3375 toties
1092 3343 1144 3376 non
1158 3327 1249 3388 nubit,
1328 3331 1329 3338 ’

244 3389 369 3437 adultera
391 3388 509 3451 teperet.
529 3415 556 3423 -
577 3387 720 3450 Agnetis
739 3409 770 3432 =
789 3390 845 3452 qui,
861 3388 908 3436 ubi
925 3389 1002 3436 heres
1017 3389 1077 3451 J'am
1090 3391 1137 3448 est,
1151 3390 1250 3436 desnde

246 3453 403 3498 nascuntur.
422 3450 455 3497 Se
477 3451 599 3511 rappeler
621 3465 673 3510 que
700 3451 739 3498 les
764 3465 925 3520 empereurs,
946 3466 1015 3511 pour
1040 3465 1202 3511 encourager
1225 3453 1249 3498 la

245 3513 353 3570 famille,
376 3512 550 3559 accordercnt
570 3513 594 3558 le
614 3512 663 3572 jus
687 3512 771 3558 trium
793 3513 952 3569 liberorum,
977 3517 1004 3559 et
1025 3513 1190 3559 declarerent
1210 3514 1251 3559 les
1328 3565 1329 3574 ἵ

244 3573 351 3621 caelibes
372 3574 557 3633 (celibataires,
578 3587 612 3620 ou
629 3573 724 3620 marie's
744 3588 805 3620 sans
824 3573 938 3635 enlants)
957 3575 1110 3634 incapables
1122 3573 1252 3620 d'heriter
1328 3587 1329 3598 ¹

245 3637 312 3683 dans
324 3637 441 3682 certains
454 3649 506 3680 cas,
521 3661 550 3670 -
562 3634 650 3684 Nudi
668 3649 674 3682 ι
692 3636 711 3682 11
723 3635 798 3696 s'agit
812 3637 858 3682 des
872 3637 985 3682 ensants.
1000 3663 1029 3670 —
1046 3635 1218 3694 Miramur,
1235 3637 1250 3682 a

246 3697 339 3756 Rome,
349 3699 382 3744 ou
393 3697 430 3742 les
439 3697 578 3742 Germains
590 3697 733 3743 lormaient
743 3698 780 3743 les
794 3698 887 3757 gardes
895 3698 930 3744 du
939 3699 1072 3758 corpsdes
1084 3711 1250 3758 empereurs.
1328 3717 1329 3732 2

229 3796 231 3800 ,
248 3787 275 3793 -
288 3759 356 3808 Sua
371 3769 537 3819 quemque.
547 3757 586 3804 Cf.
599 3758 699 3814 Tacite,
712 3757 782 3804 Dial.
798 3758 843 3805 des
857 3759 910 3814 On,
926 3760 966 3806 ch.
980 3764 1018 3806 29.
1031 3759 1222 3819 Montesquieu
1236 3775 1249 3806 a

246 3820 340 3880 appele
361 3821 384 3865 la
403 3817 543 3866 Germanic
561 3837 571 3861 (ι
592 3833 628 3864 un
648 3819 793 3866 admirable
816 3834 931 3875 ouvrage
951 3840 971 3878 r,
992 3824 1019 3867 et
1038 3821 1150 3867 Daunou
1168 3821 1252 3868 disait
1328 3829 1329 3848 ³

247 3899 260 3925 α
271 3880 364 3943 qu'elle
378 3882 443 3928 c'tait
456 3895 506 3927 une
517 3879 662 3927 admirable
673 3881 855 3927 introduction
866 3881 880 3927 a
893 3880 1020 3928 l'lristoire
1031 3880 1212 3942 d'Allemagne
1227 3901 1251 3930 a.
1328 3929 1329 3940 ,

667 3960 825 4011 -ttt-
