2696 4244
412 169 533 228 100er
552 172 601 227 Le
621 169 771 227 Bouffon
791 171 827 226 et
846 169 881 226 te
901 172 1062 237 Persen·

575 265 685 329 (Scurra
700 267 726 314 et
738 263 884 328 Rusticus.)
898 325 900 330 Ι

651 404 682 459 2⁸
702 419 816 460 exeris.

177 540 224 606 4³*
314 542 383 602 Hoc
400 543 485 602 videt
502 551 536 601 ut
550 542 615 601 fieri
629 541 761 601 rusticus
776 560 783 600 ε
801 565 816 596 «
835 546 909 614 non,
929 538 1103 600 mehercule
1114 539 1159 612 '„

313 639 365 699 Me
380 639 524 710 vincet»,
540 640 641 719 inquit
658 659 664 698 :
681 647 712 698 et
725 638 828 696 statim
843 636 998 717 protessus¹
1012 638 1058 695 est

314 735 400 795 Idem
414 737 566 796 facturum
583 736 692 794 melius
711 756 742 793 se
759 733 919 814 postridie.

314 832 365 891 Fit
379 833 468 892 turba
483 833 591 912 major.
606 833 675 891 lam
687 833 775 890 favor
788 839 906 890 mentes
920 831 1037 901 tenet',

314 929 354 988 Et
365 930 527 1002 derisuri*,
545 951 606 989 non
623 929 791 1008 spectaturi
799 929 821 1000 *,
836 928 957 987 ¹sedent.

316 1021 451 1101 Uterque
466 1022 579 1102 prodit.
597 1024 709 1080 Scurra
722 1021 994 1100 degrunnitprior,

315 1118 482 1199 Movetque
497 1119 623 1198 plausus
636 1127 667 1178 et
682 1119 831 1180 clamores
843 1118 989 1178 suscitat.

313 1216 399 1274 Tunc
412 1216 560 1274 simulans
573 1237 638 1274 sese
654 1215 847 1275 vestimentis
863 1215 995 1274 rusticus

315 1312 485 1372 Porcellum
501 1313 645 1391 obtegere
663 1313 755 1393 (quod
768 1313 901 1372 faciebat
913 1312 1031 1372 scilicet
1041 1313 1064 1381 ',

314 1409 384 1479 Sed,
396 1411 426 1468 in
438 1411 540 1490 priore
551 1410 624 1489 quia
639 1409 682 1467 nil
700 1417 924 1488 compererant,
937 1408 1077 1487 latens'),

315 1507 459 1566 Pervellit
471 1528 574 1566 aurem
590 1508 692 1578 vero*,
709 1527 801 1586 quem
813 1506 977 1577 celaverat,

315 1604 352 1661 Et
368 1624 438 1662 cum
454 1603 559 1663 dolore
572 1623 679 1664 vocem
691 1604 828 1662 naturae*
843 1603 997 1682 exprimit.

314 1701 488 1759 Succlamat
502 1701 634 1780 populus
648 1721 784 1760 scurram
799 1701 897 1759 multo
910 1699 1040 1758 similius

315 1798 484 1868 Imitatum,
503 1805 534 1856 et
548 1798 632 1874 cogit
648 1797 799 1856 rusticum
818 1797 901 1863 trudi
917 1797 1026 1864 loras*.

313 1896 355 1952 At
369 1894 440 1953 ille*
454 1895 571 1973 profert
585 1895 685 1974 ipsum
701 1894 870 1973 porcellum
884 1914 899 1952 e
915 1893 984 1955 sinu
994 1894 1016 1964 *‚

313 1991 518 2070 Turpemque,
536 1999 642 2071 aperto
654 1991 793 2071 pignore,
808 2011 940 2049 errorem
954 1990 1103 2068 probrans
1123 2009 1129 2050 :

317 2113 330 2142 u
348 2087 394 2146 En
407 2086 475 2147 hic*
485 2089 621 2148 declarat
636 2087 742 2166 quales
760 2088 826 2146 sitis
835 2087 975 2167 judices!
991 2111 1017 2146 ›>.

234 2245 328 2297 ribus
341 2260 347 2295 :
361 2247 386 2294 le
396 2247 534 2306 musicien,
548 2248 572 2295 le
582 2247 714 2295 chanteur
729 2247 773 2308 qui
790 2247 1027 2308 accompagnaient
1039 2247 1064 2294 le
1074 2246 1121 2308 jeu
1133 2246 1167 2293 de
1179 2244 1242 2293 l'ac-

234 2309 303 2356 teur.
324 2309 409 2357 -In
430 2308 547 2366 sinum,
570 2309 762 2372 sous-entendu
780 2307 861 2380 pallii
880 2310 1014 2369 (manteau
1051 2322 1095 2355 rec
1113 2307 1147 2355 de
1168 2307 1241 2356 laine

235 2369 367 2432 blanche).
381 2370 403 2417 ll
416 2374 456 2418 est
469 2370 598 2432 probable
611 2385 644 2417 en
658 2371 720 2418 effet
733 2371 796 2432 qu'il
815 2368 891 2431 s'agit
907 2370 940 2416 ici
958 2370 1020 2416 d'un
1033 2323 1148 2416 lmutlon
1165 2384 1238 2431 grec.

236 2430 380 2493 Plutarque
393 2431 504 2494 (Propos
518 2433 549 2480 de
564 2431 644 2492 table,
658 2432 691 2489 V,
710 2433 732 2491 1)
746 2432 819 2493 parte
832 2432 894 2478 d‘un
907 2431 1008 2478 certain
1026 2430 1176 2478 Parmenon
1190 2431 1238 2492 qui

235 2493 334 2541 imitait
348 2494 538 2566 perlaitement
551 2494 575 2542 le
587 2495 624 2541 cri
637 2495 673 2540 du
688 2507 820 2555 pourccau
835 2496 862 2541 et
876 2508 908 2540 en
925 2493 1014 2540 faisait
1029 2507 1076 2540 son
1089 2492 1193 2540 melier.
1208 2519 1239 2528 -

235 2554 366 2615 Excutl,
380 2557 574 2604 sous-entendu
582 2555 708 2618 pallium.
722 2581 752 2589 —
764 2554 866 2604 Simul
879 2553 1000 2601 :simul
1012 2569 1050 2601 ac.

266 2672 307 2721 ΙΨ
323 2669 416 2721 180¹r·
430 2686 436 2720 :
449 2671 636 2721 Mehercule
652 2685 658 2717 :
672 2670 757 2717 forme
766 2669 903 2730 elliptique
912 2669 944 2716 de
954 2669 1089 2730 jurement
1101 2671 1128 2716 et
1140 2669 1173 2716 de
1186 2683 1241 2716 ser-

235 2735 309 2783 ment
319 2751 350 2776 :
365 2745 404 2779 me
417 2732 532 2780 Hercule
542 2731 695 2794 adjuvante.
714 2731 754 2778 On
767 2731 807 2778 dit
817 2731 886 2778 aussi
901 2730 1065 2778 mehercules
1078 2750 1108 2772 z
1121 2745 1161 2778 me
1173 2730 1240 2778 Her-

234 2796 309 2844 cules
326 2793 445 2855 adjuvet.
464 2795 513 2840 Les
530 2795 640 2841 femmes
656 2794 774 2855 juraient
791 2807 839 2854 par
857 2793 950 2839 Pollux
964 2793 1037 2855 :pot
1051 2819 1080 2828 -
1093 2791 1196 2842 Tenet
1207 2813 1240 2833 =

234 2854 573 2968 ‘ttettattltttt
582 2854 774 2966 Petilli
782 2853 1240 2963 ²-itamar>attalaia

235 2931 386 3089 eoupgons3
398 2979 422 3027 la
432 2951 601 3050 proposition
614 2979 748 3025 incidente
762 2954 835 3040 (quia
850 2978 877 3025 in
886 2977 979 3040 priore
992 2931 1035 3025 nil
1042 2992 1099 3025 eom
1120 2977 1238 3040 ererant)

235 3043 562 3153 ttpttttttttttfflm
572 3041 676 3150 titt
684 3041 874 3148 titillet
890 3039 1240 3151 [ζοῗῗὲῖὶῶηὲᾞὲεῗ

235 3119 359 3228 aelmon
373 3164 461 3212 faisait
471 3139 523 3211 airx
533 3117 651 3211 esitaves
663 3164 708 3224 qui
722 3116 828 3210 avaisint
841 3138 891 3210 mut
905 3164 969 3225 J'oue
984 3165 1041 3210 leur
1053 3163 1108 3210 rote
1121 3137 1187 3209 dans
1199 3163 1236 3211 les

236 3227 326 3289 pieces
342 3227 375 3273 de
395 3225 513 3273 the'atre:
536 3240 570 3274 on
589 3225 627 3272 tes
650 3226 747 3272 battait
766 3227 852 3272 nieme
872 3226 886 3272 a
906 3239 989 3286 coups
1010 3226 1042 3272 de
1064 3239 1165 3286 verges.
1187 3225 1239 3272 Par

235 3292 338 3346 contre,
356 3303 422 3336 ceux
440 3289 486 3349 qui
503 3287 610 3334 avaient
628 3287 689 3334 bien
704 3287 768 3348 ¹ioue
791 3287 941 3334 recevaient
954 3288 1000 3333 des
1018 3301 1176 3344 couronnes,
1191 3287 1239 3334 cles

235 3351 423 3411 recompenses
438 3364 470 3397 en
483 3356 583 3410 argent,
598 3351 625 3396 et
637 3349 803 3410 quelquefois
816 3349 840 3395 la
853 3349 957 3396 liberte.
971 3349 1071 3397 -Ille
1084 3347 1239 3409 repre'sente

236 3411 362 3460 rusticus.
377 3438 404 3448 —
419 3411 507 3461 Sinu.
521 3411 556 3458 Le
569 3410 645 3459 sinus
655 3415 695 3458 est
708 3426 742 3456 un
752 3411 790 3471 pli
801 3410 1025 3458 demi-circulaire
1039 3409 1138 3470 (iinrbo,
1148 3409 1237 3468 Perse,

234 3472 268 3532 V,
285 3473 323 3534 et)
336 3475 402 3521 dans
416 3489 452 3520 un
468 3476 603 3522 vetement
615 3473 648 3518 de
661 3474 754 3519 dessus
769 3471 842 3518 teche
857 3473 884 3518 et
901 3473 1023 3530 tlottant3
1038 3486 1071 3518 on
1090 3472 1113 3519 te
1130 3472 1240 3519 formait

235 3551 268 3584 en
281 3536 418 3583 saisissant
431 3550 466 3582 un
482 3536 528 3582 des
541 3535 621 3582 bouts
641 3536 673 3581 de
687 3535 711 3580 la
728 3533 850 3594 draperie
867 3537 894 3581 et
909 3549 941 3580 en
955 3534 978 3580 le
992 3533 1107 3593 rejetant
1119 3547 1167 3595 par
1181 3534 1239 3581 des-

235 3612 281 3645 sus
293 3597 405 3658 l’epaute
422 3599 458 3644 du
475 3597 534 3644 cote
552 3596 653 3659 oppose
673 3597 686 3642 a
704 3597 772 3668 celui
787 3596 820 3641 οὺ
840 3594 858 3641 il
875 3596 985 3666 pendait
997 3597 1171 3669 auparavant.
1188 3597 1239 3642 Les

235 3660 357 3707 hommes
373 3663 400 3707 et
413 3659 450 3706 tes
462 3659 573 3706 femmes
591 3673 619 3706 se
639 3660 771 3712 servarent
788 3657 823 3703 du
843 3671 925 3703 creux
945 3671 1011 3703 ainsi
1030 3657 1114 3704 tormt
1134 3671 1238 3704 comme

235 3722 314 3768 d'une
330 3722 416 3781 poche
434 3735 502 3781 pour
520 3723 655 3781 porter'ce
670 3717 749 3779 qu'on
765 3718 869 3765 voutait
883 3719 952 3764 tenir
964 3719 1044 3766 cache
1064 3733 1137 3766 :une
1149 3719 1238 3776 lettre,

235 3797 288 3830 une
301 3783 407 3844 bourse‚
421 3785 472 3830 etc.
486 3808 516 3817 -
527 3781 598 3841 Hic,
611 3779 799 3828 sous-entendu
810 3779 960 3842 porcellus.

658 3931 788 3982 -182-
