2698 4234
448 162 531 222 395.
549 164 619 220 Sur
633 165 668 221 le
682 164 829 222 flamine
845 167 889 222 de
902 165 1059 234 Jupiter.

621 269 668 331 (De
677 269 787 334 flamine
796 268 889 336 Diali.)

186 419 227 485 2⁹
292 426 356 486 Sub
379 426 460 486 idem
482 435 605 508 tempus
631 429 669 488 de
698 431 821 489 flamine
848 430 950 489 Diali*
984 431 1127 508 legendo,
1166 431 1256 488 simul

253 522 408 601 roganda*
425 545 504 584 nova
522 525 588 602 lege
603 525 750 585 disseruit
762 527 876 586 Caesar.
899 527 977 586 Nam
1002 528 1159 607 patricios
1186 548 1256 586 con-

253 620 414 679 farreatis*
428 622 609 700 parentibus
624 624 755 702 genitos,
769 631 830 682 tres
848 623 939 682 simul
953 624 1117 696 nominari,
1132 645 1170 682 ex
1186 625 1255 704 quis

258 738 336 776 unus
363 718 545 796 legeretur*,
573 727 696 779 vetusto
725 741 825 795 more;
848 742 948 802 neque
972 722 1088 793 adesse,
1112 729 1146 780 ut
1170 721 1254 787 olim,

252 835 320 872 eam
346 815 477 894 copiam,
502 816 614 874 omissa
634 817 849 876 confarreandi
873 818 1071 877 assuetudine
1098 827 1152 877 aut
1178 819 1257 876 inter

253 931 367 989 paucos
383 919 513 972 retenta.
533 911 701 993 Pluresque
718 915 784 994 ejus
800 915 843 972 rei
858 936 965 975 causas
981 915 1143 988 afferebat3
1159 917 1256 994 potis-

251 1009 388 1080 simam*‚
407 1029 500 1088 penes
515 1011 664 1068 incuriam
677 1011 815 1069 virorum
831 1011 1088 1091 feminarumque.
1100 1013 1256 1070 Accedere

252 1105 348 1184 ipsius
361 1107 546 1166 caerimoniae
560 1106 787 1178 difficultates*,
812 1129 881 1188 quae
903 1109 1046 1168 consulto
1071 1109 1253 1174 vitarentur,

252 1209 283 1260 et
302 1201 385 1281 quod
400 1203 516 1261 exiret*
529 1225 545 1262 e
557 1204 627 1284 jure
643 1205 744 1284 patrio
759 1205 812 1284 qui
826 1205 856 1262 id
874 1207 1043 1266 flaminium
1066 1206 1255 1286 apisceretur

252 1319 382 1378 quaeque
409 1300 440 1358 in
465 1321 589 1360 manum
618 1301 751 1360 flaminis
782 1302 973 1363 conveniret.
1003 1303 1048 1361 lta
1070 1302 1254 1362 medendum

252 1404 376 1454 senatus
401 1396 525 1456 decreto
554 1406 607 1458 aut
631 1399 708 1476 lege,
733 1400 812 1458 sicut
842 1404 1002 1477 Augustus
1033 1400 1187 1479 quaedam,
1220 1421 1254 1457 ex

253 1492 465 1553 horrida*illa
490 1495 685 1573 antiquitate,
711 1495 748 1554 ad
775 1505 960 1575 praesentem
987 1509 1076 1556 usum
1107 1498 1253 1555 flexisset.

255 1589 353 1667 lgitur
370 1591 529 1648 tractatis*
542 1591 755 1670 religionibus,
771 1593 915 1671 placitum
933 1594 1076 1652 instituto
1093 1594 1252 1652 flaminum

252 1685 328 1744 nihil
344 1687 506 1747 demutari.
524 1688 584 1746 Sed
597 1688 657 1747 lata
682 1689 740 1759 lex,
767 1709 827 1767 qua
849 1690 1003 1748 flaminica
1024 1690 1133 1763 Dialis,
1155 1711 1255 1748 sacro-

253 1803 320 1842 rum
336 1804 437 1854 causa,
452 1784 484 1842 in
500 1792 653 1864 potestate
668 1786 736 1853 viri,
757 1795 858 1844 cetera
876 1787 1052 1865 promiscuo
1070 1787 1253 1845 feminarum

249 1881 319 1959 jure
335 1887 449 1957 ageret.
469 1880 572 1960 thue
594 1881 735 1959 glisceret
758 1882 915 1959 dignatio*
943 1883 1137 1942 sacerdotum
1161 1892 1254 1963 atque

252 1977 327 2056 ipsis
345 1977 742 2056 promptioranimusforet
765 1979 802 2036 ad
827 1980 1028 2059 capessendas
1050 1980 1253 2038 caerimonias.

252 2073 409 2132 decretum
426 2073 577 2133 Corneliae
591 2075 733 2153 virgini*,
750 2097 818 2155 quae
832 2077 861 2134 in
874 2075 975 2135 locum
999 2077 1132 2135 Scantiae
1155 2078 1252 2156 capie-

254 2154 353 2238 batur,
375 2171 550 2230 sestertium
572 2172 703 2244 vicies*;
732 2180 762 2230 et
784 2174 906 2252 quoties
935 2177 1074 2251 Augusta
1097 2173 1252 2232 theatrum

252 2267 422 2340 introisset,
439 2274 474 2326 ut
488 2269 575 2327 sedes
590 2269 688 2327 inter*
702 2270 865 2327 vestalium
881 2270 1066 2330 consideret.

284 2444 325 2493 N⁰
338 2444 404 2494 395
418 2459 424 2491 t
438 2443 535 2494 Diali.
551 2445 571 2491 ll
584 2460 602 2506 y
617 2445 690 2494 avait
706 2446 799 2506 quinae
815 2447 934 2494 flamines
947 2447 962 2494 t
983 2444 1117 2508 l'origine3
1141 2447 1180 2494 les
1192 2448 1257 2494 trois

271 2506 312 2553 lus
326 2506 413 2553 eleves
426 2521 458 2552 en
474 2506 583 2566 dignite,
595 2507 718 2569 flamines
732 2507 856 2568 rnajores,
877 2509 977 2555 etaient
991 2523 995 2555 :
1013 2509 1036 2555 le
1057 2508 1155 2570 flamen
1168 2508 1257 2559 dialis.

253 2522 391 2629 lhilanien
412 2567 553 2625 martialis,
575 2569 597 2615 le
620 2569 717 2630 {lamen
758 2569 894 2618 uirinatir.
912 2597 942 2605 —
957 2569 1128 2632 Roganda.
1154 2569 1258 2633 Bepara

254 2629 339 2692 tepent
353 2645 381 2676 se
392 2631 432 2676 dit
444 2631 476 2675 de
485 2631 551 2676 celui
565 2631 609 2691 qui
621 2584 771 2691 proposela
785 2632 828 2678 loi.
842 2658 871 2666 -
884 2630 1119 2690 confarreatis,
1139 2632 1200 2679 unis
1212 2647 1259 2693 par
1336 2645 1337 2662 ³

253 2691 458 2740 confarreation.
484 2691 502 2737 ll
519 2708 538 2753 y
558 2693 630 2739 avait
647 2693 713 2738 trois
731 2697 817 2740 sortes
839 2694 871 2738 de
888 2695 1017 2754 mariaaes
1032 2709 1037 2740 2
1052 2707 1115 2740 usus
1129 2694 1214 2752 (sorte
1227 2695 1259 2740 de
1336 2693 1337 2700 ’

253 2754 369 2814 mariage
388 2754 474 2815 libre),
493 2753 622 2815 coemptio
640 2757 723 2806 (sorte
742 2755 774 2800 de
794 2759 900 2802 contrat
918 2757 979 2802 civil
998 2756 1042 2816 qui
1062 2756 1220 2816 permettait
1236 2756 1259 2801 lc
1336 2797 1337 2810 ,

254 2815 382 2875 divorcel,
392 2819 419 2862 et
431 2816 455 2861 la
467 2815 656 2874 confarreatio,
670 2816 784 2877 mariage
798 2816 923 2876 religieux
934 2816 1128 2878 indissoluble).
1141 2816 1181 2863 On
1196 2831 1259 2864 vou-
1336 2851 1337 2854 η

254 2877 301 2924 leit
316 2892 364 2938 par
376 2877 401 2923 lrl
414 2877 516 2924 donner
528 2892 559 2924 nu
573 2877 669 2940 {lamen
682 2877 766 2925 Dialis
776 2894 810 2925 un
823 2879 957 2926 caract'ere
970 2880 1030 2940 plus
1042 2877 1194 2926 ventrable.
1210 2879 1260 2925 Les
1336 2911 1337 2932 ,

253 2937 376 3000 flamines
389 2938 504 3000 majores
518 2941 641 2986 devaient
653 2941 709 2986 etre
722 2939 769 2986 ne's
784 2939 845 2987 d'un
860 2942 975 3002 maringe
990 2955 1039 3002 par
1050 2940 1259 2988 confarreation.
1336 2963 1337 2992 i

254 3004 281 3047 et
290 2999 385 3046 marie's
394 3015 456 3047 sous
468 3001 492 3046 le
505 3001 696 3062 memeregime
711 3017 716 3048 :
732 3022 742 3043 a
760 3017 819 3049 nam
832 3003 953 3064 flamines
974 3001 1097 3063 majores,
1112 3001 1186 3049 idest
1201 3001 1259 3048 Dia·
1336 2999 1337 3044 ζ

254 3060 301 3118 les,
315 3061 460 3115 ,llnrtialee
476 3062 635 3121 Quirinales,
649 3063 711 3110 item
725 3078 801 3127 repes
814 3079 961 3123 sacrorum,
977 3062 1029 3110 nisi
1042 3062 1090 3126 qui
1104 3062 1260 3124 confarrea-

256 3123 289 3170 tis
299 3123 400 3184 nupitiis
406 3124 543 3185 procreati
560 3127 631 3174 sunt,
640 3125 702 3186 fieri
715 3127 852 3188 nequeunt
869 3127 970 3186 (Gaius,
984 3125 1004 3180 l,
1018 3126 1072 3186 lla)
1086 3144 1107 3171 n.
1119 3125 1260 3186 -Lege-
1336 3145 1337 3156 ¹

254 3186 356 3242 retur,
369 3201 417 3246 par
433 3187 457 3232 le
491 3186 592 3246 ontisee
606 3186 745 3234 maximus.
760 3211 788 3223 —-
801 3187 1019 3246 Potissimum,
1034 3202 1054 3234 s.
1073 3188 1126 3234 ent.
1141 3201 1259 3234 causam.

254 3275 284 3282 -
297 3202 530 3296 Difficultaies.
544 3248 563 3293 ll
578 3248 661 3294 sallait
673 3249 718 3294 dix
731 3249 859 3307 temoins3
873 3265 907 3295 un
924 3264 992 3309 coup
1006 3249 1038 3295 de
1054 3253 1179 3296 tonnerre
1192 3263 1260 3310 pou·

269 3310 325 3356 vait
337 3310 456 3356 retarder
470 3310 494 3355 la
507 3309 671 3368 ceremoni03
691 3314 718 3356 et
733 3314 847 3368 surtout,
862 3312 884 3358 le
903 3312 1011 3358 divorce
1029 3310 1094 3358 e'tait
1106 3309 1259 3371 imposible.

253 3398 284 3406 -
297 3371 422 3420 Exiret.
444 3372 493 3417 Les
509 3372 613 3417 enl'ants
626 3372 695 3417 issus
708 3373 739 3418 de
753 3388 782 3419 ce
800 3374 924 3432 mariage,
943 3387 993 3419 une
1014 3371 1063 3418 fois
1079 3372 1198 3418 devenus
1212 3372 1261 3432 lla-

255 3432 348 3490 mines,
363 3433 548 3494 echappaient,
560 3433 625 3479 ainsi
637 3448 687 3492 que
700 3433 757 3480 leur
769 3435 874 3492 femme,
888 3434 937 3480 illa
951 3434 1092 3495 puissance
1102 3433 1260 3493 paternelle,

255 3495 321 3540 ainsi
339 3495 481 3541 diniinue'e.
499 3522 528 3528 -
544 3493 688 3543 Horrida
705 3515 735 3537 :
752 3495 847 3542 nimiae
867 3494 1023 3543 severitatis.
1038 3522 1065 3529 —
1077 3494 1259 3550 Tractatis,

255 3569 305 3616 par
316 3554 471 3617 l'empercur
484 3559 510 3603 et
521 3557 545 3602 le
559 3556 642 3602 senat.
665 3583 691 3590 —
710 3556 865 3618 Dignatio
882 3579 909 3598 =
928 3557 1053 3626 diffinitae.
1070 3583 1100 3590 -
1118 3555 1260 3617 Virgini,

255 3631 277 3662 s.
296 3621 349 3663 ent.
371 3617 472 3664 vestali.
493 3644 519 3652 -
534 3617 652 3674 vicies,
667 3633 688 3663 s.
701 3622 753 3664 ent.
773 3621 882 3665 centena
901 3618 990 3666 milia:
1007 3620 1074 3664 deux
1092 3617 1210 3668 millions
1229 3619 1261 3663 de

255 3681 393 3724 sesterces.
403 3705 433 3712 —
440 3679 538 3735 Inter,
547 3679 717 3738 anastrophe.
728 3680 828 3740 Depuis
837 3683 965 3740 Auguste,
976 3681 1013 3728 les
1021 3679 1143 3726 Vestales
1151 3679 1259 3725 avaient

256 3738 304 3783 des
317 3739 404 3797 places
420 3738 554 3784 reservdes
568 3753 601 3784 au
617 3739 727 3797 theatro
744 3741 758 3785 al
772 3741 830 3786 cett
843 3743 878 3786 du
890 3743 1005 3802 preteur.

651 3899 833 3966 '-3os-
