2696 4244
364 179 447 240 200.
469 183 640 252 Dengers
662 183 711 239 du
734 194 889 253 pouvorr
909 185 1049 238 ansolo
1085 259 1090 266 .

499 294 546 358 (De
561 294 705 363 potestatis
728 294 810 358 repioe
826 294 919 356 vitiis.)

149 497 191 561 3·
246 497 334 566 Quod
350 501 508 580 proprium
522 508 569 559 est
586 501 616 558 in
634 508 739 559 nostra
753 521 785 558 re
802 499 923 578 publica
932 502 955 572 ¹,
970 519 1032 578 quo
1048 499 1124 557 nihil
1140 519 1214 578 pos-

206 597 247 655 sit
261 617 327 656 esse
341 597 532 676 praeclarius,
550 597 581 655 id
597 617 774 676 persequar,
792 597 817 655 si
830 606 950 676 potere,
968 596 1112 654 subtilius
1129 595 1213 674 quod

205 691 266 752 crit
280 693 346 773 ejus
372 693 456 752 modi
477 693 553 752 nihil
570 701 605 752 ut
628 694 687 752 tale
711 694 772 753 ulla
792 694 823 751 in
840 713 871 751 re
889 693 1013 772 publica
1029 693 1211 772 reperiatur.

207 791 301 849 Haec*
315 790 408 862 enirn,
431 811 501 871 quae
525 790 626 850 adhuc
648 791 787 870 exposui,
810 791 853 849 ita
868 791 982 848 mixta*
997 791 1124 848 luerunt
1137 789 1213 847 etin

206 887 263 945 hac
285 887 412 946 civitate
430 895 461 946 et
484 888 515 945 in
542 887 864 946 Lacedaemoniorum*
879 894 910 945 et
925 886 957 944 in
979 886 1214 964 Carthaginien-

206 984 297 1056 sium,
313 992 348 1043 ut
363 991 532 1064 temperata
555 984 640 1043 nullo
666 983 782 1043 fuerint
797 984 900 1042 mode.
919 985 996 1042 Nam
1022 984 1159 1062 in‘qua*
1180 1003 1214 1041 re

206 1080 329 1158 publica
353 1090 399 1140 est
426 1102 506 1140 unus
534 1080 646 1160 aliquis
673 1064 821 1160 perpetua
849 1087 1012 1159 potestate,
1040 1080 1212 1159 praesertim

206 1178 300 1255 regia,
315 1179 458 1256 quamvis
473 1179 503 1236 in
517 1198 551 1236 ea
568 1178 608 1236 sit
623 1185 653 1236 et
664 1184 799 1248 senatus
810 1185 844 1236 ut
857 1185 920 1236 tum
935 1177 993 1235 luit
1007 1176 1126 1248 Romae,
1141 1197 1212 1235 cum
1245 1198 1249 1206 ·

205 1280 294 1332 erant
306 1295 402 1351 regeS,
418 1283 453 1333 ut
474 1276 593 1355 Spartae
608 1275 741 1353 Lycurgi
757 1273 886 1350 legibus
907 1281 937 1332 et
962 1282 995 1332 ut
1017 1275 1074 1332 sit*
1086 1274 1212 1353 aliquod

206 1372 297 1430 etiam
315 1372 421 1451 populi
439 1372 503 1451 jus
526 1377 560 1430 ut
579 1372 639 1430 fuit
658 1371 740 1450 apud
756 1378 878 1429 nostros
894 1391 991 1449 reges,
1010 1378 1113 1429 tamen
1135 1371 1213 1429 illud

206 1467 329 1526 excellit
345 1469 463 1546 regium
478 1489 602 1541 nomen,
617 1487 717 1548 neque
734 1476 835 1547 potest
848 1468 914 1547 ejus
929 1468 1012 1526 modi
1025 1489 1073 1526 res
1088 1468 1211 1547 publica

206 1587 268 1624 non
285 1583 411 1644 regnum
428 1574 459 1624 et
482 1586 548 1624 esse
563 1574 595 1624 et
621 1565 734 1624 vocari.
762 1565 804 1623 Ea
828 1573 930 1623 autern
956 1565 1054 1624 forma
1076 1563 1213 1624 civitatis

207 1663 383 1722 mutabilis‘
398 1664 529 1721 maxime
546 1671 592 1721 est
611 1662 689 1720 hanc
707 1663 746 1720 ob
762 1683 896 1730 causam,
921 1662 1003 1740 quod
1028 1663 1119 1720 unius
1135 1663 1212 1720 vitio

206 1761 398 1839 praecipitata
421 1761 452 1818 in
478 1760 767 1840 perniciosissimam
786 1769 904 1838 partem
925 1759 1067 1818 facillime
1084 1759 1209 1818 decidit.

208 1857 285 1915 Nam
300 1857 401 1937 ipsum
418 1857 518 1935 regale
534 1877 631 1934 genus
646 1857 781 1914 civitatis
793 1876 854 1914 non
867 1856 958 1915 modo
975 1877 1034 1915 non
1049 1864 1096 1914 est
1110 1877 1212 1935 repre-

206 1953 414 2026 hendendum,
435 1954 487 2013 sed
510 1955 590 2014 haud
607 1955 671 2012 scio
696 1975 733 2012 an
749 1953 877 2032 reliquis
891 1953 1104 2032 simplicibus*
1120 1953 1211 2030 longe

206 2052 468 2130 anteponendum,
498 2051 521 2108 si
544 2051 641 2110 ullum
664 2050 825 2129 probarem
851 2051 981 2131 simplex
1009 2051 1051 2109 rei
1077 2051 1211 2130 publicas

207 2169 313 2226 genus,
327 2148 378 2207 sed
394 2147 447 2218 ita,
464 2147 565 2226 quoad
587 2150 722 2206 statum*
744 2168 831 2206 suum
850 2149 962 2206 retinet.
978 2167 984 2207 ε
1003 2149 1027 2206 is
1044 2155 1090 2206 est
1107 2156 1209 2206 autern

207 2253 320 2317 status,
342 2252 376 2304 ut
404 2244 495 2304 unius
518 2253 664 2324 perpetua
689 2252 841 2323 potestate
866 2253 896 2303 et
919 2245 1038 2324 justitia
1065 2246 1211 2324 omnique

206 2342 357 2422 sapientia
378 2350 504 2419 regatur
523 2340 604 2400 salus
629 2349 659 2399 et
683 2341 895 2421 aequabilitas*
911 2349 941 2400 et
962 2343 1060 2400 otium
1082 2343 1208 2404 civium.

207 2441 327 2499 Desunt
342 2440 468 2498 omnino
481 2439 508 2498 ei
521 2439 638 2518 populo
651 2438 776 2508 multa*‚
793 2439 845 2518 qui
861 2439 918 2496 sub
931 2459 1001 2516 roge
1017 2446 1073 2511 est,
1100 2440 1132 2498 in
1147 2441 1211 2519 pri-

207 2537 325 2617 misque
337 2536 473 2597 libertas

237 2694 438 2745 N02001Re
481 2693 602 2753 ubllca‚
626 2693 681 2756 pris
700 2695 766 2740 dans
788 2693 811 2740 le
829 2709 890 2742 sens
913 2694 1016 2756 gc'ndral
1035 2696 1067 2742 de
1081 2696 1164 2743 lorme
1178 2698 1211 2744 de

207 2759 425 2818 gouvernement.
470 2769 594 2817 omparer
617 2769 647 2802 ce
674 2755 779 2801 tableau
800 2757 833 2802 de
858 2757 880 2804 la
898 2757 1073 2803 constitution
1091 2759 1210 2806 romaine

206 2833 272 2866 avec
298 2818 486 2878 Montesquieu
506 2817 608 2879 (Esprit
629 2817 674 2864 des
698 2817 766 2866 Lois.
787 2817 831 2870 Xl,
846 2823 927 2874 12493
944 2819 1124 2865 Grandeuret
1137 2820 1212 2867 de'ca-

207 2881 297 2940 deneq,
312 2880 389 2941 chap.
403 2885 425 2935 8,
437 2879 491 2933 finl.
506 2894 570 2926 avec
582 2880 670 2926 Fustcl
684 2878 879 2940 (Citc'antique,
895 2881 1013 2940 passim),
1029 2894 1093 2926 avec
1102 2881 1212 2942 Madvig

207 2941 296 3001 (l'Etat
312 2941 434 3003 romain).
450 2967 476 2975 -
493 2941 581 2996 Haec,
598 2941 705 3000 designo
721 2941 758 2987 les
776 2942 967 2987 constitutions
981 2941 1046 2988 dont
1058 2943 1075 2988 il
1091 2943 1165 2990 vient
1177 2945 1211 2992 de

207 3004 302 3066 parler.
319 3029 349 3037 -
362 3002 480 3052 Mixta.
495 3003 603 3049 Comme
614 3003 749 3050 Cicerone
764 3002 842 3048 defini
860 3003 925 3049 dans
945 3017 974 3049 ce
992 3004 1035 3063 qui
1056 3004 1169 3064 precede
1186 3005 1211 3054 le

106 3084 111 3095 ‚
207 3068 416 3126 gouvernement
434 3065 601 3125 despotique‚
624 3064 641 3110 it
655 3080 686 3111 ne
708 3063 785 3125 s'agit
807 3079 856 3126 pas
871 3065 903 3110 ici
923 3063 983 3110 d'un
999 3066 1096 3124 reprime
1111 3067 1210 3115 mixte:

207 3141 269 3174 sens
286 3125 434 3174 condamne
456 3124 588 3172 d'ailleurs
623 3127 686 3172 urla
706 3126 740 3172 tin
761 3127 835 3173 dela
853 3127 948 3188 phrase
964 3130 969 3177 t
975 3128 1119 3188 temperata
1134 3129 1211 3176 nullo

208 3188 305 3296 modopd.
329 3215 358 3222 -
382 3141 712 3237 Lacedaemonlbrum.
738 3187 848 3234 Ciceron
868 3191 932 3236 veut
954 3187 1041 3248 parler
1065 3190 1096 3234 de
1116 3189 1211 3250 Sparte

207 3264 271 3296 sous
304 3263 431 3311 yourgue‚
445 3250 516 3296 etde
529 3249 658 3309 Carthago
671 3264 733 3295 sous
747 3249 834 3295 Didon
847 3253 874 3296 et
886 3251 924 3296 lcs
943 3251 996 3295 rois
1013 3251 1055 3310 qui
1072 3250 1107 3297 lui
1121 3252 1212 3299 succe·

207 3311 310 3358 (terent.
323 3312 402 3360 -In
436 3323 490 3365 ua,
506 3325 520 3356 a
536 3326 604 3372 pour
618 3311 777 3358 ante'ctdent
795 3310 822 3357 in
835 3326 872 3357 ea.
885 3338 914 3345 -
927 3313 972 3362 Ut
981 3311 1027 3360 sit
1040 3331 1071 3354 =
1087 3315 1211 3374 quamvis

207 3373 304 3420 sit.'-
327 3374 423 3423 Muta
448 3372 512 3422 ilis.
537 3373 724 3434 llontesquicu
743 3393 752 3413 ιι
777 3373 857 3420 ‹lisuit
872 3373 965 3434 qu'ellc
985 3389 1012 3419 se
1031 3379 1167 3436 corrompt
1187 3396 1208 3422 u.

207 3435 273 3482 Voir
286 3433 380 3497 Esprit
393 3435 438 3482 des
453 3433 512 3490 lois,
530 3434 600 3491 Vlll,
614 3440 636 3481 6.
650 3458 680 3470 -
691 3433 903 3496 Simplicibus
917 3449 922 3482 :
939 3433 1122 3483 l'aristoeratie
1142 3441 1168 3484 et
1185 3437 1209 3483 la

207 3497 379 3556 democratie,
397 3497 411 3543 a
429 3494 502 3544 l'etat
521 3511 578 3557 pur.
598 3497 770 3545 -Statum
789 3510 793 3542 :
815 3497 880 3544 c'est
901 3511 931 3543 cc
951 3511 1002 3557 que
1022 3498 1209 3559 Montesquieu

207 3558 310 3621 appelle
326 3578 336 3599 ιι
348 3559 371 3604 le
383 3559 503 3620 principe
516 3578 526 3600 υ
543 3555 602 3604 d'un
616 3560 833 3614 gouvarnrment.
847 3584 876 3591 ——
890 3557 1123 3620 AEquabilitas‚
1136 3575 1210 3606 sous-

208 3621 323 3667 entendu
335 3619 417 3682 juris.
432 3647 461 3654 -
475 3617 593 3669 Multa.
612 3619 677 3664 Voir
689 3623 824 3666 comment
837 3619 901 3675 Cic,
915 3620 946 3666 ‹le
961 3621 1032 3682 liep..
1045 3621 1079 3680 11,
1095 3625 1123 3666 25
1140 3625 1166 3668 ct
1180 3627 1209 3674 26

207 3682 355 3743 (citechap.
377 3681 397 3739 l,
407 3682 512 3728 version
531 3685 567 3736 17,
589 3679 708 3742 Tarquin
727 3684 751 3726 et
766 3681 789 3726 te
809 3681 1061 3742 despotismeipmle
1081 3683 1127 3728 des
1149 3684 1209 3729 dcs-

208 3747 303 3804 potes:
320 3763 331 3785 ιι
343 3758 397 3806 quo
411 3757 497 3806 neque
510 3741 630 3800 taetrius,
646 3755 731 3803 neque
745 3742 859 3801 foedius,
870 3743 978 3791 necdiis
999 3743 1209 3806 hominibusque

209 3804 321 3854 invisius
333 3804 435 3852 animal
449 3803 535 3850 ullum
548 3803 662 3866 copitari
672 3805 759 3865 potest
771 3823 793 3851 l.

533 3895 546 3926 a

629 3935 734 3988 -202
757 3966 787 3976 -
