2658 4244
152 112 210 170 96.
232 114 368 170 Amour
387 115 431 171 de
451 113 581 170 Tibere
600 127 693 182 pour
711 113 767 170 les
788 115 872 170 arts
891 111 1074 188 liberans.

320 209 367 271 (De
383 209 488 258 Tiberio
502 209 662 258 liberalibus
675 208 780 257 artibus
791 209 903 265 dedito.)

146 325 237 382 Artes
256 321 398 382 liberales
418 325 598 404 utriusque*
619 323 739 403 generis
759 323 983 382 studiosissime
1004 324 1110 384 coluit.
1128 321 1171 384 4⁸

110 421 142 478 ln
157 421 296 480 oratione
308 421 400 479 latina
412 429 535 480 secutus
551 428 597 480 est
612 421 782 480 Corvinum
797 421 970 480 Messallam
982 423 1004 490 *,
1022 442 1111 500 quem

109 538 210 576 senem
226 518 406 576 adulescens
421 519 669 577 observaverat*.
685 518 744 576 Sed
763 519 956 577 affectatione
970 525 1001 576 et
1013 538 1114 576 moro-

9 631 10 634 ’
108 615 196 673 sitate
208 597 303 673 nimia
318 615 504 674 obscurabat
516 599 650 694 stylum*
670 632 677 674 τ
700 622 734 673 ut
749 615 906 694 aliquanto
922 635 959 672 ex
974 624 1112 694 tempore

9 713 11 766 :
106 732 197 789 quam
218 733 234 770 a
256 732 329 770 eura
345 712 541 791 praestantior
555 713 730 770 haberetur.
748 711 932 790 Composuit
946 717 977 770 et
989 732 1112 770 carmen

9 799 11 838 ‘³
106 808 251 885 lyricum,
278 808 366 888 cujus
395 817 442 867 est
466 809 572 868 titulus
599 832 612 862 α
637 807 826 889 Conquestio
853 807 892 876 de
912 807 948 870 L.
978 807 1111 868 Caesaris

106 913 202 964 morte
220 931 246 965 r.
266 906 351 964 Fecit
363 914 393 964 et
408 925 506 983 graeca
522 913 676 984 poemata,
695 905 832 964 imitatus
849 906 1078 985 Euphorionem
1086 907 1109 978 *,

9 989 11 1074 f
105 1012 135 1062 et
159 1002 346 1076 Rhianum*,
370 1010 401 1062 et
421 1002 640 1062 Parthenium*
658 1022 664 1062 :
685 1002 797 1080 quibus
820 1003 921 1081 poetis
943 1002 1111 1061 admodum
1203 986 1207 998 ⁴

9 1125 11 1148 ε
104 1100 286 1169 delectatus,
304 1100 418 1179 scripta
434 1121 539 1158 eorum
556 1107 586 1160 et
601 1100 750 1176 imagines
765 1099 896 1178 publicis
911 1099 1113 1158 bibliothecis

103 1198 185 1254 inter
203 1197 344 1255 veteres*
368 1203 399 1254 et
421 1197 595 1275 praecipuos
620 1204 760 1255 auctores
785 1195 963 1254 dedicavit*
990 1214 997 1256 :
1020 1206 1052 1254 et
1070 1196 1109 1254 ob

9 1301 11 1332 ⁴
103 1294 162 1351 hoe
182 1293 322 1372 plerique
344 1293 536 1352 eruditorum
558 1294 697 1352 certatim
723 1293 761 1351 ad
785 1313 855 1353 eum
878 1293 974 1352 multa
999 1293 1037 1351 de
1060 1292 1109 1351 his

9 1431 11 1466 ξ
103 1389 278 1449 ediderunt.
295 1389 428 1448 Maxime
445 1397 548 1448 tamen
568 1391 690 1449 curavit
707 1390 848 1448 notitiam
870 1389 1006 1448 historiae
1021 1390 1110 1470 labii-

9 1537 10 1548 ,
101 1486 185 1558 laris,
204 1506 302 1566 usque
318 1486 356 1544 ad
374 1487 506 1566 ineptias
522 1494 613 1565 atque
629 1486 776 1547 derisum.
794 1487 870 1545 Nam
887 1493 918 1548 et
933 1487 1114 1564 grammati.

9 1649 11 1674 Ι
101 1603 165 1648 cos,
186 1583 268 1661 quod
286 1602 384 1660 genus
402 1583 562 1641 hominum
578 1584 743 1662 praecipue,
768 1589 801 1641 ut
818 1583 962 1654 diximus,
984 1590 1109 1662 appete-

100 1681 165 1746 bat,
199 1679 353 1760 ejusmodi
377 1680 439 1738 lere
466 1680 688 1759 quaestionibus
712 1679 929 1758 experiebatur
956 1698 962 1741 :
989 1703 1004 1734 u
1032 1680 1108 1746 Quae
1161 1729 1163 1733 .

9 1791 11 1810 ¹
101 1784 201 1836 mater
220 1777 380 1835 Hecubae?
396 1776 485 1844 Quod
501 1777 614 1834 Achilli
631 1798 742 1835 nomen
760 1777 841 1834 inter
857 1777 1014 1855 virgines*
1032 1776 1107 1835 iuis-

100 1875 170 1932 set‘l
193 1873 274 1940 Quid
295 1873 416 1932 Sirenes
433 1881 556 1932 cantare
574 1873 636 1932 sint
656 1874 778 1932 solitae?
797 1897 812 1928 a
834 1873 873 1931 Et
893 1895 955 1952 quo
973 1873 1113 1953 primum,

100 1971 161 2044 die,
180 1978 251 2050 post
263 1991 421 2029 excessum
439 1971 582 2047 Augusti,
597 1970 723 2029 Curiam
740 1971 880 2042 intravit,
895 1971 982 2049 quasi
997 1971 1106 2050 pietati

100 2067 193 2126 simul
206 2087 241 2126 ac
254 2067 393 2145 religioni
410 2068 633 2139 satisfacturus,
651 2067 766 2126 Minois
781 2068 932 2146 exempla,
952 2074 1020 2127 ture
1037 2069 1107 2146 qui-

100 2165 226 2224 demae
250 2163 335 2235 vino,
356 2185 463 2222 verum
486 2165 550 2222 sine
574 2164 730 2238 tibicine*‚
756 2163 974 2243 supplicavit*,
1001 2171 1036 2224 ut
1054 2164 1107 2226 ille

99 2262 173 2321 olim
189 2260 222 2318 in
237 2267 336 2320 morte
351 2260 418 2321 filii.

130 2376 172 2425 ΙΨ
185 2375 229 2426 96
244 2388 249 2421 :
263 2374 444 2436 Utriusque
458 2389 463 2424 :
477 2390 510 2422 en
525 2389 586 2437 grec
603 2378 630 2423 et
646 2389 678 2422 en
696 2375 771 2434 latin,
790 2390 893 2423 comme
906 2376 1024 2437 Caligula
1036 2377 1106 2440 (voir

9 2483 11 2488 ,
98 2437 185 2496 ὃυόὶι,
204 2435 301 2500 οῑιῑί9.,
321 2436 354 2498 3).
372 2463 403 2472 -
422 2438 614 2487 Messallam
632 2451 638 2485 ε
653 2456 664 2479 «
683 2438 784 2484 nitidus
799 2440 827 2485 et
843 2439 982 2496 candidus,
996 2442 1023 2485 et
1041 2455 1106 2500 quo-

9 2491 11 2556 l
99 2499 255 2546 dammodo
287 2511 332 2546 rae
348 2512 378 2546 se
391 2499 480 2546 ferens
491 2499 519 2545 in
531 2499 645 2546 dicendo
662 2499 832 2547 nobilitatem
845 2513 928 2558 suam,
944 2520 955 2542 »
968 2501 1009 2548 dit
1024 2501 1056 2548 de
1067 2501 1104 2549 lui

99 2559 249 2631 Quintilian
267 2512 312 2621 lx,
335 2559 368 2668 lg.
386 2585 416 2598 ·-
428 2559 698 2610 observaverat:
715 2561 799 2608 sedit
817 2561 852 2608 ici
872 2562 907 2607 du
924 2562 1036 2623 disciple
1058 2564 1103 2624 qui

99 2625 156 2670 suit
177 2621 217 2669 les
235 2622 328 2679 leeons
363 2637 381 2669 u
397 2623 501 2671 mettre.
515 2648 545 2658 -
557 2621 694 2684 Stylum.
709 2621 748 2670 Cf.
768 2621 885 2670 Suetone
903 2621 994 2693 (Any,
1008 2625 1056 2685 86).
1074 2649 1104 2659 -

9 2699 11 2744 ζ
98 2682 342 2744 Euphorionem
355 2697 361 2731 ι
373 2683 452 2745 poete
464 2682 560 2745 tpique
570 2685 603 2730 de
615 2683 640 2730 la
672 2683 762 2731 eriode
774 2684 954 2742 alexandrine,
968 2684 1104 2731 renomme

9 2747 10 2756 ¹
99 2760 170 2806 pour
179 2759 209 2793 sa
221 2744 367 2792 recherche
380 2749 407 2792 et
419 2759 468 2796 son
483 2745 627 2792 obscurite.
642 2699 717 2793 illut
728 2745 804 2793 imite
815 2759 864 2807 par
876 2745 904 2794 C.
919 2745 1012 2794 Gallus
1025 2749 1053 2792 et
1064 2746 1103 2792 les

9 2859 11 2866 ¹
98 2807 271 2854 alexandrias
287 2806 405 2854 romains
418 2821 469 2868 que
481 2806 592 2855 Ciceron
604 2806 710 2868 appelle
725 2807 846 2855 cantores
863 2805 1055 2870 Euphorionis.
1073 2831 1103 2842 —-

9 2877 10 2924 ξ
99 2868 269 2918 Rhianum
283 2881 289 2916 :
303 2867 408 2930 poetae
428 2869 490 2929 ique
507 2868 540 2915 de
554 2869 580 2916 la
596 2870 683 2916 meme
695 2867 807 2940 epoque.
823 2895 854 2904 -
866 2868 1101 2918 Parthenium:

98 2929 166 2977 c'est
182 2930 220 2977 lui
233 2929 279 2992 qui
293 2932 372 2991 porta
385 2929 400 2976 a
437 2944 496 2976 ome
513 2929 614 2992 l'tltgie
628 2930 808 2978 alexandrine.
821 2957 851 2966 —
863 2931 1000 2980 Veteres
1014 2945 1020 2980 z
1036 2945 1103 2978 ceux

9 2993 10 3004 ³
99 2993 144 3054 qui
157 2991 258 3040 etaient
274 2991 451 3038 anterieursa
467 2991 618 3038 Alexandra
636 2994 664 3039 et
679 3006 731 3042 aux
749 2992 906 3040 Ptolemees
920 3019 950 3028 -
962 2991 1102 3043 Dedica-

97 3053 150 3103 vit
170 3067 176 3101 :
195 3051 337 3101 L'orateur
355 3051 494 3114 Lycurgue
515 3067 548 3100 en
569 3053 655 3101 Grece
679 3056 706 3101 et
726 3055 836 3101 Asinius
858 3054 996 3102 Pollione
1019 3055 1102 3102 Rome

98 3116 197 3163 mirent
209 3129 242 3162 en
253 3114 376 3162 honneur
387 3118 429 3162 eet
437 3129 516 3176 usage
526 3114 560 3162 de
570 3115 660 3177 placer
669 3115 707 3162 les
720 3115 813 3163 hustes
821 3116 869 3163 des
877 3117 974 3178 grands
982 3116 1102 3164 hommes

98 3178 167 3224 dans
178 3177 218 3224 les
229 3175 431 3237 bibliotheques
443 3176 595 3238 publiques.
608 3203 638 3212 -
650 3176 805 3238 Virgines
818 3191 824 3225 :
838 3178 877 3224 les
889 3177 957 3224 filles
970 3178 1003 3225 de
1016 3177 1103 3239 Lyco-

98 3240 185 3296 mede,
205 3238 268 3285 cher
299 3237 326 3284 ui
344 3236 449 3284 Achille
461 3252 489 3284 se
507 3238 589 3286 cacha
605 3253 673 3300 pour
689 3254 722 3286 ne
739 3253 787 3300 pas
803 3239 888 3300 partir
905 3238 920 3285 a
937 3239 1015 3286 Troie
1032 3239 1103 3302 (voir

98 3298 268 3372 l'Achilleide
280 3253 313 3346 de
326 3298 424 3360 Staee).
437 3325 467 3334 -
478 3299 627 3371 Tibicine
639 3314 646 3348 ε
658 3299 698 3348 les
712 3301 821 3363 joueurs
834 3301 867 3347 de
884 3300 948 3347 flete
961 3299 978 3346 fi
998 3300 1102 3372 uraient

97 3364 310 3409 ordinairement
326 3360 394 3408 dans
413 3361 452 3408 les
467 3360 628 3421 lunerailles,
647 3362 713 3409 dans
730 3362 768 3409 les
781 3363 849 3410 fetes
862 3364 889 3409 et
904 3363 942 3409 les
955 3316 1101 3410 solennitas

97 3425 262 3486 religieuses.
280 3447 310 3458 -
327 3421 556 3484 supplicavit:
576 3423 602 3471 la
620 3422 782 3532 supplicatio
799 3423 865 3471 dtait
884 3439 935 3471 une
956 3425 1101 3472 solennelle

96 3487 189 3533 action
202 3485 236 3532 de
248 3485 340 3546 greces
355 3499 406 3556 que
421 3482 473 3532 l'on
486 3485 592 3534 rendait
603 3498 656 3532 aux
686 3485 810 3544 ivinites3
828 3500 862 3533 on
873 3486 980 3534 ouvrait
990 3490 1052 3533 tous
1062 3487 1101 3534 les

96 3547 222 3609 temples‚
236 3560 270 3594 on
285 3549 383 3594 sortait
399 3546 432 3593 de
448 3546 520 3593 leurs
532 3546 624 3594 niches
638 3547 678 3594 les
691 3550 793 3594 statues
809 3548 856 3595 des
869 3548 957 3607 diana,
974 3552 1000 3595 et
1012 3563 1047 3595 on
1061 3548 1101 3595 les

111 3610 198 3667 lac-ait
215 3622 261 3655 sur
280 3608 328 3655 des
347 3608 462 3655 couches
478 3621 546 3669 pour
562 3622 614 3670 que
631 3608 657 3656 le
675 3623 727 3670 peu
747 3609 778 3657 le.
790 3609 829 3656 les
848 3610 951 3656 adorat.
969 3610 1043 3657 Dans
1061 3610 1100 3657 les

94 3625 274 3728 lictisternia,
287 3684 322 3717 on
337 3670 444 3717 mettait
456 3671 556 3717 devant
568 3683 619 3718 eux
630 3685 682 3717 une
697 3623 770 3717 table
788 3669 899 3732 charge'e
912 3672 959 3718 des
976 3674 1045 3718 mets
1062 3671 1100 3718 les

93 3735 155 3795 plus
169 3731 291 3780 delicata.

181 3821 220 3863 Vie
230 3820 345 3875 Puhtique
357 3819 394 3862 der
404 3819 521 3860 Romaim.
583 3874 615 3926 97
1009 3820 1021 3859 7
