2756 4238
303 125 386 182 269.
402 122 596 180 Necesslte'
612 125 677 180 des
694 136 899 192 croyances
914 123 1134 194 religieuses

578 213 674 268 dans
692 225 741 268 un
759 213 859 268 Etat.

257 309 437 371 (Quantopere
451 307 479 356 in
492 322 520 355 re
530 307 644 372 publica
657 307 765 356 intersit
778 307 845 371 quid
858 307 928 355 cives
941 308 972 355 de
985 307 1039 356 Deo
1052 307 1190 370 sentiant.)

165 441 205 504 2‘
258 441 305 499 Sit
324 440 415 500 hoca
434 440 608 521 principio*
625 461 806 520 persuasum
825 439 957 511 civibus,
979 439 1121 498 dominos
1136 440 1225 498 esse*

220 539 357 597 omnium
373 558 475 596 rerum
489 559 524 596 ac
541 537 751 596 moderatores
766 537 850 609 deos,
873 558 968 616 eaque
988 558 1057 616 quae
1077 545 1224 614 gerantur

219 656 325 695 eorum
351 635 435 712 geri*
458 635 577 714 judicio
603 655 638 694 ac
667 635 803 704 numine,
829 634 1015 712 eosdemque
1038 635 1154 714 optime
1185 635 1224 693 de

219 752 329 811 genere
346 732 505 790 hominum
521 732 642 803 mereri,
660 739 691 789 et
707 729 806 810 qualis
828 732 959 811 quisquc
979 731 1029 803 sit,
1051 731 1125 810 quid
1141 738 1222 808 agat,

219 829 293 910 quid
317 830 347 887 in
370 850 401 887 se
423 829 577 901 admittat,
602 849 662 908 qua
687 836 800 899 mente,
825 850 885 907 qua
906 829 1018 907 pietate
1041 828 1124 887 colat
1149 828 1224 886 reli-

220 927 337 1004 gioneS,
351 925 474 996 intueri,
492 926 676 1004 piorumque
692 933 723 983 et
735 925 899 1004 impiorum
914 925 1025 984 habere
1041 926 1222 984 rationem*.

222 1024 277 1081 llis
290 1022 372 1082 enim
387 1022 478 1082 rebus
490 1023 616 1081 imbutae
632 1030 761 1095 mentes,
777 1020 859 1080 haud
872 1043 944 1080 sane
961 1022 1172 1082 abhorrebunt
1186 1023 1225 1081 ab

219 1119 298 1193 utili,
327 1140 362 1179 ac
389 1141 461 1179 vera
486 1119 669 1179 sententia*.
706 1118 788 1185 Quid
816 1126 863 1178 est
889 1119 970 1177 enim
999 1119 1102 1178 verius
1131 1141 1223 1200 quam

220 1218 373 1276 neminem
395 1238 460 1276 esse
485 1223 628 1296 oportere
650 1224 711 1274 tam
734 1217 827 1275 stulte
850 1223 1055 1294 arrogantem,
1080 1218 1168 1276 utin
1191 1237 1223 1276 se

219 1315 368 1374 rationem
387 1322 418 1373 et
435 1320 569 1372 mentem
587 1319 676 1393 putet
691 1313 801 1386 inesse,
819 1313 850 1372 in
869 1313 953 1372 caelo
969 1314 1147 1394 mundoque
1163 1334 1226 1372 uon

220 1412 349 1490 putet*‘l
366 1419 418 1469 aut
432 1418 466 1468 ut
478 1431 523 1481 ea,
539 1430 607 1490 quae
622 1411 675 1469 vix
686 1430 805 1468 summa
818 1410 933 1488 ingenii
949 1411 1069 1470 ratione
1086 1431 1227 1490 compre·
1281 1462 1284 1468 .

220 1508 367 1579 hendor,
387 1508 470 1566 nulla
490 1507 610 1566 ratione
627 1507 745 1565 moveri
763 1507 877 1587 putet?
897 1506 995 1575 Quem
1018 1509 1112 1566 vero*
1127 1517 1227 1566 astro·

220 1627 287 1663 rum
314 1604 447 1675 ordineS,
483 1624 573 1684 quem
606 1603 725 1662 dierum
752 1605 952 1684 noctiumque
983 1605 1223 1677 vicissitudines,

220 1723 311 1780 quem
336 1702 488 1760 mensium
509 1701 701 1780 temperatio,
732 1721 884 1781 quemque
905 1722 939 1759 ea
966 1723 1035 1781 quae
1057 1703 1229 1780 gignuntur

222 1799 310 1856 nobis
329 1798 366 1856 ad
389 1797 553 1857 fruendum
574 1819 635 1856 non
658 1806 779 1876 gratum
800 1819 865 1856 esse
888 1806 1011 1875 cogant,
1029 1799 1112 1857 hunc
1128 1799 1226 1856 homi-

221 1917 291 1956 nem
306 1895 435 1954 omnino
451 1915 612 1954 numerare
626 1895 696 1974 qui*
711 1895 822 1953 decet?
844 1895 941 1954 Utiles
957 1895 1022 1953 esse
1043 1904 1145 1954 autem
1162 1895 1228 1973 opi-

222 1993 330 2050 niones
365 1992 423 2050 has
457 1991 526 2071 quis
562 2000 668 2069 neget,
700 2011 771 2050 cum
806 1991 966 2068 intellegat
1001 2013 1093 2072 quam
1130 1992 1229 2050 multa

221 2090 382 2147 firmentur
417 2088 635 2168 jurejurando,
678 2095 800 2168 quantae
836 2088 944 2147 salutis
981 2088 1044 2147 sint
1075 2089 1228 2147 foederum

222 2186 397 2264 religiones,
420 2206 512 2266 quam
530 2187 644 2244 multos
664 2185 761 2243 divini
784 2186 927 2265 supplicii
950 2194 1050 2244 metus
1074 2207 1091 2244 a
1114 2185 1229 2244 scelere

223 2284 385 2356 revocarit,
402 2303 556 2362 quamque
571 2290 676 2341 sancta
694 2283 733 2340 sit
748 2284 879 2342 societas
901 2282 1014 2341 civium
1033 2284 1114 2341 inter
1130 2283 1227 2362 ipsoS,

223 2380 282 2438 diis
298 2379 525 2438 immortalibus
544 2379 735 2458 interpositis
757 2385 823 2437 tum
840 2379 1028 2458 judicibus*,
1054 2387 1119 2437 tum
1141 2380 1230 2439 testi-

223 2476 323 2536 bus*l

254 2662 294 2712 ΙΨ
305 2662 370 2712 269
384 2661 431 2710 :A
441 2659 611 2724 principio.
625 2659 665 2709 Cf.
681 2661 706 2707 le
719 2659 874 2722 pre'ambule
887 2661 934 2708 des
951 2660 1002 2708 lois
1014 2662 1047 2708 de
1059 2660 1187 2709 Zaleucus
1200 2667 1229 2710 et

223 2725 256 2770 de
267 2723 346 2771 celles
358 2724 390 2770 de
401 2723 554 2770 Charondas
565 2721 684 2785 (Stobte,
694 2722 785 2783 XLII).
799 2749 825 2757 -
837 2723 928 2782 Esse,
941 2721 1028 2784 geri:
1041 2723 1110 2770 deux
1123 2723 1228 2783 choses,

223 2785 376 2833 l'existence
395 2785 442 2831 des
463 2785 551 2842 dieux,
573 2787 599 2830 ct
621 2784 678 2830 leur
697 2785 786 2831 action
808 2799 854 2831 sur
875 2784 898 2831 le
917 2785 1022 2832 monde.
1043 2811 1074 2818 -
1095 2785 1229 2835 Habere

223 2847 394 2896 rationem.
409 2846 552 2906 Comparer
564 2846 587 2891 le
601 2845 669 2892 beau
682 2846 810 2907 prologue
824 2847 857 2893 de
869 2845 967 2893 l'c'toile
982 2848 1113 2894 Arcturus
1126 2847 1192 2894 daus
1204 2848 1230 2894 le

224 2909 331 2956 Rudens
349 2909 382 2954 de
400 2907 500 2955 Plauto.
520 2907 630 2954 Cice'ron
648 2912 675 2954 et
688 2907 780 2954 Plauto
799 2911 860 2954 sont
882 2907 1022 2968 beaucoup
1038 2909 1098 2969 plus
1118 2909 1231 2956 affirma·

224 2970 269 3017 tils
300 2985 333 3016 ue
346 2969 437 3016 Tacite
450 2970 516 3016 dans
526 2969 551 3014 la
563 2969 718 3030 piroraison
732 2968 886 3031 d'Apricota
898 2969 1013 3047 :Siquis
1022 2970 1133 3031 piorum
1146 2971 1231 3018 inarui-

224 2985 373 3079 buslocus.
389 3050 399 3072 u
413 3057 442 3064 —
456 3029 635 3080 Sententia.
652 3031 688 3077 La
705 3031 751 3088 foi,
770 3032 811 3077 dit
826 3031 927 3090 Pascal,
946 3035 1012 3078 cest
1027 3032 1095 3079 Dieu
1112 3031 1231 3080 sensible

224 3109 258 3140 au
269 3107 350 3140 coeur.
365 3119 393 3126 -
404 3093 433 3141 N
436 3105 475 3140 on
511 3093 590 3141 utet.
601 3092 712 3139 Ciceron
723 3107 736 3138 a
751 3096 865 3139 souvent
875 3093 994 3154 exprime
1004 3095 1075 3140 cette
1087 3109 1230 3156 croyance,

224 3157 239 3201 al
252 3153 364 3215 laquelle
377 3153 394 3198 il
407 3154 471 3200 etait
495 3158 641 3201 ermement
653 3153 759 3201 attechi
772 3170 777 3202 :
789 3153 841 3200 Pro
850 3154 958 3212 Milone,
972 3160 1018 3213 3⁰3
1032 3156 1063 3202 de
1071 3155 1131 3203 Nat.
1144 3155 1229 3216 deor,

226 3217 259 3275 ΙΙ,
278 3221 364 3274 37-393
382 3215 412 3262 de
432 3214 559 3272 Diuinat,
581 3215 614 3274 ll,
639 3216 747 3276 passim.
766 3216 888 3266 -Com
912 3217 1075 3266 rehendat
1092 3232 1097 3265 :
1117 3218 1230 3264 allusion

224 3293 277 3324 aux
298 3278 446 3324 merveilles
466 3278 498 3324 de
518 3277 543 3323 la
559 3277 677 3324 creation
695 3278 761 3324 daus
780 3277 804 3324 le
822 3231 911 3324 detailJ
924 3280 1073 3340 dcsqucllcs
1090 3280 1128 3325 les
1146 3279 1232 3340 philo·

225 3340 323 3401 sophes
334 3342 360 3386 et
368 3339 405 3386 les
421 3341 528 3386 savants
540 3343 657 3400 pcuvent
666 3339 736 3386 seuls
745 3343 841 3387 entrer.
857 3366 883 3374 -
896 3341 997 3401 Quem
1008 3353 1095 3388 vero.
1119 3341 1231 3387 Cicatron

225 3401 479 3462 amagnifiquement
492 3401 639 3462 developpe‘
651 3416 680 3448 ce
690 3401 873 3448 lieucommun
887 3401 983 3448 danslc
992 3401 1023 3447 de
1031 3402 1134 3448 Natura
1145 3401 1230 3460 deor„

225 3462 259 3520 ll,
274 3468 352 3510 32-66.
365 3463 404 3510 Cl.
418 3463 441 3510 le
456 3463 534 3510 traite
549 3463 580 3509 de
593 3461 750 3510 t'Eeistcnee
763 3463 794 3509 de
806 3463 884 3522 Dicu,
897 3465 931 3511 ou
942 3463 1058 3510 Fenelon
1069 3477 1084 3509 a
1094 3463 1231 3524 ingc'nieu-

225 3527 327 3570 sement
342 3525 440 3585 expose'
459 3528 530 3571 cette
546 3539 653 3586 preuve,
670 3525 779 3585 appelee
796 3527 940 3589 argument
958 3525 1004 3571 des
1017 3539 1108 3572 causes
1124 3525 1229 3586 finales.

224 3612 255 3620 —
273 3585 343 3646 Qui,
364 3587 488 3633 adverbe.
507 3613 537 3620 -
553 3586 739 3643 Judicibus,
758 3587 824 3633 dans
843 3587 881 3634 les
896 3587 1000 3634 traitis.
1018 3613 1047 3620 —
1063 3586 1231 3642 Testibus.

225 3648 291 3694 dans
311 3647 349 3694 les
370 3651 508 3694 serments.
528 3647 562 3694 Ce
582 3647 650 3694 beau
672 3647 826 3708 prc'ambule
848 3649 880 3695 de
898 3649 1011 3695 Ciceron
1029 3651 1069 3696 est
1089 3648 1233 3696 librcment

225 3709 298 3755 imitt
314 3709 346 3756 de
357 3709 460 3769 Platon,
475 3707 598 3770 fle‘puut,
611 3709 695 3756 debut
707 3710 743 3756 du
756 3709 801 3758 liv.
816 3709 863 3766 lV,
879 3714 906 3757 et
916 3711 1001 3756 dibut
1012 3711 1048 3756 du
1063 3709 1110 3758 liv.
1122 3710 1160 3758 lX

647 3886 804 3936 -272—
