2756 4238
315 85 399 144 275.
419 85 626 144 Difficultas
641 89 688 143 du
704 88 781 156 role
795 89 862 145 des
877 87 1084 157 optimates.

451 199 566 257 (Quanta
580 199 635 247 sint
648 200 820 264 optimatium
833 200 944 260 munia.)

143 398 184 460 4⁰
240 403 336 462 Haec*
357 403 410 483 qui
436 425 491 483 pro
515 403 598 462 virili
618 411 704 484 parte
726 404 908 477 detendunt,
929 405 1094 485 optimates
1114 409 1199 477 sunt,

199 500 422 580 cujuscumque
437 507 510 559 sunt
523 501 657 561 ordinis:
673 502 725 582 qui
736 510 839 560 autem
854 503 1009 582 praecipue
1024 502 1086 560 suis
1101 500 1201 560 cervi-

199 597 287 655 cibus
298 605 382 656 tanta
396 597 500 656 munia
517 606 608 678 atque
622 619 686 656 rem
697 599 851 678 publicam
867 599 1032 671 sustinent,
1046 599 1068 657 ii
1081 617 1203 676 semper

200 692 296 752 habiti
310 702 381 753 sunt
394 694 589 774 optimatium'
601 696 765 774 principes
778 704 919 756 auctores
930 705 961 755 et
969 679 1202 754 conservatores

199 791 344 850 civitatis
365 792 446 850 Huic
461 792 620 851 hominum
638 793 741 870 generi
755 793 854 852 lateor
868 793 982 852 multos
997 791 1200 862 adversatrice,

200 887 352 956 inimicos,
377 889 499 948 invidos
525 889 723 960 esse,.multa
748 891 878 969 proponi
909 889 1057 970 pericula,
1090 888 1203 947 multas

200 985 307 1044 inferri
332 986 471 1065 injurias,
495 1007 622 1063 magnos
649 1008 714 1045 esse
738 987 946 1067 experiundos
970 995 999 1046 et
1025 985 1204 1045 subeundos

200 1081 356 1154 labores*;
380 1082 432 1140 sed
455 1083 531 1141 mibi
559 1084 659 1142 omnis
686 1085 784 1142 oratio
806 1092 852 1142 est
873 1104 948 1143 cum
967 1085 1082 1142 virtute
1093 1084 1116 1156 ¹,
1140 1101 1203 1139 non

201 1199 271 1238 oum
290 1178 422 1252 desidia;
444 1200 515 1238 cum
534 1180 694 1257 dignitate,
711 1201 773 1238 non
793 1201 862 1239 cum
883 1181 1057 1260 voluptate;
1077 1199 1147 1238 cum
1167 1177 1206 1236 iis

151 1303 153 1308 ·
202 1275 254 1355 qui
270 1297 302 1334 se
320 1277 439 1355 patriae,
459 1277 512 1356 qui
529 1277 592 1335 suis
607 1277 738 1348 civibus,
757 1278 809 1358 qui
827 1277 921 1351 laudi,
936 1278 989 1357 qui
1007 1277 1123 1356 gloriae,
1142 1295 1205 1333 non

202 1373 254 1452 qui
270 1394 390 1446 somn0,
409 1381 440 1433 et
454 1375 616 1446 conviviis,
636 1383 667 1432 et
685 1375 883 1434 delectationi
899 1382 987 1434 natos
1004 1375 1203 1433 arbitrantur.

203 1471 280 1528 Nam
297 1471 321 1528 si
342 1471 394 1550 qui
412 1471 629 1551 voluptatibus
649 1472 807 1530 ducuntur
826 1478 857 1530 et
881 1493 912 1530 se
931 1471 1078 1530 vitiorum
1102 1469 1206 1528 illece-

203 1567 266 1625 bris
281 1575 312 1625 et
328 1568 533 1647 cupiditatum
549 1568 710 1626 lenociniis
726 1569 922 1641 dediderunt,
941 1569 1051 1627 missos
1069 1565 1206 1626 faciant*

204 1664 335 1722 honores
350 1684 356 1723 :
372 1685 410 1723 ne
422 1665 577 1742 attingant
589 1665 809 1744 rempublicam
826 1684 832 1726 :
848 1667 1006 1745 patiantur
1015 1665 1098 1723 viros
1111 1663 1206 1722 fortes

202 1761 316 1833 labore,
342 1782 373 1819 se
401 1762 464 1820 otio
494 1783 549 1820 suo
579 1763 707 1841 perfrui.
739 1763 796 1829 Qui
822 1771 924 1821 autem
953 1761 1064 1821 bonam
1093 1761 1205 1820 famam

203 1858 366 1926 bonorum,
383 1879 451 1937 quae
468 1859 530 1917 sola
547 1880 618 1917 vere
634 1859 732 1936 gloria
751 1861 902 1918 nominari
918 1867 1029 1938 potest,
1045 1863 1204 1938 expetunt,

203 1951 268 2014 alirs
285 1950 382 2014 otium
398 1976 533 2034 quaerere
547 1955 660 2014 debent
673 1964 703 2014 et
715 1957 900 2036 voluptates,
915 1977 975 2015 non
990 1956 1075 2014 sibi*.
1089 1955 1219 2014 Sudan-·

204 2051 276 2112 dum
297 2059 342 2110 est
366 2051 402 2110 iis
422 2074 477 2131 pro
497 2054 711 2111 com-munibus
734 2053 833 2125 boniS,
855 2053 1004 2112 adeundae
1024 2051 1205 2123 inimicitiae,

203 2149 372 2208 subeundae
394 2165 473 2229 saepe
497 2171 553 2229 pro
574 2171 605 2208 re
622 2150 743 2230 publica
766 2149 983 2230 tempestates;
1010 2170 1079 2208 cum
1102 2148 1207 2207 multis

203 2245 383 2319 audacibus,
397 2246 555 2326 improbis,
571 2267 801 2328 nonnumquam
809 2247 907 2306 'etiam
923 2245 1101 2327 potentibus
1116 2244 1208 2302 <limi-

203 2343 347 2402 candum.

235 2530 276 2579 N⁰
290 2528 355 2579 275
370 2544 375 2577 :
393 2529 485 2579 Haec
501 2544 506 2577 :
521 2530 544 2576 le
559 2528 643 2587 senat,
659 2529 698 2576 les
711 2529 868 2588 chevaliers,
883 2529 906 2576 le
941 2529 1026 2590 euple,
1040 2533 1090 2576 etc.
1105 2526 1171 2574 Voir
1181 2526 1207 2573 la

204 2592 311 2639 version
323 2591 482 2652 precedente
497 2606 503 2638 :
518 2592 634 2638 Devoirs
647 2591 693 2637 des
706 2589 859 2652 Optimates.
871 2618 903 2626 -
944 2592 1072 2641 abares.
1089 2589 1111 2636 Il
1126 2602 1207 2649 songe

204 2653 366 2700 alui-meme
380 2657 406 2700 et
414 2655 427 2699 al
437 2657 526 2700 tontes
538 2653 576 2700 les
587 2653 716 2712 e'preuves
728 2651 790 2713 qu'il
802 2668 817 2700 a
828 2653 985 2714 supportdes
996 2667 1064 2714 pour
1071 2651 1146 2698 avoir
1159 2650 1209 2696 fait

205 2730 252 2762 son
266 2716 359 2761 devoir
371 2730 403 2761 cn
417 2715 560 2761 defendant
575 2716 597 2760 le
610 2715 678 2774 parti
692 2715 739 2761 des
753 2714 901 2775 optimates.
915 2715 953 2762 Cl.
966 2713 1018 2761 Pro
1031 2713 1140 2770 Archia,
1155 2715 1183 2758 14
1200 2725 1207 2758 :

206 2796 216 2820 a
232 2777 299 2824 llam
313 2776 366 2822 nisi
379 2775 446 2822 mihi
456 2777 489 2823 ab
500 2775 680 2822 adulescentia
692 2775 836 2823 suasissem
848 2776 918 2824 nihil
929 2790 984 2823 esse
999 2775 1088 2822 invita
1098 2787 1209 2837 mequo-

201 2853 267 2901 pere
281 2839 456 2899 enpetcndum
469 2837 521 2884 arisi
534 2837 638 2884 laudem
652 2841 731 2900 atque
746 2837 919 2895 honestatem,
934 2836 961 2884 in
974 2851 1003 2884 ea
1017 2839 1106 2884 autem
1116 2848 1209 2898 perse-

205 2901 312 2963 quenda
332 2915 422 2946 omnes
442 2898 578 2946 cruciatus
602 2899 732 2960 eorporis,
756 2899 845 2947 omnia
863 2898 987 2962 pericula
1011 2897 1105 2945 mortis
1126 2898 1208 2959 atque

205 2961 296 3009 consilii
306 2961 384 3024 parui
396 2975 450 3008 esse
464 2961 594 3017 ducenda,
610 2976 758 3023 numquam
772 2977 811 3008 me
821 2977 872 3022 pro
885 2961 971 3008 salute
984 2960 1071 3008 vestra
1085 2959 1112 3006 in
1127 2960 1208 3005 totae

206 3024 293 3071 tantas
307 3022 491 3070 din2i‹·ationes
505 3025 585 3084 atque
600 3023 685 3070 iubos
698 3038 750 3084 pro
763 3021 909 3085 ligatorum
922 3022 1060 3069 horariarum
1096 3019 1209 3068 uotidia·

206 3101 253 3132 nos
267 3085 381 3147 impetus
395 3083 561 3145 objecissem.
579 3103 590 3126 u
605 3084 643 3131 Cl.
658 3085 729 3132 aussi
751 3085 835 3143 l'usc.,
854 3085 900 3146 111,
915 3090 927 3130 2
941 3089 967 3131 ct
982 3089 1003 3130 3.
1018 3111 1047 3117 -
1094 3083 1206 3140 irtute,

205 3161 308 3194 comme
327 3149 385 3208 plus
403 3146 450 3192 bas
470 3145 581 3204 desidia,
596 3145 736 3208 diqnitate,
754 3147 899 3208 voluptate,
918 3150 980 3194 sont
997 3147 1043 3191 des
1062 3149 1130 3192 mots
1146 3143 1208 3190 abs-

205 3209 283 3256 traits
295 3209 431 3270 cmployds
442 3209 508 3254 dans
521 3222 555 3254 un
567 3223 627 3254 sens
641 3212 757 3256 concret.
766 3235 798 3244 —
806 3208 925 3258 Missos
936 3207 1072 3257 faciant.
1085 3206 1207 3253 Allusion

205 3285 257 3318 aux
271 3271 426 3331 Epicuriens
439 3270 492 3330 qui,
506 3284 575 3330 pour
581 3271 654 3331 jouir
666 3271 698 3317 de
714 3267 858 3340 Γάταραξία,
872 3285 904 3318 ne
918 3285 945 3316 se
958 3269 1083 3315 melaient
1095 3282 1143 3329 pas
1157 3280 1209 3314 aux

206 3341 309 3389 all'aires
321 3340 470 3401 publiques,
483 3339 522 3387 Cf.
538 3340 569 3387 de
580 3339 691 3402 Repub,
704 3341 726 3385 V
742 3356 747 3388 z
763 3360 773 3383 a
785 3339 900 3410 proinde
914 3338 993 3402 quasi
1002 3337 1080 3385 bonis
1091 3339 1116 3385 et
1129 3334 1207 3398 sorti-

206 3402 256 3450 bus
276 3403 301 3448 et
320 3417 415 3464 {napae
436 3401 525 3448 animo
540 3401 673 3464 praeditis
693 3401 747 3449 utta
766 3404 800 3449 stt
816 3403 850 3448 ad
862 3416 919 3448 rem
933 3399 1073 3463 publicam
1090 3395 1209 3446 adeundi

206 3479 285 3512 causa
301 3463 404 3524 justior
418 3479 498 3526 quam
518 3479 549 3510 ae
565 3465 678 3525 pareant
700 3463 838 3526 improbis,
857 3477 920 3511 neve
938 3461 971 3510 ab
989 3460 1073 3509 isdem
1094 3457 1209 3509 lacerari

207 3539 262 3573 rem
279 3524 418 3586 publicam
432 3525 574 3586 patiantur
594 3546 615 3573 υ.
640 3553 671 3560 -
691 3526 762 3574 Non
787 3524 860 3587 sibi,
883 3524 1008 3588 precepte
1031 3523 1101 3572 viril.
1124 3521 1163 3570 ef.
1184 3520 1208 3566 la

205 3588 294 3634 devise
306 3588 341 3633 du
350 3587 441 3648 prince
454 3587 486 3633 de
499 3585 590 3634 Condd
604 3601 610 3635 ε
625 3605 636 3630 α
649 3587 742 3635 laisser
753 3587 828 3634 venir
839 3587 864 3634 la
876 3587 959 3649 gloire
970 3584 1046 3646 apres
1056 3584 1082 3632 la
1094 3587 1180 3632 vertu.
1196 3601 1207 3624 υ

205 3648 260 3709 (Or.
275 3648 335 3709 sun.
349 3649 380 3695 de
395 3647 502 3708 Condd.)

629 3869 660 3881 -
681 3842 731 3894 nra
749 3819 784 3880 '-
