2658 4244
470 179 528 238 67.
544 181 764 250 corruption
779 182 823 237 de
837 183 960 237 Rome.

493 277 540 338 (De
551 277 687 339 corruptis
699 276 787 324 Romae
801 276 941 339 moribus.)
1134 269 1151 369 ἱ

295 389 407 452 Orbem
418 390 500 471 *jam
515 398 614 450 totum
625 391 637 414 *
650 391 751 450 victor
766 391 924 450 Romanus
942 390 1085 463 habebat,

294 486 359 554 Qua
375 509 468 558 mare,
489 509 549 567 qua
564 496 665 560 terrae,
682 509 741 569 qua
761 488 845 548 sidus
861 487 958 547 currit
976 488 1175 567 utrumque*,

294 584 363 662 Nec¹
374 585 502 643 satiatus
515 593 592 644 erat.
610 585 778 643 Gravidis'
792 585 871 647 irata
885 605 990 665 pressa
1005 584 1116 643 carinis

291 680 360 738 lam
376 681 611 759 peragebantur.
628 682 658 740 Si
675 682 744 761 quis
759 682 845 740 sinus
859 681 983 740 abditus
999 679 1111 756 ultra*,

293 777 324 834 Si
341 798 400 857 qua
414 778 493 836 loret
505 778 607 848 tellus,
627 799 696 859 quae
710 778 830 838 fulvum
846 778 982 836 mitteret
997 797 1119 851 aurum,
1155 795 1156 802 ¹

294 874 401 932 Hostis
414 871 516 948 erat‘3
534 875 667 956 satisque
683 876 714 933 in
731 873 852 934 tristia*
866 875 947 934 bella
962 875 1088 954 paratis,
1114 879 1116 881 ’

293 971 527 1038 Quaerebantur
541 992 628 1051 opes.
649 973 718 1032 Non
733 971 827 1049 vulgo
843 979 915 1030 nota
930 971 1094 1051 placebant

293 1065 413 1127 Gaudia
431 1088 438 1129 :
456 1090 517 1128 non
533 1090 590 1128 usu
606 1068 726 1148 plebeio
740 1069 812 1127 trita
827 1068 980 1148 voluptas,

294 1165 475 1243 Ingeniosa*
488 1165 559 1243 gula
576 1174 634 1225 est.
652 1165 755 1224 Siculo
767 1164 893 1224 scarus*
907 1185 1041 1256 aequore
1055 1185 1174 1224 mersus

293 1261 341 1319 Ad
356 1282 492 1321 mensam
508 1261 617 1321 vivus*
632 1263 827 1341 perducitur;
845 1261 917 1320 inde
931 1262 1072 1322 Lucrinis

294 1357 388 1417 Eruta
403 1358 545 1418 litoribus
561 1359 701 1418 vendunt
716 1358 879 1439 conchylia
895 1379 998 1430 cenas,

296 1455 337 1515 Ut
351 1465 502 1515 renovent
515 1477 569 1536 per
583 1456 694 1515 damna
704 1456 715 1478 *
725 1456 847 1515 famem.
864 1456 933 1515 lam
948 1455 1097 1514 Phasidos
1111 1457 1122 1479 ¹
1138 1455 1225 1514 unda

294 1551 407 1611 Orbata
423 1562 470 1611 est
484 1553 611 1626 avibus;
629 1560 777 1632 mutoque
793 1553 825 1610 in
841 1551 932 1611 litore
946 1559 1067 1611 tantum

232 1645 236 1652 ’
293 1649 373 1708 Solae
387 1649 516 1708 desertis
532 1649 693 1729 adspirant
710 1648 872 1707 frondibus
887 1669 980 1707 aurae.

295 1747 358 1805 Nec
372 1747 474 1806 minor
493 1747 524 1805 in
544 1747 664 1825 Campo
680 1747 766 1804 furor
777 1753 834 1817 est,
855 1746 1012 1826 emptique
1028 1745 1163 1812 Quirites

294 1843 340 1902 Ad
355 1844 490 1923 praedam
510 1844 736 1922 strepitumque
750 1843 826 1902 lucri
840 1843 984 1920 suffragia
1002 1850 1128 1901 vertunt
1136 1845 1160 1905 *.

293 1940 417 1998 Venalis
432 1939 576 2020 populus,
594 1939 711 1998 venalis
725 1939 817 1998 Curia
833 1939 970 1998 Patrum.

295 2036 425 2097 Pellitur
439 2057 456 2096 a
471 2036 586 2117 populo
602 2037 703 2095 victus
719 2036 796 2096 Cato
806 2035 828 2096 *.
845 2036 976 2094 Tristior
990 2036 1041 2095 ille
1057 2041 1102 2095 est

294 2133 352 2200 Qui
369 2134 454 2205 vicit,
471 2133 630 2213 fascesque
646 2133 743 2212 pudet
757 2132 896 2212 rapuisse
911 2133 1033 2192 Catoni.
1080 2156 1082 2160 ¹

295 2229 363 2287 Non
378 2229 471 2289 homo
486 2229 593 2309 pulsus
609 2237 690 2303 erat;
709 2229 807 2289 sedin
823 2250 885 2289 uno
901 2230 982 2288 vieta
998 2237 1134 2309 potestas

295 2327 530 2405 Romanumque
545 2325 649 2385 decus.
667 2326 767 2393 Quare
780 2327 844 2407 jam
862 2327 982 2406 perdita
1000 2327 1098 2386 Roma

295 2425 363 2502 Ipsa
378 2424 425 2481 sui
442 2443 557 2481 merces
571 2425 667 2497 erat',
683 2431 714 2482 et
729 2424 795 2482 siue
808 2425 953 2483 vindice*
969 2423 1083 2503 praeda.

213 2576 295 2622 ment.
305 2571 456 2622 -Multis
471 2586 476 2619 :
491 2587 557 2620 ceux
571 2574 614 2633 qui
625 2573 731 2621 avaient
744 2574 894 2625 desdettes.
905 2573 993 2632 Cesar,
1003 2573 1080 2635 apres
1087 2572 1224 2632 Pharsale,

214 2637 244 2683 nt
254 2649 305 2683 une
317 2635 353 2682 loi
366 2649 413 2696 par
425 2635 538 2695 laquelle
548 2634 567 2681 il
582 2634 710 2682 reduisait
722 2633 784 2682 d’uu
797 2639 876 2696 quart
886 2636 924 2683 les
935 2636 1022 2682 dettes
1035 2634 1149 2695 privees.

244 2724 285 2773 N·
298 2723 342 2773 67
356 2735 361 2769 :
374 2721 500 2772 Orbem.
516 2721 554 2772 Cl.
567 2723 591 2769 le
604 2722 689 2770 debut
701 2723 734 2770 de
750 2723 775 2770 la
791 2722 930 2781 Pharsate‚
949 2736 1000 2784 que
1017 2721 1130 2769 l’auteur
1147 2722 1179 2768 de
1191 2737 1224 2770 ce
1326 2723 1327 2734 ¹

214 2799 338 2834 morceau
351 2799 366 2832 a
377 2784 508 2846 pretendu
521 2784 624 2832 relaire.
639 2784 805 2834 —''1'otum.
820 2785 859 2832 En
875 2799 944 2847 grec,
956 2785 999 2850 τὴν
1013 2781 1164 2852 οἰκουμένην.
1180 2783 1221 2832 CI.

215 2857 317 2914 Florus,
332 2855 378 2914 IV,
390 2860 427 2903 11.
439 2882 469 2890 —
483 2853 581 2904 Sidus
599 2857 774 2916 utrumque
788 2869 793 2902 :
808 2854 832 2902 le
844 2855 936 2903 levant
952 2856 980 2902 et
996 2855 1020 2901 le
1035 2854 1177 2901 couchant.
1192 2881 1223 2888 -

214 2917 380 2975 Gravidis,
406 2917 601 2964 sous-entendu
623 2916 765 2964 militibus.
780 2943 810 2952 -
820 2915 939 2967 Ultra:
954 2930 984 2963 ce
998 2917 1056 2964 mot
1069 2919 1110 2962 est
1123 2915 1162 2961 dit
1173 2929 1226 2975 par

215 2984 326 3042 rapport
344 2994 395 3025 aux
408 2979 507 3025 limites
523 2978 556 3025 de
573 2977 666 3026 l'orbis
684 2993 820 3037 romanus,
836 2992 896 3026 vers
907 2978 931 3025 le
943 2977 1034 3024 milieu
1046 2977 1082 3024 du
1095 2976 1127 3023 l·r
1139 2977 1234 3024 siecle·
1325 3017 1326 3056 3

215 3040 372 3089 avanti-C.
392 3068 422 3076 -
439 3039 552 3090 Hostis
571 3043 654 3090 erat.
674 3039 713 3088 CI.
732 3042 756 3088 le
772 3041 893 3088 discours
909 3040 941 3086 de
960 3038 1091 3101 Galgacus
1109 3037 1221 3098 (Tacite,

195 3103 307 3166 -Aqric
335 3105 373 3164 30)
393 3117 398 3150 :
419 3101 470 3148 «Si
495 3100 613 3164 locuples
636 3101 720 3149 hostis
742 3103 789 3160 est,
816 3100 899 3159 avari,
920 3105 971 3148 etc.
992 3120 1012 3148 ».
1034 3127 1064 3134 —
1084 3099 1221 3150 Tristia.

217 3165 314 3212 Lucain
325 3164 363 3210 les
374 3164 477 3225 appelle
489 3163 554 3225 plus
575 3178 656 3226 quam
676 3163 767 3210 civilia
785 3162 866 3211 bella.
880 3189 909 3197 —
920 3161 1104 3224 Ingeniosa.
1123 3159 1175 3208 Sur
1192 3177 1223 3209 cc

215 3228 275 3274 luxe
289 3225 381 3272 ralfine
394 3229 421 3272 et
434 3229 618 3282 monstrueux,
633 3226 692 3272 voir
705 3228 781 3272 notre
797 3224 842 3271 Vie
855 3223 957 3283 Pridie,
971 3224 1091 3284 chapitre
1106 3223 1179 3270 VIII.
1192 3250 1222 3258 -

216 3287 341 3338 Scarus
355 3302 360 3334 :
375 3288 399 3334 le
417 3292 514 3350 surget,
532 3287 642 3348 peissun
659 3286 715 3334 tres
731 3286 825 3334 estime
841 3287 887 3332 des
905 3286 1041 3333 Romains.
1059 3312 1090 3319 —
1103 3284 1220 3334 Vivus.

217 3349 287 3398 C'est
300 3365 329 3397 ce
343 3347 421 3410 qu'on
436 3350 526 3396 saisait
539 3349 609 3396 aussi
622 3363 690 3410 pour
702 3348 726 3395 le
740 3348 823 3396 mulet
836 3347 976 3408 (Statque,
992 3346 1081 3404 Queat.
1104 3346 1157 3392 nat.
1172 3345 1222 3405 Ill,

217 3416 264 3459 18·¹
278 3439 308 3447 —
318 3412 381 3460 Per
392 3412 514 3461 damna
526 3430 557 3452 =
578 3425 673 3474 maqna
690 3409 817 3472 impensa.
834 3435 864 3443 -
886 3408 1055 3458 Phasidos.
1071 3407 1112 3455 :le
1126 3407 1223 3468 Phase,

217 3474 302 3520 sseuve
315 3475 347 3520 de
363 3473 498 3528 Colchide,
514 3487 559 3520 sur
575 3472 613 3518 les
631 3472 712 3518 bords
730 3471 828 3532 duquel
843 3484 877 3516 on
895 3471 1015 3517 trouvait
1031 3470 1170 3530 beaucoup
1188 3470 1224 3516 de

217 3536 322 3582 laisans.
343 3563 374 3569 —
393 3536 543 3585 Vertunt.
564 3532 731 3581 C'cst-a-dire
746 3548 751 3579 ι
768 3533 877 3580 vertunt
895 3531 1028 3603 suffrapia
1044 3532 1077 3578 ad
1091 3529 1223 3593 praedam

218 3598 313 3659 (cure'el
334 3599 360 3643 et
381 3597 414 3644 ad
434 3599 487 3644 stre
509 3597 575 3643 itum
595 3595 692 3656 (crite).
712 3595 750 3642 Cf.
776 3595 884 3651 Lucain,
906 3608 1012 3640 version
1034 3592 1194 3654 precedente
1216 3607 1223 3640 τ
1323 3593 1324 3596 ’

217 3662 357 3720 sectorque
371 3658 471 3718 tenoris
485 3612 544 3720 ipse
564 3655 607 3703 sui
624 3656 755 3718 populus.
774 3684 804 3690 -
821 3655 912 3704 Cato.
934 3655 1018 3703 Caton
1038 3654 1139 3701 echoua
1153 3667 1228 3715 pour

217 3721 241 3766 la
252 3722 357 3780 pitture
373 3720 534 3794 (Plutarqua
550 3718 642 3776 Calon,
663 3721 700 3776 n,
719 3719 766 3778 52).
779 3745 807 3752 -
818 3717 951 3766 Merces
962 3717 1045 3766 erat.
1059 3715 1098 3764 Cf.
1110 3715 1225 3784 Lucain.
1257 3765 1263 3772 ,

218 3783 322 3828 version
336 3782 494 3842 precedente
509 3795 514 3827 ι
529 3779 627 3826 Letatis
651 3794 682 3826 ue
702 3778 818 3826 ambitus
839 3777 909 3836 urbt',
929 3781 1028 3825 Annua
1046 3775 1135 3824 venali
1152 3777 1214 3838 rese

218 3856 279 3889 rens
290 3843 435 3890 certamina
453 3843 558 3903 Carnpo.
570 3867 599 3876 —
643 3841 750 3890 indice
763 3860 792 3883 =
805 3839 954 3901 defensore.

654 3917 742 3979 —.68
761 3959 794 3967 -
1056 3947 1062 3976 l
