2698 4242
241 202 302 258 40.
321 197 682 258 De'sinte'ressement
694 202 761 256 des
778 199 963 255 Romains.

154 321 280 386 (Romani
293 323 375 371 totam
390 322 582 386 copitattonem
594 337 608 370 a
621 321 734 383 privatis
747 321 892 370 commodis
908 320 1052 381 avertunt.)

135 517 219 576 Cum
238 537 381 596 censores
405 518 446 576 ob
468 517 602 596 inopiam
624 516 720 575 aerarii
744 538 775 576 se
795 517 859 596 jam
881 513 1105 575 locationibus*
1121 510 1162 574 3·

94 614 292 672 abstinerent
328 613 439 675 aedium
476 635 629 672 sacrarum
676 613 857 672 tuendarum
891 611 1106 689 curuliumque

93 731 250 790 equorum
274 710 508 790 praebendorum
525 731 560 768 ac
578 709 723 769 similium
746 711 793 768 his
810 732 924 778 rerum,
940 706 1106 768 convenire

93 807 134 865 ad
156 827 210 865 eos
230 807 419 887 frequentes
440 807 492 865 nui
510 807 605 865 hastae
627 806 717 883 hujus
734 808 853 885 generis
877 806 1104 875 assueverant*,

27 911 30 916 '
94 903 281 982 hortarique
300 924 443 963 censores
457 911 492 962 ut
507 905 609 962 onmia
622 904 749 983 perinde
763 912 898 982 agerent,
911 903 1058 973 locarent,
1071 921 1107 959 ac

94 1001 123 1058 si
140 1002 274 1080 pecunia
292 1001 323 1059 in
339 1001 448 1060 aerario
461 1009 559 1060 esset:
577 1026 591 1054 α
604 1001 756 1060 neminem
766 1001 850 1058 *nisi
870 1000 949 1060 bello
964 999 1106 1058 conlecto

94 1097 263 1176 pecuniam
287 1097 324 1156 ab
344 1098 452 1156 aerario
473 1098 643 1176 petiturum
663 1118 739 1156 esse.
761 1123 774 1151 v
796 1097 977 1156 Convenere
996 1095 1106 1153 deinde

97 1193 220 1252 domini
237 1215 355 1266 eorum,
368 1215 446 1274 quos
460 1195 506 1252 Ti.
525 1193 724 1272 Sempronius
737 1194 773 1252 ad
788 1195 999 1252 Beneventum
1014 1213 1106 1250 manu

94 1290 278 1365 emiserat*,
305 1291 529 1369 arcessitosque
551 1311 583 1347 se
599 1289 636 1347 ab
654 1289 827 1348 tribusvi'ris
841 1290 1020 1348 mensariis*
1042 1309 1107 1347 esse

60 1395 62 1400 '
94 1386 250 1444 dixerunt
272 1393 306 1445 ut
325 1389 423 1466 pretia
445 1407 604 1445 servorum
630 1387 803 1465 acciperent
824 1405 830 1446 z
848 1411 861 1440 u
884 1394 1020 1445 ceterum
1045 1406 1107 1444 non

94 1491 172 1542 ante
197 1504 290 1565 quam
313 1482 394 1542 bello
418 1484 560 1542 conlecto
592 1494 771 1562 accepturos
802 1504 907 1542 esse.»
937 1484 1015 1543 Cum
1042 1482 1108 1540 haec

93 1580 259 1640 inclinatio
273 1580 446 1640 animorum
461 1581 558 1660 plebis
573 1581 609 1640 ad
629 1580 839 1638 sustinendam
858 1581 992 1660 inopiam
1008 1580 1106 1638 aerarii

94 1678 195 1749 fieret,
206 1678 365 1757 pecuniae*
373 1698 496 1757 quoque
506 1678 691 1757 pupillares*
703 1678 801 1756 primo
824 1677 934 1736 deinde
945 1677 1107 1735 viduarum

91 1782 209 1853 coeptae
225 1773 388 1846 conferri*,
407 1795 558 1854 nusquam
574 1795 624 1832 eas
640 1775 736 1833 tutius
745 1769 941 1853 sanctiusque
955 1776 1109 1853 deponere

93 1871 300 1930 credentibus
318 1872 370 1951 qui
386 1870 579 1930 deserebant*
597 1892 687 1949 quam
706 1872 737 1928 in
760 1871 882 1950 publica
903 1870 979 1940 lide;
1001 1871 1084 1941 inde,
1096 1874 1108 1897 *

93 1968 120 2026 si
143 1968 222 2048 quid
240 1969 400 2047 emptum*
425 1977 627 2048 paratumque
645 1967 772 2048 pupillis
795 1988 830 2026 ac
852 1966 953 2025 viduis
979 1968 1069 2040 foret,
1091 1988 1109 2025 a

94 2072 255 2146 quaestore
282 2065 561 2145 perscribebatur*.
591 2065 730 2122 Manavit
753 2086 787 2123 ea
811 2065 1001 2144 privatorum
1024 2064 1109 2122 beni-

94 2163 201 2239 gnitas
215 2183 252 2220 ex
268 2161 342 2221 urbe
359 2163 449 2220 etiam
468 2163 499 2220 in
516 2168 626 2233 castra,
641 2169 752 2220 utnon
769 2182 873 2241 eques,
891 2182 952 2220 non
967 2162 1108 2220 centurio

93 2259 292 2338 stipendium
309 2259 471 2338 acciperet,
486 2258 793 2338 mercennariumque
811 2259 1005 2339 increpantes
1020 2279 1109 2317 voca-

94 2363 168 2414 rent
183 2357 237 2434 qui
253 2356 433 2435 accepisset.

125 2541 169 2591 ΙΨ
179 2541 245 2590 40:
257 2539 502 2591 [locationibus
514 2541 563 2588 Les
581 2555 706 2588 censeurs
716 2541 881 2589 attenuarent
895 2540 999 2589 lentt
948 2545 999 2589 ttre
1001 2543 1043 2589 ien
1060 2542 1108 2590 des

94 2602 212 2665 temptes
230 2605 257 2650 et
271 2603 296 2650 la
313 2603 462 2650 tourniture
478 2603 524 2650 des
539 2602 648 2650 curules
661 2602 735 2673 equi,
748 2604 869 2650 clrevaux
886 2604 1029 2652 destineat
1047 2607 1109 2651 t·ral

95 2680 145 2711 ner
168 2665 206 2711 les
226 2664 304 2711 chars
324 2665 390 2712 dans
409 2664 447 2710 les
466 2665 635 2724 processions
655 2665 690 2710 du
714 2665 804 2725 cirque
824 2680 859 2711 ou
881 2663 933 2712 l'on
958 2667 1108 2727 promennit

94 2726 319 2773 solennellemcnt
336 2726 397 2773 les'
391 2741 458 2787 rmab
451 2741 490 2773 es
511 2727 557 2773 des
578 2727 665 2772 dicux.
690 2753 715 2760 -
736 2726 797 2787 Qul
818 2729 1051 2788 assueverant,
1070 2725 1108 2775 les

95 2789 306 2862 adjudicataires
319 2788 465 2835 ordinaires
479 2789 511 2834 de
526 2801 569 2835 ces
580 2791 665 2834 sortes
677 2788 709 2833 de
721 2792 832 2835 travaux
845 2789 922 2834 oudo
935 2789 1106 2837 sournitures.

96 2850 179 2897 Hasta
198 2849 307 2912 designa
323 2850 347 2896 la
363 2851 438 2896 lance
455 2864 507 2910 quc
522 2847 572 2896 lon
591 2850 704 2897 drcssait
694 2850 735 2897 ta
752 2848 875 2896 l‘cndroit
865 2851 923 2897 tou
936 2851 1042 2898 avaient
1055 2851 1107 2898 lieu

97 2911 135 2981 los
148 2915 245 2959 ventes
258 2911 401 2972 publiques
415 2926 450 2958 ou
466 2911 503 2958 les
514 2911 658 2971 adiudicat
652 2925 710 2957 rons
726 2912 771 2957 des
786 2926 918 2959 censemus
936 2912 959 2958 1
949 2915 975 2958 e
992 2913 1015 2958 la
1032 2912 1108 2960 hasta

96 2973 202 3043 signifie
234 2972 356 3020 ench‘cte
384 3000 413 3009 -
438 2972 638 3022 Neminem:
662 2973 727 3018 dans
755 2971 887 3020 hortariil
909 2989 927 3036 y
950 2972 1055 3022 al'ide'e
1075 2976 1108 3021 de

98 3046 198 3083 atcere
211 3033 431 3084 -Emiseratt
443 3034 476 3082 V
491 3034 586 3082 aulen
611 3033 840 3082 manumissio.-
861 3035 1041 3085 Mensarns
1065 3036 1108 3097 (de

98 3110 199 3154 ntensa,
222 3095 302 3152 table,
316 3097 468 3157 comptoirl.
490 3096 638 3157 Banquiers
656 3096 768 3156 publics,
790 3098 941 3157 magistrats
963 3100 1108 3145 extraordi-

98 3157 187 3218 nqires
196 3157 319 3204 nommes
329 3172 381 3204 aux
391 3157 509 3219 epoques
520 3159 553 3203 de
564 3158 631 3204 crise
644 3172 712 3218 pour
722 3158 861 3204 administr
863 3174 891 3204 er
901 3159 938 3205 lcs
949 3159 1065 3206 financcs
1075 3161 1108 3206 de

98 3207 189 3268 tutat.
203 3219 412 3268 —Pecuniae
430 3231 567 3280 quoque.
587 3219 659 3266 Tite·
663 3219 727 3264 Live
752 3233 828 3280 passe
848 3221 894 3266 des
911 3221 1060 3268 crcancicrs
1075 3223 1107 3268 de

100 3270 180 3328 tutat
193 3280 240 3342 qui
253 3281 373 3331 recusent
384 3281 408 3326 d
411 3283 466 3327 etro
477 3281 647 3327 rcnrboursds
660 3295 710 3327 aux
722 3295 769 3341 par
772 3282 890 3328 ticulicrs
905 3298 949 3343 qm
944 3283 996 3328 lui
1011 3283 1109 3330 omont

98 3343 133 3388 do
152 3296 320 3404 t'argent.-
336 3340 533 3403 Pupillares
556 3341 756 3392 viduarum:
778 3343 905 3402 aRorne,
924 3345 961 3390 les
989 3345 1040 3391 tor
1032 3349 1109 3391 unes

99 3403 148 3450 des
164 3417 285 3451 mmcurs
308 3407 335 3451 et
356 3404 403 3450 des
420 3417 520 3451 veuves
539 3403 640 3450 etaient
659 3404 780 3464 toujours
803 3420 834 3451 en
858 3408 900 3451 u
858 3405 960 3452 elle
985 3432 1012 3440 -
1032 3406 1109 3456 Gon-

100 3463 234 3525 serrilin
250 3465 392 3527 aerarium),
407 3465 440 3513 cl.
463 3466 487 3513 le
509 3480 570 3528 grec
592 3463 644 3534 slep
647 3469 704 3532 too
731 3493 761 3500 -
783 3466 843 3527 Qui
862 3467 1067 3524 deferebant,
1090 3468 1110 3515 il

98 3533 178 3597 sagn
188 3535 235 3582 des
248 3537 404 3584 tuteurs
418 3536 505 3590 Inde,
521 3550 630 3596 marque
643 3537 667 3582 la
678 3535 858 3596 posteriorrte
875 3541 902 3583 ct
913 3551 965 3582 non
982 3538 1005 3584 la
1018 3537 1110 3584 conse

99 3611 214 3656 quence.
231 3597 431 3672 -umptum
445 3595 541 3644 l'achat
558 3601 598 3644 est
588 3597 726 3659 tfaitpar
742 3597 835 3644 lcstut
807 3601 952 3645 ut.—eurs
923 3599 1110 3648 —-Perscri

100 3658 254 3718 bebatur,
270 3672 300 3705 ce
320 3663 378 3706 mot
393 3659 501 3718 desine
518 3674 554 3706 un
576 3660 685 3706 mandat
704 3659 737 3705 de
756 3660 892 3720 paiement
882 3660 958 3707 ttire
978 3675 1023 3706 sur
1037 3661 1110 3721 quel

99 3734 193 3780 quun
207 3719 243 3768 Ici
256 3719 279 3766 le
292 3723 369 3781 quest
370 3736 418 3767 eur
429 3721 530 3767 delivre
543 3734 578 3767 un
592 3721 701 3790 mandat
713 3735 759 3766 sur
768 3721 791 3768 le
804 3721 901 3769 Tresor
913 3737 946 3768 au
960 3724 1004 3768 tut
994 3725 1053 3768 teur
1063 3723 1108 3782 qui

102 3794 137 3826 va
152 3780 175 3828 le
191 3780 301 3828 toucher
313 3783 375 3829 chez
387 3783 426 3829 les
440 3781 550 3830 tresviri
563 3781 700 3830 mensarii.

544 3916 685 3966 ..41-
