2756 4238
219 157 304 217 260.
322 159 393 216 Sur
406 157 636 216 l'admisstou
651 159 718 218 des
731 158 980 229 provinciam
995 159 1091 215 dans

568 247 603 305 le
617 245 743 305 Se'nat.

296 343 345 408 (De
354 342 570 407 provincialibus
584 343 656 391 inter
664 343 796 407 patricios
808 343 1008 407 adsciscendis.)

195 501 209 532 a
222 476 323 536 Num*
332 477 468 556 paenitet
480 476 612 536 Balbos*
621 499 658 536 ex
668 477 828 557 Hispania,
839 498 896 536 nec
907 477 1009 536 minus
1022 476 1159 554 insignes
1174 473 1214 536 3ο

152 574 256 632 viros*
280 594 296 633 e
320 573 419 634 Gallia
443 574 636 634 Narbonensi
661 575 862 634 transivisse?
887 575 1015 633 Manent
1043 571 1158 653 posteri

152 691 270 744 eorum,
286 692 342 730 nec
355 692 459 731 amore
472 671 503 731 in
520 671 599 731 hane
619 673 751 752 patriam
769 672 857 731 nobis
874 671 1060 730 concedunt.
1078 669 1158 737 Quid

152 767 235 827 alind
257 769 351 828 exitio
373 769 614 828 Lacedaemoniis
641 777 672 827 et
691 769 933 828 Atheniensibus
953 767 1023 839 fuit,
1050 788 1160 846 quam·

151 867 264 944 quam*
286 865 378 925 armis
395 865 557 945 pollerent,
579 867 638 924 nisi
658 866 742 947 quod
764 867 885 925 victos*
903 886 959 946 pro
979 863 1159 942 alienigenis

151 964 322 1023 arcebant?
346 965 387 1022 At
410 963 552 1022 conditor
573 964 670 1022 nostri
693 963 846 1024 Romulus
867 970 988 1022 tantum
1008 961 1159 1040 sapientia

151 1061 260 1135 valuit,
279 1068 313 1120 ut
328 1061 490 1141 plerosque
506 1062 637 1141 populos
653 1061 760 1120 eodem
774 1060 823 1120 die
841 1062 957 1130 hosteS,
973 1061 1044 1118 dein
1057 1059 1158 1117 cives*

152 1157 304 1217 habuerit.
320 1158 470 1217 Advenae*
480 1158 512 1217 in
528 1179 584 1216 nos
595 1165 814 1236 regnaverunt.
830 1158 1058 1218 Libertinorum
1071 1155 1158 1214 filiis*

151 1255 349 1332 magistratus
372 1255 511 1314 mandari
534 1277 607 1328 non,
631 1263 663 1314 ut
682 1255 822 1337 plerique
838 1255 996 1325 falluntur,
1016 1275 1124 1333 repens
1133 1253 1156 1325 *,

154 1351 207 1410 sed
230 1353 349 1431 priori*
371 1352 489 1433 populo
509 1353 683 1411 factitatum
706 1361 764 1414 est.
787 1353 851 1411 At*
872 1373 943 1411 cum
964 1351 1159 1410 Senonibus*

150 1449 366 1528 pugnavimus.
388 1449 513 1508 Scilicet
527 1449 634 1509 Vulsci
651 1458 681 1508 et
698 1449 791 1530 AEqui
813 1470 981 1530 numquam
997 1448 1157 1507 adversam

151 1546 239 1606 nobis
250 1547 346 1605 aciem
356 1547 544 1606 instruxere!
556 1545 647 1626 Capti
660 1568 676 1605 a
687 1546 784 1606 Gallis
798 1567 913 1605 sumus.
928 1546 988 1604 Sed
998 1545 1159 1605 etTuscis*

150 1644 272 1702 obsides
300 1643 450 1717 dedimus,
479 1652 509 1703 et
538 1644 723 1703 Samnitium
755 1645 866 1724 jugum
897 1644 1081 1703 subivimus.
1112 1645 1159 1702 Ac

149 1748 263 1812 tamen,
283 1741 308 1799 si
330 1747 440 1800 cuncta
461 1741 541 1800 bella
562 1761 733 1814 recenseaS,
756 1741 875 1800 nullum
899 1741 1040 1800 breviore
1057 1740 1157 1819 spatio

150 1859 243 1918 quam
258 1838 408 1898 adversus
428 1837 553 1897 Gallos*
575 1840 763 1897 confectum.
782 1838 938 1897 Continua
959 1837 1029 1896 inde
1045 1858 1079 1896 ac
1097 1836 1157 1896 fida

149 1957 221 2016 pax.
242 1935 312 1994 Jam
340 1935 488 2006 moribuS,
519 1935 648 2007 artibuS,
684 1936 886 1994 affinitatibus
917 1935 1029 1994 nostris
1055 1935 1155 2008 mixti,

150 2055 259 2092 aurum
272 2039 304 2092 et
314 2039 388 2112 ope's
403 2053 473 2090 suas
488 2033 622 2090 inferant
637 2033 740 2112 potius
755 2053 846 2113 quam
866 2033 996 2112 separati
1013 2032 1156 2092 habeant.

14 531 28 580 D

150 2131 272 2203 Omnia,
294 2151 362 2211 quae
382 2150 464 2209 nupc
486 2130 696 2188 vetustissima
719 2128 900 2201 creduntur,
924 2131 1024 2189 nova*
1044 2129 1154 2190 suere:

149 2227 271 2308 plebei*
289 2227 487 2305 magistratus
509 2234 580 2305 post
603 2227 759 2306 patricios,
793 2227 892 2286 Latini
910 2233 979 2306 post
1000 2225 1154 2305 plebeios,

148 2331 320 2384 ceterarum
343 2323 441 2388 ltaliae⁸
458 2323 595 2400 gentium
615 2330 686 2402 post
707 2323 844 2383 Latinos.
867 2323 1077 2382 Inveterascet
1099 2323 1157 2381 hoe

150 2443 284 2502 qnoque,
308 2428 338 2479 et
365 2419 447 2502 quod
468 2420 560 2478 hodie
583 2420 733 2500 exemplis
753 2426 888 2494 tuemur,
914 2420 996 2479 inter
1018 2420 1158 2500 exempla

153 2521 221 2578 erit.
241 2545 254 2573 n

181 2653 221 2702 N⁹
238 2651 305 2702 260
325 2666 330 2699 :
348 2652 443 2701 Num.
460 2649 552 2697 Tacite
572 2649 626 2697 suit
647 2649 681 2696 ici
706 2649 729 2696 le
751 2650 873 2696 discours
891 2648 990 2696 official
1005 2648 1038 2697 de
1057 2647 1158 2696 Claude

149 2714 188 2824 pit
207 2728 263 2776 apr.
281 2713 372 2774 J.-C.),
387 2711 466 2774 grave
478 2727 523 2759 sur
538 2727 588 2758 une
600 2712 671 2758 table
685 2712 718 2758 de
731 2711 835 2768 bronze,
848 2712 915 2758 dont
927 2726 960 2758 on
977 2726 992 2759 a
1006 2710 1158 2758 retrouveat

172 2791 236 2838 yon,
259 2787 290 2822 en
311 2779 380 2834 1523,
405 2775 474 2822 deux
492 2775 637 2834 fragments
655 2773 862 2820 considerablcs.
884 2799 910 2808 -
928 2773 1062 2829 Balbos,
1090 2771 1158 2820 ban-

170 2839 240 2884 uiers
258 2838 291 2884 de
309 2837 406 2884 Gades.
427 2863 457 2871 —
475 2835 581 2892 Viros,
605 2849 708 2882 comme
726 2835 754 2882 L.
776 2835 912 2891 Vestinus,
937 2835 970 2880 de
992 2835 1104 2881 Vienne.
1127 2859 1159 2871 -··

149 2853 457 2960 Quamquammvec
472 2895 620 2953 l'indicatif,
641 2897 655 2943 a
680 2895 801 2956 l'epoque
816 2897 957 2956 classique.
982 2923 1008 2931 -
1032 2894 1156 2954 victos,

149 2956 1156 3080 tlttttffitttattestati&{attatbellerii-{utitis

149 3085 260 3132 Tullius.
278 3110 306 3118 -
320 3083 422 3132 Filiis.
437 3083 487 3130 Les
499 3082 649 3133 allranchis,
661 3082 699 3127 les
712 3081 795 3139 Paris,
811 3081 850 3128 les
869 3081 964 3140 Pallas,
983 3081 1021 3128 les
1038 3081 1156 3138 Calliste,

150 3148 188 3194 les
199 3146 331 3202 Narcisse,
346 3146 435 3191 surent
448 3144 658 3205 tout-puissants
676 3157 738 3189 sous
758 3141 857 3190 Claude
872 3146 899 3190 et
920 3157 961 3190 ses
978 3157 1156 3190 successeurs.

148 3234 180 3244 -
192 3208 325 3268 Repens
335 3226 365 3248 Ξ
376 3219 476 3254 recens.
494 3232 521 3240 —
532 3205 639 3255 Priori
654 3219 659 3251 :
674 3203 820 3266 al'eporue
832 3204 1014 3265 republicaine
1029 3204 1156 3266 (T.-Live,

150 3269 198 3328 lX,
218 3269 265 3330 46),
279 3269 346 3316 mais
362 3269 416 3314 tres
431 3271 579 3326 rerement3
596 3268 619 3313 le
638 3267 686 3313 fait
706 3270 747 3313 est
760 3282 777 3327 p
790 3281 821 3312 us
843 3266 967 3328 frequent
989 3267 1004 3314 a
1022 3265 1107 3373 partir
1124 3267 1157 3313 de

150 3332 240 3380 Cesar.
260 3358 289 3365 -
307 3330 359 3388 At,
382 3330 495 3376 formule
519 3329 551 3376 de
570 3327 732 3389 l'objection.
759 3355 788 3362 -
811 3327 1004 3388 Senonibus,
1036 3343 1064 3374 es
1083 3329 1159 3374 vain-

130 3419 132 3424 *
168 3408 248 3441 ueurs
276 3393 309 3438 de
334 3391 429 3439 l'Allia.
454 3418 484 3426 -
501 3389 618 3440 Tuscis
644 3405 649 3436 :
673 3405 735 3436 sous
758 3390 903 3437 Porsenna.
924 3418 953 3425 -
974 3389 1094 3448 Gallos,
1118 3391 1157 3437 les

148 3408 260 3503 Saulois
280 3454 449 3514 transalpins,
464 3453 576 3513 conquis
594 3467 626 3498 en
637 3452 683 3498 dix
696 3467 743 3498 ans
763 3466 811 3512 par
830 3452 905 3498 Jules
925 3452 1013 3499 Cesar.
1036 3451 1071 3498 La
1084 3452 1157 3513 paci-

149 3517 258 3564 fication
278 3517 310 3562 de
334 3515 473 3576 l'Espagne
497 3515 628 3561 demanda
652 3515 722 3560 deux
746 3513 853 3570 siecles;
878 3514 943 3560 celle
968 3515 1000 3560 de
1026 3511 1157 3574 l‘Afrique

147 3578 344 3639 carthaginoise
368 3577 436 3622 deux
459 3575 553 3623 siecles
575 3575 736 3636 egalemcnm
755 3576 819 3622 celle
848 3575 880 3622 de
898 3575 922 3622 la
938 3575 1022 3622 Grbce
1040 3576 1115 3623 etde
1132 3577 1157 3623 la

149 3640 307 3688 Macedoine
334 3639 445 3685 environ
470 3639 590 3685 soixante
615 3652 671 3684 ans.
691 3664 721 3672 -
737 3637 841 3686 Nova.
862 3637 927 3684 Voir
946 3639 971 3684 la
988 3639 1073 3684 meme
1098 3637 1157 3684 idde

149 3702 319 3764 <Tite-Live,
335 3701 380 3757 lV,
397 3700 429 3760 3).
443 3727 473 3734 -
490 3698 609 3748 Plebei.
623 3699 658 3744 Le
669 3698 791 3746 tribunat
804 3699 837 3745 de
853 3699 878 3746 le
895 3699 973 3759 plebe
990 3702 1031 3746 est
1049 3699 1081 3746 de
1097 3701 1155 3755 493;

149 3763 175 3810 la
192 3767 319 3825 questure
332 3766 373 3809 est
387 3760 533 3808 accessible
546 3775 596 3806 aux
612 3759 749 3821 plebeiens
769 3761 815 3808 des
827 3758 878 3807 l'an
892 3763 945 3819 lue,
962 3761 986 3808 la
999 3774 1111 3808 censure
1124 3775 1157 3808 en

148 3829 203 3884 404,
220 3828 247 3872 et
260 3825 284 3872 le
298 3824 418 3872 tribunat
433 3823 559 3871 militaire
572 3836 605 3870 en
616 3825 670 3871 400.

575 3945 610 3960 -·
625 3920 679 4002 263
698 3950 733 3960 -
