2696 4244
232 197 315 255 156.
335 198 526 266 Marobod,
541 198 627 254 cher
643 199 708 254 des
726 199 973 254 Marcomans.

307 293 355 356 (De
374 293 548 352 Maroboduo,
558 294 810 342 Marcomannorum
825 292 911 355 duce.)

122 431 126 440 ·
145 397 389 467 Maroboduus*‚
407 429 518 485 genere
532 408 653 480 nobilis,
670 428 800 488 corpore
812 387 994 488 praevalens,
1009 407 1112 465 animo
1127 399 1168 463 3θ

102 501 204 572 ferox,
219 505 363 562 natione*
375 505 471 582 magis
487 526 579 586 quam
600 506 719 563 ratione
736 505 901 576 Barbarus,
917 487 980 561 non
1000 502 1113 562 tumul-

11 621 12 666 l
102 600 252 669 tuarium,
277 621 377 681 neque
389 601 563 670 fortuitum,
576 623 675 681 neque
687 600 844 673 mobilem,
857 609 887 660 et
902 621 939 659 ex
951 599 1112 658 voluntate

101 697 301 773 parentium*
318 706 512 757 constantem
528 699 608 757 inter
621 720 692 758 suos
707 698 872 779 occupavit
885 697 1110 777 principatum3

101 792 159 850 sed
179 801 298 853 certum
317 795 491 874 imperium,
509 796 633 877 vimque
656 796 770 874 regiam
795 793 973 873 complexus
997 792 1110 863 animo,

100 890 225 962 statuit,
244 900 370 950 avocata
387 891 494 971 procul
511 913 526 950 a
543 892 691 951 Romanis
704 899 795 969 gente
809 912 875 958 sua,
897 911 934 949 eo
956 887 1110 969 progredi,

101 985 171 1054 ubi,
186 1006 257 1045 cum
280 995 409 1067 propter
424 989 599 1067 potentiora
616 1009 697 1047 arma
709 991 719 1013 ¹
733 989 907 1066 refugisset,
924 1007 979 1046 sua
997 980 1114 1044 faceret

101 1084 318 1160 potentisima.
339 1084 465 1164 Corpus
489 1106 578 1143 suum
603 1084 743 1144 custodia
756 1085 899 1144 munivit.
916 1082 1112 1163 lmperium',

100 1181 264 1259 perpetuis
293 1182 447 1240 exercitiis
471 1203 558 1260 paene
576 1181 614 1242 ad
637 1183 785 1241 Romanae
799 1181 970 1261 disciplinae
984 1180 1113 1238 formam

99 1277 279 1350 redactum,
302 1278 389 1337 brevi
417 1280 449 1336 in
478 1279 616 1337 eminens
643 1287 673 1338 et
695 1287 801 1338 nostro
832 1298 956 1359 quoque
984 1276 1114 1355 imperio

101 1373 280 1433 timendum
298 1375 445 1455 perduxit
460 1376 616 1455 fastigium
633 1396 639 1436 :
658 1377 845 1456 gerebatque
862 1396 893 1434 se
912 1375 955 1433 ita
968 1372 1115 1432 adversus

100 1472 277 1542 Romanos
292 1479 326 1532 ut
341 1493 440 1553 neque
454 1473 534 1532 bello
550 1495 605 1532 nos
621 1474 794 1544 lacesseret,
809 1479 849 1543 et,
864 1473 888 1529 si
903 1472 1115 1543 lacesseretur,

98 1589 270 1648 superesse
293 1570 351 1628 sibi
383 1570 446 1628 vim
473 1590 508 1629 ac
531 1570 724 1629 volunlatem
746 1568 907 1628 resistendi
934 1567 1113 1626 declararet.

98 1665 229 1744 Legati,
242 1686 321 1745 quos
338 1666 481 1725 mittebat
496 1665 533 1726 ad
556 1666 705 1737 Caesares,
721 1666 877 1724 interdum
894 1672 928 1723 ut
943 1662 1115 1742 supplicem

96 1762 378 1837 commendabant,
403 1763 559 1823 interdum
585 1771 619 1822 ut
639 1785 695 1844 pro
716 1765 781 1843 pari
798 1761 1015 1842 loquebantur.
1034 1759 1117 1819 Gen-

11 1907 12 1926 ,
101 1861 194 1919 tibus
217 1859 462 1940 lhominibusque
488 1881 506 1919 a
537 1861 625 1919 nobis
660 1860 903 1920 desciscentibus
940 1865 1004 1916 erat
1034 1855 1116 1935 apud

99 1978 179 2016 eum
209 1957 403 2036 perfugium;
432 1964 594 2037 totumque
616 1979 653 2016 ex
677 1959 755 2016 male
776 1954 969 2015 dissimulato
991 1953 1117 2030 agebat*

99 2052 271 2114 aemulum.
294 2054 431 2134 Eratque
455 2055 546 2113 etiam
571 2075 607 2113 eo
633 2054 797 2126 timendus,
825 2052 919 2133 quod,
943 2071 1012 2109 cum
1043 2050 1116 2110 Ger-

95 2149 245 2211 maniam
270 2149 308 2209 ad
327 2151 436 2211 laevam
463 2161 493 2211 et
517 2153 548 2210 in
564 2153 675 2223 fronte,
703 2153 892 2210 Pannoniam
909 2150 946 2208 ad
965 2149 1115 2217 dextram,

95 2273 113 2309 a
131 2258 235 2325 tergo
264 2234 382 2307 sedium
407 2269 531 2308 suarum
555 2248 682 2308 haberet
714 2249 873 2319 Noricos*,
903 2255 1059 2324 tamquam
1085 2244 1117 2302 in

93 2365 218 2407 omnes
232 2365 355 2425 semper
368 2353 515 2404 venturus
525 2347 547 2418 *,
565 2346 602 2404 ab
625 2347 769 2404 omnibus
783 2346 957 2416 timebatur.

125 2499 173 2549 Νο
200 2494 269 2546 156
288 2509 294 2542 :
314 2495 549 2546 Maroboduus.
564 2495 599 2542 Ce
620 2495 754 2554 Germain,
773 2510 887 2543 accouru
909 2495 923 2540 a
943 2493 1035 2548 Rome,
1056 2505 1118 2537 sous

88 2561 239 2622 Auguste,
256 2557 330 2604 avait
346 2557 387 2604 ete
403 2557 497 2618 frappe
510 2558 542 2604 de
555 2557 753 2617 l'organisation
767 2560 877 2604 savante
887 2556 919 2602 de
937 2553 1063 2613 l'empire.
1079 2552 1118 2598 De

89 2627 198 2672 retour
215 2633 251 2666 au
265 2618 355 2665 milieu
372 2619 420 2665 des
434 2619 514 2679 siens,
535 2619 552 2664 il
572 2621 646 2666 saisit
668 2621 691 2666 le
708 2621 831 2681 pouvoir,
853 2619 933 2664 retira
952 2630 999 2662 son
1020 2614 1119 2675 peuple

87 2689 142 2734 des
161 2681 260 2730 bords
277 2681 312 2726 du
332 2681 412 2739 Mein,
427 2682 461 2727 οὺ
480 2682 498 2727 il
518 2682 589 2727 avait
602 2681 644 2727 ete'
657 2683 753 2728 vaincu
767 2695 815 2742 par
832 2681 944 2736 Drusus,
963 2681 990 2724 et
1005 2675 1118 2723 l'etablit

87 2751 164 2796 dans
188 2745 219 2790 la
241 2742 359 2788 Boheme
382 2743 435 2803 qui,
455 2743 571 2789 derriere
588 2757 635 2789 son
657 2747 776 2804 rampart
801 2743 833 2788 de
861 2743 1026 2800 montagnes,
1052 2751 1119 2783 sem·

88 2811 164 2858 blait
181 2819 243 2853 une
263 2803 404 2851 forteresse
422 2819 455 2850 au
474 2805 564 2850 milieu
586 2805 620 2850 du
640 2806 736 2852 monde
760 2804 881 2850 harbure.
906 2801 973 2849 Aide
993 2800 1025 2846 de
1042 2811 1118 2846 nom-

87 2875 185 2920 breux
201 2865 361 2926 transfuges
380 2866 496 2912 romains
528 2866 546 2912 il
568 2868 641 2914 avait
660 2866 800 2928 discipline'
821 2869 905 2912 'futtuo
928 2862 1071 2910 fantassins
1091 2861 1120 2907 et

86 2938 167 2983 -t.000
198 2927 345 2976 cavaliers.
371 2954 399 2962 -
427 2903 578 2976 Natione.
604 2927 625 2974 ll
652 2927 744 2975 n'etait
768 2927 881 2974 barbare
911 2940 962 2986 que
983 2924 1016 2970 de
1045 2937 1116 2969 nom.

86 2996 229 3058 Auguste
240 2990 365 3036 s'alarma
382 2990 414 3036 de
432 3004 460 3036 sa
478 2991 627 3050 puissance.
640 2989 735 3036 Tibere
748 2989 837 3036 reunit
855 2989 894 3034 six
911 2987 1012 3048 le'gions
1032 2999 1078 3030 sur
1094 2983 1119 3030 le

85 3056 222 3109 Danube
240 3065 312 3113 pour
328 3053 452 3112 attaquer
469 3051 598 3097 llarobod
612 3066 661 3111 par
673 3053 696 3098 le
710 3053 766 3107 sud,
782 3052 870 3098 landis
883 3065 935 3110 que
953 3049 991 3094 les
1008 3049 1120 3106 troupes

85 3127 121 3170 de
150 3121 179 3167 la
210 3113 361 3161 Germanie
383 3112 538 3173 supbrieure
557 3111 771 3172 l'attaqueraient
793 3111 957 3174 parl'ouest.
986 3107 1117 3154 Marobod

84 3177 245 3232 consentit
265 3175 280 3220 b
297 3175 399 3232 traiter,
416 3189 448 3220 au
462 3178 580 3221 moment
593 3175 626 3220 οὺ
638 3175 675 3221 les
689 3174 857 3221 Pannoniens
870 3171 1010 3234 prenaient
1023 3183 1120 3216 encore

84 3261 142 3294 une
177 3239 242 3288 fois
274 3235 313 3282 les
344 3250 438 3282 armes.
469 3235 545 3283 Cette
574 3236 646 3282 faute
675 3251 756 3282 seuva
780 3235 862 3282 Rome
886 3237 908 3285 (6
930 3233 1007 3294 apres
1027 3231 1118 3289 J.-C.).

84 3300 251 3356 ltlarobod,
268 3296 430 3344 abandonne
441 3312 490 3359 par
504 3312 546 3344 ses
564 3298 656 3357 qu'ets,
674 3313 701 3344 se
714 3298 824 3344 retiraa
844 3297 935 3343 llome.
956 3321 985 3329 -
1005 3294 1121 3342 Poten-

83 3371 186 3421 tiora
197 3370 308 3413 arma
322 3372 328 3404 ἰ
342 3362 441 3405 cesont
452 3359 490 3406 les
506 3374 592 3405 armes
612 3361 752 3406 romaines.
770 3386 799 3393 -
816 3355 992 3419 Imperium
1009 3355 1118 3414 designe

84 3434 118 3481 ici
142 3432 188 3478 les
215 3429 343 3480 troupes,
365 3419 438 3480 signe
458 3421 490 3468 de
509 3421 534 3467 la
553 3422 702 3481 puissance.
719 3419 891 3483 *Agebat
903 3419 1009 3467 totum
1022 3428 1119 3464 aemu-

82 3499 158 3546 lum
188 3503 194 3536 :
227 3486 301 3532 dans
322 3483 393 3528 cette
422 3483 575 3542 expression
608 3483 693 3528 totum
719 3495 733 3529 a
760 3497 795 3528 un
822 3496 882 3528 sens
910 3478 1056 3527 adverbial.
1090 3503 1120 3511 —

82 3553 256 3608 Noricos.
273 3544 310 3590 Le
320 3543 449 3590 Noricum
463 3544 527 3591 etait
544 3544 661 3604 compris
681 3547 755 3590 entre
778 3545 800 3590 la
818 3542 913 3590 Rhetie
929 3544 956 3588 et
974 3541 998 3586 la
1014 3538 1121 3585 Panno-

84 3623 138 3669 nie.
166 3617 195 3662 le
227 3605 348 3655 Danube
373 3608 399 3660 et
421 3604 537 3667 l'lllyn'e.
563 3633 593 3640 -
620 3607 796 3655 venturus.
815 3605 855 3651 De
881 3619 909 3650 sa
938 3601 1060 3649 citadelle
1086 3600 1119 3645 de

83 3671 292 3729 ,tfarobudum
312 3666 498 3728 (Budweissr),
522 3682 553 3714 en
573 3668 696 3726 Boheme,
723 3667 741 3712 il
765 3666 885 3728 pouvait,
904 3680 936 3711 en
955 3662 1119 3710 descendant

84 3743 186 3794 l'lc‘lbe,
201 3731 323 3783 tomber
336 3743 368 3774 au
378 3729 444 3774 nord
454 3743 498 3774 sur
507 3729 546 3775 les
554 3729 795 3790 le'gionsromaines
804 3729 848 3788 qui
863 3727 986 3772 venaient
1000 3725 1032 3769 de
1045 3721 1118 3768 s'eta-

82 3809 137 3854 Μὴ·
151 3818 191 3851 au
218 3793 291 3858 pied
309 3791 358 3861 dues
376 3793 465 3837 ments
482 3791 664 3853 Hercyniens3
677 3805 711 3837 ou
722 3805 846 3837 menacer
858 3804 891 3835 au
903 3788 951 3834 sud
964 3787 1001 3832 les
1013 3782 1119 3837 Quades

85 3869 171 3917 elles
189 3861 391 3910 Pannoniens.
