2698 4234
256 135 343 192 350.
358 134 428 192 Les
447 147 584 191 moeurs
600 134 772 203 antiques
793 135 952 192 aRome.

384 235 431 311 (De
442 247 564 311 antiquis
578 247 673 296 Romae
690 247 831 312 moribus.)

146 473 161 504 α
176 446 317 509 Moribus
332 449 468 529 antiquis
485 471 533 508 res
549 458 609 510 stat
622 450 761 510 Romana
787 449 922 530 virisque
936 451 948 474 '
962 475 976 506 »
993 469 999 511 :
1017 472 1108 530 quem
1125 458 1167 520 30

100 543 229 623 quidem
244 566 365 604 versum
379 546 494 605 Ennius
509 547 557 606 vel
569 546 719 606 brevitate
735 547 784 606 vel
807 547 935 605 veritate
952 554 1108 626 tamquam

100 662 142 699 ex
158 642 283 700 oraculo
301 643 376 701 mihi
392 643 525 722 quodam
544 664 609 704 esse
627 645 753 702 ellatus*
771 644 903 703 videtur.
918 643 994 702 Nam
1009 665 1109 724 nequo

102 738 174 810 viri,
189 738 248 798 nisi
262 739 304 798 ita
327 747 446 799 morata
467 741 576 799 civitas
596 740 714 812 luisset,
744 761 843 820 neque
862 761 973 811 mores,
996 740 1055 799 nisi
1077 739 1108 798 hi

102 834 165 892 viri
175 836 380 915 praefuissent,
398 844 451 896 aut
468 836 620 897 fundare*
641 844 695 897 aut
707 845 769 896 tam
795 837 847 897 diu
867 844 971 896 tenere
991 837 1109 917 potuis-

102 938 174 990 sent
184 939 300 991 tantam
314 940 345 990 et
358 941 421 993 tam
435 933 501 992 tuse
515 934 636 1014 lateque
647 935 850 1014 imperantem
860 954 925 992 rem
939 933 1107 1014 publicam.

104 1029 223 1108 ltaque,
237 1037 307 1088 ante
320 1038 456 1089 nostram
468 1031 658 1102 memoriam,
669 1039 700 1089 et
709 1052 775 1090 mos
791 1032 856 1112 ipse
867 1029 1005 1111 patrius*
1016 1050 1107 1110 praes-

103 1133 206 1184 tantos
235 1127 317 1185 viros
340 1127 516 1200 adhibebat,
531 1135 562 1187 et
588 1135 722 1204 veterem
747 1149 863 1186 morem
886 1147 921 1186 ac
955 1127 1106 1208 majorum

103 1222 247 1281 instituta
262 1223 437 1282 retinebant
451 1224 635 1284 excellentes
651 1224 720 1284 viri.
735 1225 847 1284 Nostra
864 1245 936 1283 vero
949 1231 1024 1283 atas
1036 1243 1105 1281 cum

103 1339 169 1377 rem
193 1319 347 1399 publicam
371 1321 451 1380 sicut
481 1321 656 1402 picturam*
673 1322 840 1401 accepisset
855 1320 1026 1406 egregiam,
1053 1317 1107 1378 sed

100 1415 165 1496 jam
188 1425 423 1476 evanescentem
452 1425 615 1490 vetustate,
647 1439 707 1476 non
739 1417 831 1477 modo
860 1439 927 1476 earn
953 1416 1108 1476 coloribus

103 1513 223 1585 iisdem,
242 1513 353 1593 quibus
368 1515 479 1584 luerat,
496 1536 645 1574 renovare
659 1515 804 1592 neglexit,
820 1515 873 1573 sed
889 1535 926 1574 ne
939 1514 971 1572 id
982 1513 1107 1593 quidem

103 1610 234 1683 curavit,
250 1617 284 1668 ut
299 1610 428 1670 sormam
440 1611 546 1671 saltem
563 1611 628 1692 ejus
641 1620 672 1670 et
688 1620 824 1692 extrema
839 1619 996 1690 tamquam
1011 1610 1110 1669 linea·

104 1710 229 1765 menta*
253 1716 399 1768 servaret.
426 1708 508 1775 Quid
524 1709 606 1766 enim
627 1717 730 1768 manet
753 1729 790 1767 ex
805 1708 942 1787 antiquis
958 1706 1106 1778 moribus,

103 1803 216 1882 quibus
237 1803 288 1862 ille
308 1803 386 1864 dixit
403 1825 466 1863 rem
488 1812 569 1864 stare
589 1805 785 1865 Romanam?
799 1826 876 1885 quos
892 1805 936 1863 ita
952 1803 1108 1862 oblivione

103 1895 258 1954 obsoletos
271 1896 422 1969 videmus
441 1904 548 1956 utnon
571 1897 666 1957 modo
687 1917 749 1956 non
768 1897 919 1970 colantur,
942 1895 995 1954 sed
1016 1895 1108 1954 etiam

104 1991 296 2070 ignorentur.
310 1993 408 2053 Nam*
421 1994 458 2052 de
478 1995 552 2052 viris
574 1994 648 2075 quid
673 1994 797 2054 dicam?
816 1994 918 2052 Mores
942 1991 1025 2051 enim
1048 1991 1108 2072 ipsi

105 2089 286 2148 interierunt
301 2090 438 2149 virorum
461 2091 598 2170 penuria,
626 2091 715 2171 cujus
735 2091 813 2150 tanti
835 2089 907 2150 mali
930 2110 994 2149 non
1015 2089 1109 2174 modo

104 2186 368 2246 reddendaratio
392 2187 492 2260 nobis,
523 2187 577 2247 sed
603 2189 695 2246 etiarn
725 2195 882 2268 tamquam
910 2186 970 2246 reis
998 2184 1109 2265 capitis

103 2284 238 2362 quodam
262 2283 354 2342 modo
380 2284 510 2344 dicenda
539 2304 630 2354 causa
667 2292 723 2343 est.
746 2284 867 2342 Nostris
898 2282 980 2342 enim
1008 2281 1106 2353 vitiis,

105 2399 166 2438 non
198 2399 271 2440 casu
301 2381 428 2461 aliquo,
462 2401 527 2439 rem
556 2379 715 2460 publicam
745 2381 841 2439 verbo
871 2379 1049 2452 retinemus,
1075 2399 1108 2437 re

105 2477 172 2555 ipsa,
180 2497 254 2536 vero
264 2477 328 2557 jam
342 2477 459 2557 pridem
476 2477 651 2537 amisimus.

134 2672 176 2720 N⁰
189 2670 271 2722 350:
284 2670 447 2743 virisque.
454 2670 494 2720 On
506 2687 539 2719 ne
549 2672 601 2720 sait
608 2671 623 2719 h
630 2671 692 2733 quel
697 2671 764 2720 livre
774 2669 945 2719 desAnuaies
954 2669 1109 2730 appartient

104 2733 215 2780 ceibeau
228 2748 289 2780 vers
299 2732 434 2780 d'Enmus.
445 2760 476 2770 -
484 2731 622 2792 affatus,
632 2748 662 2780 ce
673 2736 730 2781 mot
741 2733 851 2804 indique
864 2732 985 2793 touj0urs
993 2730 1108 2792 quelque

105 2795 185 2842 chose
205 2795 237 2841 de
256 2809 345 2856 grave,
362 2795 394 2841 de
414 2795 542 2844 solennel.
557 2822 584 2831 -
606 2795 766 2845 Fundare.
788 2795 852 2842 Lleu
870 2808 994 2841 commun
1012 2792 1108 2839 cherd

105 2855 251 2904 Tite-Live.
266 2856 331 2902 Voir
341 2859 447 2904 surtout
459 2871 488 2904 sa
500 2856 607 2918 prefuce
621 2871 627 2905 z
644 2877 654 2900 u
668 2856 792 2905 Ceterum
805 2858 852 2904 aut
865 2870 906 2902 me
917 2869 994 2902 amor
1007 2851 1108 2916 nepotii

104 2916 221 2979 suseepti
231 2916 312 2978 saliit,
326 2918 373 2964 aut
388 2917 463 2966 nulla
482 2933 610 2981 umquam
628 2933 670 2966 rer
702 2917 791 2966 ubtica
805 2932 851 2965 nec
865 2916 961 2986 major,
976 2930 1022 2963 nec
1034 2929 1108 2961 sauc-

107 2979 166 3036 tior,
181 2991 227 3026 nec
239 2978 318 3026 bonis
328 2978 457 3042 exemptis
467 2979 552 3028 ditior
562 2977 649 3042 suit».
663 2933 701 3028 Cli.
716 2980 838 3037 Salluste,
851 2978 940 3037 Catu,
954 2982 976 3035 2,
990 2981 1019 3022 10
1032 2989 1108 3046 sqq.;

104 3039 225 3098 Juvenal,
246 3040 332 3088 Satire
353 3040 398 3101 XI,
421 3042 536 3103 passim3
556 3041 847 3106 etvirg.,ue'0r9.,11,
869 3043 913 3086 542
928 3054 933 3087 :
951 3039 1024 3086 Hauc
1042 3038 1108 3085 olim

107 3103 205 3150 ueteres
221 3101 303 3150 vitam
325 3103 432 3150 coluere
448 3102 548 3151 Sabini.
569 3103 758 3165 Montesquieu
773 3103 927 3166 (Graudeur
951 3103 976 3148 et
1000 3099 1106 3160 Dtead„

104 3165 231 3224 chap.10,
245 3164 289 3225 fin)
304 3167 344 3212 est
354 3165 390 3212 du
402 3166 487 3212 meme
499 3179 566 3212 avis.
581 3165 620 3212 Cf.
639 3167 738 3225 Fustel,
755 3165 812 3213 Cite'
829 3163 949 3226 antique,
964 3163 1010 3222 IV,
1028 3167 1065 3208 12.
1077 3187 1107 3196 -

105 3225 177 3274 illos
191 3225 263 3286 ipse
285 3225 426 3288 patrius.
446 3226 496 3273 Les
516 3226 643 3274 Romulus
657 3229 810 3274 accusuient
827 3225 973 3272 volontiers
985 3223 1009 3270 la
1021 3222 1107 3270 Grtce

104 3285 250 3334 ctl'Orient
267 3288 300 3334 de
318 3288 357 3334 les
380 3288 455 3335 avoir
472 3302 638 3350 corrompus
659 3288 772 3335 Juvenal
788 3303 802 3334 u
817 3286 1015 3347 tloqucmment
1029 3283 1107 3330 deve-

106 3348 183 3409 ioppe
202 3350 273 3396 cette
290 3349 364 3396 these
384 3350 449 3396 dans
466 3363 495 3396 sa
513 3348 599 3398 Satire
616 3349 664 3407 III,
688 3354 726 3397 73.
747 3376 775 3386 -
791 3347 970 3397 Picturam.
994 3344 1105 3391 Ciceron

107 3409 233 3456 reutdirc
246 3409 325 3470 qu’on
339 3409 397 3458 n'en
410 3411 482 3458 avait
499 3412 559 3473 plus
578 3411 601 3458 la
620 3411 721 3470 realite,
739 3411 805 3458 mais
824 3410 928 3469 l'image
949 3407 1104 3455 seulement.

106 3472 143 3517 Ct'.
169 3470 276 3529 Lucain,
299 3471 421 3520 Pharsat.
448 3472 493 3529 IX,
519 3475 582 3521 204:
602 3473 671 3520 Olim
695 3487 756 3522 vera
794 3472 848 3527 des,
872 3469 947 3518 Sulla
967 3467 1050 3516 Mario
1074 3480 1106 3514 ue

105 3531 227 3594 receptis,
249 3532 392 3582 Libertatis
411 3533 482 3594 obit;
501 3534 626 3596 Pompeio
649 3535 758 3582 rebusa
779 3533 874 3595 empto,
895 3532 972 3579 Nune
994 3531 1020 3577 et
1065 3530 1106 3576 cta

105 3593 182 3655 perit.
198 3620 225 3628 —
239 3594 463 3646 Lineamenta.
478 3596 588 3643 Cice'ron
602 3597 641 3644 dit
658 3598 714 3644 cela
726 3597 741 3643 h
753 3597 777 3643 la
790 3596 826 3642 fin
838 3595 871 3641 de
881 3608 910 3640 sa
923 3593 973 3649 vie,
990 3589 1107 3653 lorsqu‘il

105 3671 133 3702 se
154 3655 254 3717 retugie
273 3658 339 3704 dans
357 3658 381 3705 la
403 3658 580 3720 philosophie,
602 3657 749 3719 n'aspirant
768 3659 827 3719 plus
844 3654 904 3716 qu'd
921 3653 1022 3701 l'otium
1044 3665 1105 3698 cum

104 3716 235 3780 ‹liquitate
248 3717 298 3780 (Ad
310 3719 377 3779 Art,
391 3718 437 3778 1v,
451 3719 499 3782 16).
512 3745 542 3754 -
554 3719 649 3778 Nam,
663 3719 756 3781 simple
767 3718 917 3766 transition.

520 3889 682 3942 ..253-
