2756 4238
210 147 295 201 229.
315 145 497 212 Pourquoi
517 145 573 201 les
589 145 649 201 fils
669 146 736 200 des
757 145 955 200 senateurs
975 156 1019 198 ne
1039 144 1122 199 sont
1142 155 1217 211 pas

411 233 531 290 admts
551 245 625 289 aux
643 230 801 288 seanoes
821 233 869 287 du
887 229 1012 288 senat.

261 335 328 399 (Cur
339 335 562 399 Senatorumfilii
571 337 728 399 praetextati
741 335 884 384 incuriam
896 351 957 384 cum
966 335 1094 398 patribus
1108 351 1161 382 non

634 415 789 478 introeant.)

153 564 196 628 4⁸
250 565 320 624 Mos
341 566 415 624 olim
433 566 627 626 senatoribus
647 567 707 626 luit
726 567 757 624 in
777 566 893 625 curiam
912 586 981 624 curn
1002 565 1215 644 praetextatis*

211 663 280 720 filiis
298 663 438 723 introire.
456 664 534 722 Cum
550 664 582 720 in
602 672 711 722 senatu
731 684 778 721 res
798 663 898 742 major
917 662 1070 742 quaepiam
1089 662 1216 720 consul-

210 767 327 818 taretur
341 781 437 839 eaque
455 760 486 817 in
504 767 662 839 posterum
680 759 761 818 diem
779 760 919 839 prolata*
937 766 1028 830 esset,
1048 759 1165 838 placuit
1180 766 1216 816 ut

210 857 289 915 lianc
317 878 380 914 rem
410 877 502 936 super
528 877 588 937 qua
614 857 830 915 tractavissent
859 876 896 914 ne
925 856 996 934 quis
1024 856 1214 928 enuntiaret,

210 954 388 1032 priusquam
411 954 533 1012 decreta
555 961 646 1012 esset.
670 953 771 1012 Mater
794 952 909 1032 Papirii
936 953 1035 1031 pueri,
1061 952 1114 1032 qui
1141 972 1214 1010 cum

209 1058 335 1128 parente
356 1071 411 1108 suo
431 1051 462 1108 in
482 1051 567 1108 curia
589 1050 699 1121 fuerat,
726 1058 928 1129 percontatur
944 1049 1041 1107 lilium
1065 1035 1214 1128 quidnam

210 1148 242 1204 in
256 1147 369 1206 Senatu
385 1148 519 1224 egissent
541 1147 658 1207 Patres.
681 1147 762 1206 Puer
776 1146 937 1226 respondit
951 1147 1117 1204 tacendum
1134 1167 1211 1215 esse,

210 1264 309 1323 neque
324 1244 355 1301 id
370 1244 431 1302 dici
446 1244 548 1304 licere.
566 1244 680 1302 Mulier
694 1244 728 1302 fit
741 1243 885 1303 audiendi
901 1243 1044 1322 cupidior
1060 1249 1214 1301 secretum

210 1341 264 1413 rei,
279 1348 309 1399 et
324 1341 480 1400 silentium
497 1342 584 1420 pueri
602 1341 739 1400 animum
755 1341 822 1420 ejus
837 1340 875 1398 ad
894 1339 1110 1419 inquirendum
1125 1360 1215 1398 ever·
1259 1414 1267 1426 ο

210 1439 305 1497 beret.
321 1439 398 1496 Tum
414 1459 500 1518 puer,
518 1445 646 1516 urgente
662 1445 770 1510 matre,
790 1437 884 1516 lepidi
902 1444 994 1516 atque
1010 1437 1114 1495 festivi
1129 1457 1213 1494 men-

209 1535 308 1593 dacii*
332 1536 496 1593 consilium
525 1535 617 1614 capit.
646 1536 779 1593 Actum*
808 1535 840 1592 in
865 1535 979 1592 Senatu
1002 1534 1079 1592 dixit
1107 1540 1214 1591 utrum

209 1632 367 1690 videretur
378 1632 484 1690 utilius
496 1632 681 1711 magisquee
695 1631 852 1710 republica
867 1652 932 1689 esse
949 1651 1068 1689 unusne
1084 1638 1119 1689 ut
1135 1630 1215 1688 duas

210 1749 321 1787 uxores
338 1727 475 1798 haberet,
493 1750 532 1787 an
547 1736 579 1786 ut
597 1749 656 1786 una
672 1729 753 1807 apud
769 1728 848 1786 duos
863 1735 958 1806 nupta
971 1735 1061 1786 esset.
1079 1728 1147 1786 Hoc
1160 1727 1212 1784 illa

210 1825 261 1883 ubi
282 1825 412 1897 audivit,
434 1825 527 1884 domo
547 1825 704 1904 trepidans
723 1824 889 1902 egreditur,
907 1824 943 1883 ad
966 1832 1082 1882 ceteras
1098 1832 1215 1883 matro-

209 1943 264 1979 nas
279 1924 377 1991 allert,
398 1923 608 2002 postridieque
623 1922 660 1980 ad
679 1929 818 1981 senatum
836 1922 960 1999 copiosa
976 1929 1110 1980 matrum
1126 1921 1215 1980 fami-

50 2045 55 2058 ·
137 2070 139 2074 ,
209 2019 264 2077 lias
294 2029 417 2078 caterva
446 2021 608 2077 confluunt
634 2037 640 2079 :
667 2019 863 2077 lacrimantes
892 2027 984 2099 atque
1015 2017 1214 2076 obsecrantes

208 2124 299 2175 orant
312 2136 372 2174 una
385 2117 488 2194 potius
500 2123 534 2174 ut
544 2115 665 2174 duobus
680 2122 777 2193 nupta
791 2115 887 2187 fieret,
906 2136 997 2195 quam
1013 2124 1048 2173 ut
1064 2116 1115 2173 uni
1131 2115 1211 2173 duae.

209 2214 372 2271 Senatores
401 2211 608 2291 ingredientes
630 2212 757 2284 curiam,
780 2212 855 2292 quid
879 2212 937 2270 sibi
961 2211 1129 2291 postulatio
1153 2213 1212 2269 ista

209 2310 303 2368 vellet
316 2310 536 2370 niirabantur*.
556 2308 636 2368 Puer
649 2308 789 2388 Papirius
801 2308 960 2389 publicum
971 2317 1086 2367 metum
1103 2308 1211 2379 demit,

134 2431 138 2436 ·
210 2407 283 2486 quid
300 2407 391 2465 matri
406 2406 553 2484 rogitanti
572 2406 637 2485 ipse
653 2406 837 2478 simulasset,
856 2406 935 2464 sicut
949 2405 1059 2475 fuerat,
1077 2415 1210 2464 enarrat.

210 2504 340 2562 Senatus
360 2504 450 2562 sidem
471 2510 563 2583 atque
583 2503 741 2580 ingenium
761 2503 849 2582 pueri
867 2497 1071 2572 exosculatur,
1091 2503 1210 2560 consul·

209 2604 355 2681 tumque*
378 2602 451 2659 lacit
468 2601 513 2658 uti
535 2600 664 2680 posthac
684 2600 772 2679 pueri
791 2621 861 2659 cum
884 2600 1022 2678 patribus
1042 2601 1074 2657 in
1094 2601 1211 2658 curiam

210 2719 271 2756 non
287 2699 471 2768 introeant*,
490 2705 602 2778 praeter
616 2696 703 2755 illum
719 2717 814 2755 unum
832 2696 998 2775 Papirium.

239 2866 280 2915 Νο
293 2865 358 2916 229
374 2880 379 2912 :
394 2863 631 2914 Praetextatis.
651 2864 687 2912 Le
706 2865 768 2928 toga
783 2865 921 2926 praetecta
935 2868 976 2912 est
987 2879 1039 2910 une
1052 2868 1113 2925 toge
1131 2865 1213 2911 ornde

208 2926 287 2974 d'une
304 2928 375 2987 large
394 2927 481 2973 bande
501 2927 533 2972 de
551 2941 676 2988 pourpre,
698 2930 724 2974 et
743 2927 787 2987 qui
808 2925 874 2973 etait
895 2925 987 2988 porte'e
1004 2941 1069 2972 avec
1090 2926 1115 2972 la
1135 2926 1211 2972 bulla

208 2989 359 3052 tornement
387 2986 444 3034 d‘or
470 2988 595 3048 compost
622 2989 654 3035 de
681 2989 751 3034 deux
778 2988 821 3048 plu
843 3002 889 3034 ues
916 3002 1046 3034 concaves
1073 2988 1213 3035 attachees

208 3051 345 3098 ensemble
358 3054 384 3096 et
399 3052 546 3096 contenent
557 3064 609 3096 une
622 3049 759 3112 amulette)
775 3064 822 3110 par
849 3064 876 3096 es
897 3050 1002 3096 ensants
1021 3051 1054 3095 de
1073 3051 1212 3096 naissance

209 3113 276 3159 libre
296 3113 343 3159 des
361 3113 429 3158 deux
448 3126 532 3169 sexes,
552 3111 618 3157 ainsi
639 3126 692 3173 que
708 3126 755 3172 par
777 3111 816 3158 les
838 3112 995 3172 principaux
1014 3111 1167 3171 magistrats
1185 3115 1212 3158 et

208 3175 338 3235 quelques
358 3174 473 3234 colleges
492 3174 525 3219 de
542 3175 653 3234 pretres.
674 3199 699 3208 -
723 3173 868 3222 Prolata.
889 3171 998 3232 L'usage
1019 3173 1123 3232 general
1146 3172 1210 3220 ttait

208 3234 327 3282 d'ouvrir
338 3235 363 3282 la
377 3235 471 3281 se'unce
484 3236 517 3280 de
530 3235 583 3281 sort
599 3235 687 3281 bonne
703 3235 793 3293 heure,
807 3237 842 3292 et,
857 3238 1014 3295 nutantque
1032 3234 1159 3294 possible,
1179 3235 1211 3280 dc

208 3297 280 3344 elore
302 3297 327 3343 la
351 3297 528 3344 deliberation
550 3297 574 3343 le
596 3299 681 3343 meme
703 3297 773 3357 jour.
795 3323 821 3331 -
844 3295 1011 3346 Mendacii
1030 3311 1035 3341 :
1054 3295 1211 3342 l'invention

209 3362 250 3405 est
266 3358 373 3419 e'trange
387 3373 454 3419 pour
470 3373 505 3404 un
525 3359 616 3404 entant
628 3359 673 3418 qui
689 3359 762 3420 parle
775 3359 789 3404 rl
803 3374 830 3405 sa
846 3359 925 3405 mere.
944 3386 974 3392 —
990 3358 1119 3410 Actum,
1139 3371 1212 3404 sous-

209 3421 327 3467 entendu
343 3434 406 3467 csse,
423 3448 451 3455 -
465 3419 685 3469 Mirabantur.
704 3420 744 3467 On
761 3435 788 3466 se
801 3421 918 3481 rappelle
933 3421 971 3467 les
989 3420 1051 3465 durs
1068 3419 1211 3479 reproclies

209 3496 260 3542 que
277 3482 336 3528 leur
354 3481 383 3529 fit
400 3482 484 3530 Caton
503 3483 525 3528 le
545 3482 662 3528 Censeur
681 3482 770 3542 quand
788 3482 852 3528 elles
868 3483 974 3529 vinrent
991 3495 1041 3526 aux
1059 3482 1157 3528 abords
1175 3481 1211 3526 du

208 3543 291 3590 Senat
303 3558 371 3604 pour
383 3547 516 3605 protester
531 3547 623 3591 contre
636 3544 660 3590 la
675 3543 710 3590 loi
724 3543 810 3604 Oppia
824 3544 979 3606 (Tite-Line,
997 3542 1119 3601 XXXIV,
1133 3543 1165 3603 2).
1182 3568 1211 3576 -

209 3604 398 3655 Consultum
411 3626 440 3647 =
452 3607 561 3653 senatus
574 3605 736 3652 consultum.
756 3632 785 3640 -
802 3605 979 3654 Introeant.
997 3604 1064 3651 Sous
1082 3605 1105 3651 la
1122 3604 1211 3665 Repu-

208 3666 300 3727 blique
313 3667 351 3712 les
369 3668 478 3714 sdances
499 3666 626 3715 n'etaient
642 3681 690 3728 pas
710 3667 868 3729 publiques3
889 3667 963 3722 mais,
982 3667 995 3712 a
1014 3667 1100 3712 moins
1119 3681 1170 3727 que
1188 3667 1210 3713 le

208 3727 291 3775 Senat
304 3726 463 3775 n'ordonnat
475 3729 499 3775 le
512 3728 653 3786 huis-clos,
668 3729 693 3774 la
711 3732 787 3790 porte
801 3730 833 3775 de
853 3727 877 3773 la
895 3728 958 3774 salle
976 3728 1069 3775 restait
1089 3731 1200 3775 ouverte

631 3925 664 3934 -
684 3896 736 3948 232
