2698 4234
459 149 544 203 331.
564 147 664 236 Luxe
681 148 747 204 des
766 147 978 215 triomphes.

536 241 583 303 (De
596 240 796 304 triumphorum
817 241 902 298 luen.)

166 350 205 414 2Θ
259 354 362 412 Tertio
373 355 385 378 *
398 355 567 435 triumpho,
582 378 672 437 quem
688 356 725 415 de
740 357 859 435 piratis,
876 355 960 430 Asia,
977 363 1008 416 et
1021 356 1121 415 Ponto
1134 357 1230 415 Pom·

154 506 158 512 .
220 451 305 530 peius
327 452 398 531 egit,
422 454 578 512 transtulit
599 452 739 512 alveum*
759 474 829 512 cum
857 453 999 512 tesseris*
1031 452 1182 514 lusorium
1205 474 1231 512 e

220 548 347 626 gemmis
360 548 490 620 duabus,
508 550 602 608 latum
629 551 721 630 pedes
737 558 811 622 treS,
824 550 951 628 longum
974 550 1067 630 pedes
1089 557 1230 629 quatuor

221 642 263 722 (et
279 665 316 702 ne
330 646 398 725 quis
412 646 449 703 de
465 666 499 705 ea
513 667 545 705 re
559 645 690 716 dubitet,
704 647 786 706 nulla
802 667 992 725 gemmarum
1010 645 1231 724 magnitudine

221 741 311 800 hodie
327 761 423 821 prope
446 743 484 800 ad
508 743 586 802 hanc
606 743 839 824 amplitudinem
858 743 1035 814 accedente,
1061 743 1142 800 inea
1164 741 1230 801 luit

221 839 292 898 luna
307 859 396 898 aurea
420 841 541 919 pondo*
556 841 672 920 XXX);
695 863 766 899 vasa
782 862 818 899 ex
832 861 906 900 auro
922 848 953 900 et
972 841 1100 918 gemmis
1116 841 1230 899 abaco·

221 957 288 995 rum
315 938 470 1011 novem*;
505 937 591 1015 signa
618 959 709 997 aurea
744 937 812 1009 tria,
843 937 1012 1010 Minervae,
1042 937 1164 1009 MartiS,
1194 943 1229 995 et

221 1033 392 1112 Apollinis;
418 1053 547 1092 coronas
567 1055 603 1092 ex
630 1034 801 1111 margaritis
826 1033 952 1111 triginta
975 1041 1057 1103 tres;
1087 1040 1228 1092 montem

221 1150 347 1188 aureum
377 1130 560 1210 quadratum
587 1151 657 1189 cum
693 1132 792 1190 cervis
821 1138 852 1190 et
879 1130 1031 1204 leonibus,
1061 1137 1093 1189 et
1124 1130 1228 1210 pomis

222 1227 323 1285 omnis
343 1228 473 1304 generis,
491 1227 678 1286 circumdala
703 1229 766 1286 vite
786 1246 897 1301 aurea3
914 1228 1075 1286 museum*
1092 1248 1129 1286 ex
1144 1247 1229 1286 mar·

223 1323 339 1401 garitiS,
366 1323 499 1404 incujus
524 1325 645 1403 lastigio
669 1324 865 1403 horologium
889 1331 976 1384 erat:
1007 1324 1129 1402 imago*
1162 1323 1225 1384 Cn.

225 1420 362 1499 Pompeii
386 1441 402 1479 e
427 1421 608 1501 margaritiS,
639 1422 711 1480 illa*
739 1422 824 1500 regio
851 1421 968 1480 honore
992 1422 1109 1499 grata*,
1136 1419 1224 1480 illius

224 1517 336 1597 probi*
346 1517 406 1576 oris
424 1519 651 1598 venerandique
667 1541 720 1599 per
735 1527 862 1578 cunctas
874 1525 992 1596 gentes,
1009 1518 1071 1590 illa,
1083 1518 1228 1597 inquam,

224 1635 260 1673 ex
275 1614 456 1691 margaritis,
469 1616 653 1674 severitate*
669 1616 759 1688 vicla,
782 1622 813 1675 et
832 1617 952 1674 veriore
968 1614 1097 1674 luxuriae
1117 1615 1231 1672 trium-

185 1758 187 1762 ,
223 1711 286 1791 pho
296 1713 319 1771 *.
335 1710 443 1770 Cetera
458 1712 606 1790 triumphi
618 1712 756 1791 ejusdem
770 1734 861 1793 quam
878 1711 1001 1771 virilia*
1015 1714 1021 1771 l
1036 1711 1232 1791 Reipublicae

224 1816 254 1867 et
266 1807 481 1888 quaestoribuS,
499 1809 550 1888 qui
565 1812 671 1867 oram*
686 1810 778 1892 maris
797 1809 1009 1868 defendissent
1024 1808 1129 1868 datum
1145 1807 1233 1866 mille

224 1905 372 1964 talentum
382 1908 411 1974 *;
424 1905 573 1964 militibus
589 1906 717 1983 singulis
730 1927 800 1964 sena
815 1905 920 1965 milia*
938 1906 1125 1966 sestertium.
1141 1905 1232 1964 Tole-

225 2001 397 2060 rabiliurem
418 2009 520 2082 tamen
543 2002 616 2061 lecit
632 2023 754 2061 causam
780 2002 837 2062 Gai
853 2002 1030 2082 principis*,
1054 2002 1106 2082 qui
1135 2021 1232 2081 super

224 2099 326 2158 omnia
341 2098 501 2158 muliebria
514 2100 654 2158 sacculos
669 2099 845 2157 induebate
860 2099 1032 2176 margaritis
1041 2100 1063 2170 *‚
1083 2108 1114 2158 et
1135 2101 1233 2157 Nero-

225 2197 272 2254 nis
287 2196 445 2276 principis,
463 2196 514 2275 qui
530 2203 649 2276 sceptra
663 2203 692 2254 et
709 2216 855 2275 personas
868 2194 1052 2254 histrionum
1068 2203 1099 2254 et
1113 2194 1232 2254 cubilia

226 2293 393 2352 unionibus
408 2293 616 2352 construebat.

224 2408 331 2470 l'usage,
349 2407 424 2470 porte
444 2423 489 2454 sur
507 2408 531 2454 le
551 2409 615 2455 char
635 2406 786 2468 triomphal.
805 2433 835 2442 —
854 2405 978 2456 Securi.
999 2405 1087 2462 Apres
1100 2405 1125 2454 le
1148 2404 1233 2454 defile

226 2470 379 2532 triomphal,
392 2471 429 2516 les
437 2471 533 2533 captils
544 2469 644 2517 c'taient
653 2467 763 2530 egorges
775 2469 841 2516 dans
858 2468 883 2516 la
897 2468 990 2541 prison
1008 2465 1178 2516 Mamertino.

256 2567 296 2616 N·
309 2567 372 2619 331
389 2582 395 2615 z
409 2566 520 2616 Tertio
534 2581 540 2614 :
554 2566 643 2613 enl'an
652 2569 681 2612 62
694 2566 775 2612 avant
788 2565 803 2612 J
807 2563 1043 2614 .-C.-Alveum
1054 2563 1232 2613 lusorium:

225 2629 298 2678 table
319 2629 429 2676 abords
450 2627 593 2675 recourbe's
605 2642 674 2689 pour
689 2628 727 2673 les
747 2627 861 2675 tesserae
879 2625 955 2688 (des),
975 2640 1010 2672 ou
1028 2626 1068 2673 les
1089 2624 1233 2674 duodecim

226 2689 327 2753 scripta
349 2690 478 2752 (trictrac)
493 2705 498 2737 :
513 2705 548 2737 un
570 2690 672 2736 damier
690 2702 724 2735 ou
743 2702 779 2735 un
799 2687 944 2749 e'chiquier.
964 2715 995 2722 -
1013 2685 1170 2745 Tesserle,
1189 2686 1230 2735 les

130 2769 131 2773 ¹
226 2752 282 2808 des.
294 2778 324 2786 -
336 2752 444 2800 Pondo
459 2751 561 2812 (ancien
579 2751 675 2799 ablatis
685 2751 718 2796 de
727 2749 867 2812 pondus,il
880 2752 920 2796 est
932 2749 1020 2811 emplo
1041 2747 1172 2796 econrme
1192 2763 1230 2795 un

226 2829 288 2862 nom
302 2814 398 2874 pluriel
420 2813 594 2860 invariablea
614 2817 674 2860 tous
696 2812 733 2858 les
748 2825 801 2870 cas,
812 2811 880 2858 dans
898 2811 922 2858 le
936 2825 996 2858 sens
1033 2825 1047 2858 e
1073 2809 1226 2858 lioresCet

226 2889 306 2937 usage
318 2875 444 2936 provient
461 2874 493 2921 de
509 2875 533 2920 la
551 2888 580 2920 sn
602 2875 722 2936 pression
739 2874 774 2919 du
786 2875 843 2920 mot
856 2872 941 2920 librae
955 2870 1066 2934 (liores),
1081 2871 1178 2933 auquel
1195 2885 1231 2918 on

226 2937 341 2998 ajoutait
361 2936 450 2997 pondo
467 2936 509 2997 (en
534 2890 628 2996 poids).
655 2961 685 2970 -
701 2933 891 2984 Abaeorum
913 2946 1029 2983 novem
1052 2947 1058 2981 :
1084 2947 1114 2980 ce
1153 2931 1235 2980 e'nitil

226 3013 284 3046 mar
304 3012 336 3045 ue
350 2997 373 3044 la
386 2997 549 3044 destination
564 3011 568 3044 :
584 3010 653 3059 quae
666 3010 758 3043 novem
771 2995 860 3043 abacis
880 2994 1024 3044 onerandis
1038 2993 1117 3058 paria
1130 2947 1231 3055 darent.

225 3086 256 3095 -
268 3014 429 3115 hduseum
444 3058 546 3105 e'dicule
563 3073 594 3105 en
607 3057 746 3105 l’honneur
762 3058 808 3105 des
825 3059 925 3105 Muses.
942 3083 969 3092 -
986 3058 1108 3118 Imago,
1122 3057 1232 3119 apposi-

227 3122 284 3170 tion
297 3122 330 3168 de
342 3119 523 3183 horologium.
543 3147 573 3154 -
585 3120 655 3178 Illa,
676 3133 779 3166 comme
805 3120 865 3180 plus
883 3119 940 3177 bas,
958 3133 1020 3166 sens
1038 3118 1231 3180 emphatique:

227 3183 430 3231 sous-entendez
454 3181 504 3228 ima
527 3196 549 3227 o.
570 3207 599 3214 -
618 3181 731 3239 Grata,
752 3179 917 3228 c’est-rl-dire
941 3195 947 3228 ;
968 3182 1049 3244 prata
1069 3179 1181 3242 populo.
1202 3205 1232 3214 —
1301 3180 1306 3189 '

227 3243 326 3294 Probi
339 3259 386 3292 :ce
399 3246 454 3290 mot
471 3195 580 3304 indique
600 3244 715 3289 souvent
724 3242 785 3288 cher
798 3242 873 3290 Pline
885 3243 910 3290 la
926 3241 1037 3303 dignito,
1059 3243 1085 3288 la
1106 3241 1232 3290 noblesse

227 3307 260 3353 de
271 3305 413 3353 l'attitude.
436 3304 643 3351 Snus-entendez
660 3317 756 3350 encore
781 3302 868 3365 imago
887 3306 988 3352 devant
1006 3303 1082 3351 illius
1092 3303 1182 3366 probi.
1200 3330 1232 3338 —

228 3367 422 3426 Severitate,
447 3367 542 3412 ablatis
564 3365 667 3423 absolu,
691 3379 794 3411 comme
827 3365 964 3428 triumpho
994 3364 1107 3413 veriore.
1132 3391 1162 3400 -
1188 3365 1232 3414 Et

227 3428 355 3478 veriore
364 3427 517 3477 luxuriae
530 3426 695 3487 triumpho
704 3426 866 3474 :atvertus
878 3425 1002 3476 lucuriae
1014 3441 1097 3536 guam
1111 3425 1232 3489 Pompeii

228 3489 374 3552 triumpha.
391 3516 417 3524 —
437 3489 539 3550 Quam
562 3488 697 3537 virilia:
713 3488 739 3534 le
758 3487 818 3535 luxe
839 3489 903 3549 qu‘il
921 3491 996 3537 vient
1033 3503 1047 3536 e
1069 3487 1172 3535 decrire
1192 3487 1230 3535 lui

228 3554 315 3614 paralt
327 3567 378 3612 peu
389 3551 467 3611 digne
481 3550 541 3597 d'nn
559 3550 664 3596 homme
679 3563 783 3596 comme
796 3549 921 3612 Pompee.
936 3578 963 3586 —
977 3551 1077 3601 Oram
1089 3549 1143 3598 :les
1156 3549 1230 3597 cotes

228 3612 453 3660 d’Asie-Mineure
465 3615 492 3659 et
504 3613 539 3658 du
551 3611 629 3669 Pont,
643 3611 677 3658 od
688 3611 805 3672 Pompee
818 3613 890 3659 avait
899 3613 947 3660 lait
957 3613 982 3660 la
994 3612 1111 3674 guerretl
1123 3611 1230 3659 Mithri-

228 3677 298 3722 date.
309 3700 338 3708 -
350 3673 617 3728 Milletalentum,
626 3673 736 3719 environ
745 3675 871 3720 treanta
882 3674 978 3722 francs.
991 3673 1117 3723 -Sena
1130 3671 1230 3729 milia,

228 3736 339 3784 environ
358 3739 415 3781 1167
434 3734 522 3780 francs
540 3748 589 3794 par
607 3734 720 3780 homme.
742 3760 771 3768 -
792 3733 975 3795 Principis:
994 3735 1120 3796 Caligula,
1137 3733 1178 3780 fils
1199 3735 1231 3781 dc

229 3797 412 3845 Germanicus.
425 3821 452 3829 -
466 3789 672 3855 Margarltis.
687 3794 753 3840 Voir
763 3794 888 3856 Sudtone,
902 3795 997 3858 Calig,
1009 3802 1046 3843 52.

652 3920 683 3928 —
705 3892 755 3941 331
769 3915 806 3930 ·-
