<?xml version="1.0" encoding="UTF-8"?>
<!DOCTYPE html PUBLIC "-//W3C//DTD XHTML 1.0 Transitional//EN"
    "http://www.w3.org/TR/xhtml1/DTD/xhtml1-transitional.dtd">
<html xmlns="http://www.w3.org/1999/xhtml" xml:lang="en" lang="en">
 <head>
  <title>
</title>
<meta http-equiv="Content-Type" content="text/html;charset=utf-8" />
  <meta name='ocr-system' content='tesseract 3.04.00' />
  <meta name='ocr-capabilities' content='ocr_page ocr_carea ocr_par ocr_line ocrx_word'/>
</head>
<body>
  <div class='ocr_page' id='page_1' title='image "./depublicaprivat01arnagoog_0476.png"; bbox 0 0 2664 4234; ppageno 0'>
   <div class='ocr_carea' id='block_1_1' title="bbox 243 208 949 379">
    <p class='ocr_par' dir='ltr' id='par_1_1' title="bbox 243 208 949 379">
     <span class='ocr_line' id='line_1_1' title="bbox 243 208 949 268; baseline -0.003 -3"><span class='ocrx_word' id='word_1_1' title='bbox 243 209 330 267; x_wconf 80' lang='lat'>424.</span> <span class='ocrx_word' id='word_1_2' title='bbox 350 211 407 268; x_wconf 81' lang='lat' dir='ltr'>Le</span> <span class='ocrx_word' id='word_1_3' title='bbox 420 208 624 267; x_wconf 77' lang='lat' dir='ltr'>ceremonie</span> <span class='ocrx_word' id='word_1_4' title='bbox 639 212 687 267; x_wconf 83' lang='lat' dir='ltr'>du</span> <span class='ocrx_word' id='word_1_5' title='bbox 702 225 775 267; x_wconf 88' lang='lat' dir='ltr'>ver</span> <span class='ocrx_word' id='word_1_6' title='bbox 790 223 949 267; x_wconf 78' lang='lat' dir='ltr'>sucrum.</span> 
     </span>
     <span class='ocr_line' id='line_1_2' title="bbox 485 314 712 379; baseline 0.009 -17"><span class='ocrx_word' id='word_1_7' title='bbox 485 314 532 378; x_wconf 88' lang='lat' dir='ltr'>(De</span> <span class='ocrx_word' id='word_1_8' title='bbox 545 330 606 364; x_wconf 85' lang='lat' dir='ltr'>vere</span> <span class='ocrx_word' id='word_1_9' title='bbox 616 317 712 379; x_wconf 80' lang='lat' dir='ltr'>sacru.)</span> 
     </span>
    </p>
   </div>
   <div class='ocr_carea' id='block_1_2' title="bbox 75 427 1169 2720">
    <p class='ocr_par' dir='ltr' id='par_1_2' title="bbox 75 427 1169 2720">
     <span class='ocr_line' id='line_1_3' title="bbox 134 427 1169 511; baseline 0.007 -26"><span class='ocrx_word' id='word_1_10' title='bbox 134 427 181 486; x_wconf 88' lang='lat' dir='ltr'>De</span> <span class='ocrx_word' id='word_1_11' title='bbox 196 449 267 488; x_wconf 87' lang='lat' dir='ltr'>vere</span> <span class='ocrx_word' id='word_1_12' title='bbox 280 433 387 490; x_wconf 79' lang='lat' dir='ltr'>sacro*</span> <span class='ocrx_word' id='word_1_13' title='bbox 401 431 533 510; x_wconf 90' lang='lat' dir='ltr'>populus</span> <span class='ocrx_word' id='word_1_14' title='bbox 546 452 562 490; x_wconf 89' lang='lat' dir='ltr'>a</span> <span class='ocrx_word' id='word_1_15' title='bbox 575 439 709 511; x_wconf 84' lang='lat' dir='ltr'>praetore</span> <span class='ocrx_word' id='word_1_16' title='bbox 731 431 762 489; x_wconf 93' lang='lat' dir='ltr'>in</span> <span class='ocrx_word' id='word_1_17' title='bbox 782 431 847 490; x_wconf 88' lang='lat' dir='ltr'>haee</span> <span class='ocrx_word' id='word_1_18' title='bbox 863 431 956 490; x_wconf 90' lang='lat' dir='ltr'>verba</span> <span class='ocrx_word' id='word_1_19' title='bbox 972 437 1097 508; x_wconf 83' lang='lat' dir='ltr'>rogatus</span> <span class='ocrx_word' id='word_1_20' title='bbox 1128 428 1169 492; x_wconf 69' lang='grc' dir='ltr'>2ο</span> 
     </span>
     <span class='ocr_line' id='line_1_4' title="bbox 95 525 1166 607; baseline 0.002 -25"><span class='ocrx_word' id='word_1_21' title='bbox 95 531 163 584; x_wconf 87' lang='lat' dir='ltr'>est:</span> <span class='ocrx_word' id='word_1_22' title='bbox 179 549 193 579; x_wconf 89' lang='lat'>«</span> <span class='ocrx_word' id='word_1_23' title='bbox 210 525 341 586; x_wconf 84' lang='lat' dir='ltr'>Velitis*</span> <span class='ocrx_word' id='word_1_24' title='bbox 351 527 528 607; x_wconf 88' lang='lat' dir='ltr'>jubeatisne</span> <span class='ocrx_word' id='word_1_25' title='bbox 550 529 615 587; x_wconf 82' lang='lat' dir='ltr'>haee</span> <span class='ocrx_word' id='word_1_26' title='bbox 635 529 726 588; x_wconf 83' lang='lat' dir='ltr'>lieri?</span> <span class='ocrx_word' id='word_1_27' title='bbox 747 528 779 587; x_wconf 91' lang='lat' dir='ltr'>Si</span> <span class='ocrx_word' id='word_1_28' title='bbox 796 528 969 607; x_wconf 85' lang='lat' dir='ltr'>respublica</span> <span class='ocrx_word' id='word_1_29' title='bbox 992 526 1099 607; x_wconf 93' lang='lat' dir='ltr'>populi</span> <span class='ocrx_word' id='word_1_30' title='bbox 1163 563 1166 568; x_wconf 93' lang='lat'><em>-</em></span> 
     </span>
     <span class='ocr_line' id='line_1_5' title="bbox 75 622 1098 706; baseline 0.003 -28"><span class='ocrx_word' id='word_1_31' title='bbox 75 622 215 681; x_wconf 62' lang='lat' dir='ltr'>&#39;romani</span> <span class='ocrx_word' id='word_1_32' title='bbox 241 623 404 690; x_wconf 89' lang='lat' dir='ltr'>Quiritium</span> <span class='ocrx_word' id='word_1_33' title='bbox 430 625 468 684; x_wconf 84' lang='lat' dir='ltr'>ed</span> <span class='ocrx_word' id='word_1_34' title='bbox 493 624 737 706; x_wconf 87' lang='lat' dir='ltr'>quinquennium</span> <span class='ocrx_word' id='word_1_35' title='bbox 764 626 939 705; x_wconf 85' lang='lat' dir='ltr'>proximum</span> <span class='ocrx_word' id='word_1_36' title='bbox 968 624 1098 694; x_wconf 88' lang='lat' dir='ltr'>steterit,</span> 
     </span>
     <span class='ocr_line' id='line_1_6' title="bbox 96 720 1098 800; baseline 0.001 -24"><span class='ocrx_word' id='word_1_37' title='bbox 96 739 226 800; x_wconf 90' lang='lat' dir='ltr'>eamque</span> <span class='ocrx_word' id='word_1_38' title='bbox 239 720 356 780; x_wconf 88' lang='lat' dir='ltr'>salvam</span> <span class='ocrx_word' id='word_1_39' title='bbox 371 722 564 780; x_wconf 89' lang='lat' dir='ltr'>servaverint</span> <span class='ocrx_word' id='word_1_40' title='bbox 579 722 663 781; x_wconf 88' lang='lat' dir='ltr'>bisce</span> <span class='ocrx_word' id='word_1_41' title='bbox 678 722 810 781; x_wconf 85' lang='lat' dir='ltr'>duellis*</span> <span class='ocrx_word' id='word_1_42' title='bbox 821 723 875 792; x_wconf 90' lang='lat' dir='ltr'>dii,</span> <span class='ocrx_word' id='word_1_43' title='bbox 890 731 956 781; x_wconf 85' lang='lat' dir='ltr'>tum</span> <span class='ocrx_word' id='word_1_44' title='bbox 982 722 1098 779; x_wconf 91' lang='lat' dir='ltr'>donum</span> 
     </span>
     <span class='ocr_line' id='line_1_7' title="bbox 77 815 1101 900; baseline 0.002 -28"><span class='ocrx_word' id='word_1_45' title='bbox 77 829 79 836; x_wconf 87' lang='lat'>&#39;</span> <span class='ocrx_word' id='word_1_46' title='bbox 96 815 187 875; x_wconf 86' lang='lat' dir='ltr'>duit*</span> <span class='ocrx_word' id='word_1_47' title='bbox 206 817 340 898; x_wconf 89' lang='lat' dir='ltr'>populus</span> <span class='ocrx_word' id='word_1_48' title='bbox 363 818 521 877; x_wconf 85' lang='lat' dir='ltr'>Romanus</span> <span class='ocrx_word' id='word_1_49' title='bbox 542 818 718 892; x_wconf 86' lang='lat' dir='ltr'>Quiritium,</span> <span class='ocrx_word' id='word_1_50' title='bbox 737 819 819 900; x_wconf 87' lang='lat' dir='ltr'>quod</span> <span class='ocrx_word' id='word_1_51' title='bbox 837 841 894 877; x_wconf 92' lang='lat' dir='ltr'>ver</span> <span class='ocrx_word' id='word_1_52' title='bbox 912 817 1051 876; x_wconf 86' lang='lat' dir='ltr'>attulerit</span> <span class='ocrx_word' id='word_1_53' title='bbox 1065 837 1101 874; x_wconf 91' lang='lat' dir='ltr'>ex</span> 
     </span>
     <span class='ocr_line' id='line_1_8' title="bbox 96 912 1102 995; baseline 0.001 -25"><span class='ocrx_word' id='word_1_54' title='bbox 96 912 197 983; x_wconf 86' lang='lat' dir='ltr'>suillu,</span> <span class='ocrx_word' id='word_1_55' title='bbox 219 913 325 989; x_wconf 88' lang='lat' dir='ltr'>ovillo,</span> <span class='ocrx_word' id='word_1_56' title='bbox 354 915 492 994; x_wconf 84' lang='lat' dir='ltr'>caprino,</span> <span class='ocrx_word' id='word_1_57' title='bbox 517 914 632 975; x_wconf 90' lang='lat' dir='ltr'>bovillo</span> <span class='ocrx_word' id='word_1_58' title='bbox 661 936 753 994; x_wconf 81' lang='lat' dir='ltr'>grege</span> <span class='ocrx_word' id='word_1_59' title='bbox 789 937 920 995; x_wconf 87' lang='lat' dir='ltr'>quaeque</span> <span class='ocrx_word' id='word_1_60' title='bbox 953 914 1102 994; x_wconf 83' lang='lat' dir='ltr'>prolana*</span> 
     </span>
     <span class='ocr_line' id='line_1_9' title="bbox 97 1009 1100 1094; baseline 0.003 -28"><span class='ocrx_word' id='word_1_61' title='bbox 97 1016 197 1082; x_wconf 88' lang='lat' dir='ltr'>erunt,</span> <span class='ocrx_word' id='word_1_62' title='bbox 216 1009 287 1070; x_wconf 91' lang='lat' dir='ltr'>Jovi</span> <span class='ocrx_word' id='word_1_63' title='bbox 302 1012 380 1086; x_wconf 90' lang='lat' dir='ltr'>fieri,</span> <span class='ocrx_word' id='word_1_64' title='bbox 397 1033 433 1071; x_wconf 82' lang='lat' dir='ltr'>ex</span> <span class='ocrx_word' id='word_1_65' title='bbox 453 1033 513 1092; x_wconf 83' lang='lat' dir='ltr'>qua</span> <span class='ocrx_word' id='word_1_66' title='bbox 536 1013 586 1072; x_wconf 90' lang='lat' dir='ltr'>die</span> <span class='ocrx_word' id='word_1_67' title='bbox 608 1020 733 1072; x_wconf 85' lang='lat' dir='ltr'>senatus</span> <span class='ocrx_word' id='word_1_68' title='bbox 750 1013 945 1094; x_wconf 87' lang='lat' dir='ltr'>populusque</span> <span class='ocrx_word' id='word_1_69' title='bbox 963 1011 1100 1092; x_wconf 87' lang='lat' dir='ltr'>jusserit.</span> 
     </span>
     <span class='ocr_line' id='line_1_10' title="bbox 97 1107 1102 1190; baseline 0.001 -25"><span class='ocrx_word' id='word_1_70' title='bbox 97 1107 155 1173; x_wconf 87' lang='lat' dir='ltr'>Qui</span> <span class='ocrx_word' id='word_1_71' title='bbox 172 1107 274 1181; x_wconf 80' lang='lat' dir='ltr'>faciet,</span> <span class='ocrx_word' id='word_1_72' title='bbox 299 1109 422 1189; x_wconf 88' lang='lat' dir='ltr'>quando</span> <span class='ocrx_word' id='word_1_73' title='bbox 441 1109 525 1168; x_wconf 92' lang='lat' dir='ltr'>volet</span> <span class='ocrx_word' id='word_1_74' title='bbox 544 1130 667 1190; x_wconf 89' lang='lat' dir='ltr'>quaque</span> <span class='ocrx_word' id='word_1_75' title='bbox 687 1111 774 1188; x_wconf 83' lang='lat' dir='ltr'>lege*</span> <span class='ocrx_word' id='word_1_76' title='bbox 794 1110 878 1168; x_wconf 89' lang='lat' dir='ltr'>volet</span> <span class='ocrx_word' id='word_1_77' title='bbox 899 1110 1017 1168; x_wconf 90' lang='lat' dir='ltr'>l&#39;acito:</span> <span class='ocrx_word' id='word_1_78' title='bbox 1040 1127 1102 1188; x_wconf 92' lang='lat' dir='ltr'>quo</span> 
     </span>
     <span class='ocr_line' id='line_1_11' title="bbox 97 1203 1102 1286; baseline 0 -25"><span class='ocrx_word' id='word_1_79' title='bbox 97 1203 189 1262; x_wconf 91' lang='lat' dir='ltr'>modo</span> <span class='ocrx_word' id='word_1_80' title='bbox 201 1204 308 1278; x_wconf 82' lang='lat' dir='ltr'>faxit*,</span> <span class='ocrx_word' id='word_1_81' title='bbox 321 1205 416 1284; x_wconf 92' lang='lat' dir='ltr'>probe</span> <span class='ocrx_word' id='word_1_82' title='bbox 427 1206 543 1265; x_wconf 86' lang='lat' dir='ltr'>lactum</span> <span class='ocrx_word' id='word_1_83' title='bbox 563 1214 640 1266; x_wconf 82' lang='lat' dir='ltr'>esto,</span> <span class='ocrx_word' id='word_1_84' title='bbox 663 1207 695 1265; x_wconf 90' lang='lat' dir='ltr'>Si</span> <span class='ocrx_word' id='word_1_85' title='bbox 712 1206 743 1264; x_wconf 93' lang='lat' dir='ltr'>id</span> <span class='ocrx_word' id='word_1_86' title='bbox 761 1207 892 1266; x_wconf 85' lang='lat' dir='ltr'>moritur</span> <span class='ocrx_word' id='word_1_87' title='bbox 912 1205 995 1286; x_wconf 91' lang='lat' dir='ltr'>quod</span> <span class='ocrx_word' id='word_1_88' title='bbox 1015 1203 1102 1263; x_wconf 79' lang='lat' dir='ltr'>sieri*</span> 
     </span>
     <span class='ocr_line' id='line_1_12' title="bbox 98 1300 1104 1383; baseline 0 -25"><span class='ocrx_word' id='word_1_89' title='bbox 98 1300 264 1380; x_wconf 91' lang='lat' dir='ltr'>oportebit,</span> <span class='ocrx_word' id='word_1_90' title='bbox 276 1302 458 1382; x_wconf 87' lang='lat' dir='ltr'>profanum*</span> <span class='ocrx_word' id='word_1_91' title='bbox 473 1310 549 1377; x_wconf 89' lang='lat' dir='ltr'>esto,</span> <span class='ocrx_word' id='word_1_92' title='bbox 565 1324 664 1383; x_wconf 88' lang='lat' dir='ltr'>neque</span> <span class='ocrx_word' id='word_1_93' title='bbox 674 1303 793 1362; x_wconf 83' lang='lat' dir='ltr'>scelus*</span> <span class='ocrx_word' id='word_1_94' title='bbox 808 1311 884 1363; x_wconf 85' lang='lat' dir='ltr'>estu.</span> <span class='ocrx_word' id='word_1_95' title='bbox 899 1303 929 1361; x_wconf 83' lang='lat' dir='ltr'>Si</span> <span class='ocrx_word' id='word_1_96' title='bbox 941 1302 1009 1383; x_wconf 89' lang='lat' dir='ltr'>quis</span> <span class='ocrx_word' id='word_1_97' title='bbox 1021 1321 1104 1359; x_wconf 92' lang='lat' dir='ltr'>rum·</span> 
     </span>
     <span class='ocr_line' id='line_1_13' title="bbox 97 1398 1103 1481; baseline 0 -25"><span class='ocrx_word' id='word_1_98' title='bbox 97 1404 150 1476; x_wconf 90' lang='lat' dir='ltr'>pet</span> <span class='ocrx_word' id='word_1_99' title='bbox 168 1398 327 1458; x_wconf 90' lang='lat' dir='ltr'>occidetve</span> <span class='ocrx_word' id='word_1_100' title='bbox 342 1399 504 1472; x_wconf 85' lang='lat' dir='ltr'>insciens*,</span> <span class='ocrx_word' id='word_1_101' title='bbox 524 1421 562 1459; x_wconf 90' lang='lat' dir='ltr'>ne</span> <span class='ocrx_word' id='word_1_102' title='bbox 579 1400 664 1459; x_wconf 89' lang='lat' dir='ltr'>lraus</span> <span class='ocrx_word' id='word_1_103' title='bbox 679 1407 756 1460; x_wconf 88' lang='lat' dir='ltr'>esto.</span> <span class='ocrx_word' id='word_1_104' title='bbox 776 1401 807 1459; x_wconf 90' lang='lat' dir='ltr'>Si</span> <span class='ocrx_word' id='word_1_105' title='bbox 826 1401 895 1481; x_wconf 84' lang='lat' dir='ltr'>q&#39;uis</span> <span class='ocrx_word' id='word_1_106' title='bbox 910 1399 1049 1479; x_wconf 90' lang='lat' dir='ltr'>clepsit*,</span> <span class='ocrx_word' id='word_1_107' title='bbox 1064 1419 1103 1456; x_wconf 89' lang='lat' dir='ltr'>ne</span> 
     </span>
     <span class='ocr_line' id='line_1_14' title="bbox 98 1494 1105 1577; baseline 0.002 -26"><span class='ocrx_word' id='word_1_108' title='bbox 98 1494 212 1572; x_wconf 91' lang='lat' dir='ltr'>populo</span> <span class='ocrx_word' id='word_1_109' title='bbox 230 1495 329 1555; x_wconf 89' lang='lat' dir='ltr'>scelus</span> <span class='ocrx_word' id='word_1_110' title='bbox 350 1503 416 1555; x_wconf 87' lang='lat' dir='ltr'>esto</span> <span class='ocrx_word' id='word_1_111' title='bbox 436 1516 514 1555; x_wconf 92' lang='lat' dir='ltr'>neve</span> <span class='ocrx_word' id='word_1_112' title='bbox 533 1497 583 1556; x_wconf 91' lang='lat' dir='ltr'>cui</span> <span class='ocrx_word' id='word_1_113' title='bbox 602 1497 738 1577; x_wconf 85' lang='lat' dir='ltr'>cleptum</span> <span class='ocrx_word' id='word_1_114' title='bbox 755 1499 823 1556; x_wconf 88' lang='lat' dir='ltr'>erit.</span> <span class='ocrx_word' id='word_1_115' title='bbox 839 1497 869 1555; x_wconf 90' lang='lat' dir='ltr'>Si</span> <span class='ocrx_word' id='word_1_116' title='bbox 885 1504 951 1555; x_wconf 89' lang='lat' dir='ltr'>atro</span> <span class='ocrx_word' id='word_1_117' title='bbox 964 1497 1014 1554; x_wconf 86' lang='lat' dir='ltr'>die</span> <span class='ocrx_word' id='word_1_118' title='bbox 1027 1495 1105 1554; x_wconf 86' lang='lat' dir='ltr'>laxit</span> 
     </span>
     <span class='ocr_line' id='line_1_15' title="bbox 98 1589 1103 1672; baseline 0.003 -25"><span class='ocrx_word' id='word_1_119' title='bbox 98 1589 240 1664; x_wconf 84' lang='lat' dir='ltr'>insciens,</span> <span class='ocrx_word' id='word_1_120' title='bbox 257 1592 353 1672; x_wconf 85' lang='lat' dir='ltr'>probe</span> <span class='ocrx_word' id='word_1_121' title='bbox 375 1593 490 1653; x_wconf 88' lang='lat' dir='ltr'>factum</span> <span class='ocrx_word' id='word_1_122' title='bbox 510 1600 585 1653; x_wconf 91' lang='lat' dir='ltr'>esto.</span> <span class='ocrx_word' id='word_1_123' title='bbox 607 1594 638 1653; x_wconf 91' lang='lat' dir='ltr'>Si</span> <span class='ocrx_word' id='word_1_124' title='bbox 661 1591 832 1654; x_wconf 64' lang='lat' dir='ltr'>nocte&#39;sive</span> <span class='ocrx_word' id='word_1_125' title='bbox 851 1595 929 1664; x_wconf 92' lang='lat' dir='ltr'>luce,</span> <span class='ocrx_word' id='word_1_126' title='bbox 952 1595 976 1652; x_wconf 90' lang='lat' dir='ltr'>si</span> <span class='ocrx_word' id='word_1_127' title='bbox 997 1611 1103 1652; x_wconf 91' lang='lat' dir='ltr'>servus</span> 
     </span>
     <span class='ocr_line' id='line_1_16' title="bbox 98 1679 1103 1769; baseline 0.003 -25"><span class='ocrx_word' id='word_1_128' title='bbox 98 1687 163 1746; x_wconf 89' lang='lat' dir='ltr'>sive</span> <span class='ocrx_word' id='word_1_129' title='bbox 177 1687 255 1747; x_wconf 91' lang='lat' dir='ltr'>liber</span> <span class='ocrx_word' id='word_1_130' title='bbox 270 1679 357 1762; x_wconf 83' lang='lat' dir='ltr'>faxit,</span> <span class='ocrx_word' id='word_1_131' title='bbox 374 1690 469 1769; x_wconf 84' lang='lat' dir='ltr'>probe</span> <span class='ocrx_word' id='word_1_132' title='bbox 486 1690 601 1750; x_wconf 86' lang='lat' dir='ltr'>lactum</span> <span class='ocrx_word' id='word_1_133' title='bbox 621 1697 698 1750; x_wconf 89' lang='lat' dir='ltr'>esto.</span> <span class='ocrx_word' id='word_1_134' title='bbox 715 1692 746 1752; x_wconf 89' lang='lat' dir='ltr'>Si</span> <span class='ocrx_word' id='word_1_135' title='bbox 769 1691 912 1750; x_wconf 85' lang='lat' dir='ltr'>antidea*</span> <span class='ocrx_word' id='word_1_136' title='bbox 926 1712 960 1750; x_wconf 85' lang='lat' dir='ltr'>ac</span> <span class='ocrx_word' id='word_1_137' title='bbox 980 1697 1103 1749; x_wconf 88' lang='lat' dir='ltr'>senatus</span> 
     </span>
     <span class='ocr_line' id='line_1_17' title="bbox 98 1783 1101 1870; baseline 0.002 -28"><span class='ocrx_word' id='word_1_138' title='bbox 98 1783 293 1865; x_wconf 90' lang='lat' dir='ltr'>populusque</span> <span class='ocrx_word' id='word_1_139' title='bbox 309 1787 438 1866; x_wconf 87' lang='lat' dir='ltr'>jusserit</span> <span class='ocrx_word' id='word_1_140' title='bbox 460 1787 537 1859; x_wconf 89' lang='lat' dir='ltr'>fieri,</span> <span class='ocrx_word' id='word_1_141' title='bbox 564 1787 710 1861; x_wconf 77' lang='lat' dir='ltr'>sarritur*,</span> <span class='ocrx_word' id='word_1_142' title='bbox 734 1792 791 1849; x_wconf 87' lang='lat' dir='ltr'>eo*</span> <span class='ocrx_word' id='word_1_143' title='bbox 816 1788 949 1870; x_wconf 91' lang='lat' dir='ltr'>populus</span> <span class='ocrx_word' id='word_1_144' title='bbox 970 1787 1101 1858; x_wconf 89' lang='lat' dir='ltr'>solutus,</span> 
     </span>
     <span class='ocr_line' id='line_1_18' title="bbox 100 1880 1103 1966; baseline 0.004 -28"><span class='ocrx_word' id='word_1_145' title='bbox 100 1880 177 1939; x_wconf 89' lang='lat' dir='ltr'>liber</span> <span class='ocrx_word' id='word_1_146' title='bbox 191 1891 268 1942; x_wconf 89' lang='lat' dir='ltr'>esto.</span> <span class='ocrx_word' id='word_1_147' title='bbox 288 1909 302 1939; x_wconf 89' lang='lat'>»</span> <span class='ocrx_word' id='word_1_148' title='bbox 321 1884 466 1964; x_wconf 84' lang='lat' dir='ltr'>Ejusdem</span> <span class='ocrx_word' id='word_1_149' title='bbox 482 1885 526 1944; x_wconf 91' lang='lat' dir='ltr'>rei</span> <span class='ocrx_word' id='word_1_150' title='bbox 539 1906 630 1945; x_wconf 91' lang='lat' dir='ltr'>causa</span> <span class='ocrx_word' id='word_1_151' title='bbox 645 1885 710 1945; x_wconf 94' lang='lat' dir='ltr'>ludi</span> <span class='ocrx_word' id='word_1_152' title='bbox 724 1887 827 1966; x_wconf 85' lang='lat' dir='ltr'>magni</span> <span class='ocrx_word' id='word_1_153' title='bbox 840 1887 926 1946; x_wconf 85' lang='lat' dir='ltr'>voti*</span> <span class='ocrx_word' id='word_1_154' title='bbox 938 1885 1028 1945; x_wconf 79' lang='lat' dir='ltr'>ueris*</span> <span class='ocrx_word' id='word_1_155' title='bbox 1042 1892 1103 1943; x_wconf 89' lang='lat' dir='ltr'>tre-</span> 
     </span>
     <span class='ocr_line' id='line_1_19' title="bbox 97 1979 1103 2062; baseline 0.005 -27"><span class='ocrx_word' id='word_1_156' title='bbox 97 1979 194 2037; x_wconf 87' lang='lat' dir='ltr'>centis</span> <span class='ocrx_word' id='word_1_157' title='bbox 227 1981 353 2059; x_wconf 83' lang='lat' dir='ltr'>triginta</span> <span class='ocrx_word' id='word_1_158' title='bbox 386 1981 486 2042; x_wconf 91' lang='lat' dir='ltr'>tribus</span> <span class='ocrx_word' id='word_1_159' title='bbox 517 1981 640 2042; x_wconf 91' lang='lat' dir='ltr'>milibus</span> <span class='ocrx_word' id='word_1_160' title='bbox 673 1985 819 2043; x_wconf 73' lang='lat' dir='ltr'>trecentis</span> <span class='ocrx_word' id='word_1_161' title='bbox 846 1984 972 2062; x_wconf 81' lang='lat' dir='ltr'>triginta</span> <span class='ocrx_word' id='word_1_162' title='bbox 1004 1979 1103 2041; x_wconf 90' lang='lat' dir='ltr'>tribus</span> 
     </span>
     <span class='ocr_line' id='line_1_20' title="bbox 97 2073 1103 2157; baseline 0.006 -25"><span class='ocrx_word' id='word_1_163' title='bbox 97 2073 219 2150; x_wconf 84' lang='lat' dir='ltr'>triente,</span> <span class='ocrx_word' id='word_1_164' title='bbox 245 2079 521 2157; x_wconf 82' lang='lat' dir='ltr'>praetereabubus</span> <span class='ocrx_word' id='word_1_165' title='bbox 537 2080 610 2139; x_wconf 80' lang='lat' dir='ltr'>iovi</span> <span class='ocrx_word' id='word_1_166' title='bbox 635 2081 793 2153; x_wconf 85' lang='lat' dir='ltr'>trecentis,</span> <span class='ocrx_word' id='word_1_167' title='bbox 812 2081 917 2139; x_wconf 82' lang='lat' dir='ltr'>multis</span> <span class='ocrx_word' id='word_1_168' title='bbox 935 2080 1001 2138; x_wconf 88' lang='lat' dir='ltr'>aliis</span> <span class='ocrx_word' id='word_1_169' title='bbox 1023 2078 1103 2138; x_wconf 86' lang='lat' dir='ltr'>divis</span> 
     </span>
     <span class='ocr_line' id='line_1_21' title="bbox 97 2170 1100 2256; baseline 0.005 -27"><span class='ocrx_word' id='word_1_170' title='bbox 97 2170 197 2232; x_wconf 89' lang='lat' dir='ltr'>bubus</span> <span class='ocrx_word' id='word_1_171' title='bbox 217 2173 294 2233; x_wconf 92' lang='lat' dir='ltr'>albis</span> <span class='ocrx_word' id='word_1_172' title='bbox 316 2181 409 2256; x_wconf 84' lang='lat' dir='ltr'>atque</span> <span class='ocrx_word' id='word_1_173' title='bbox 429 2176 538 2235; x_wconf 87' lang='lat' dir='ltr'>ceteris</span> <span class='ocrx_word' id='word_1_174' title='bbox 561 2176 680 2236; x_wconf 90' lang='lat' dir='ltr'>hostiis.</span> <span class='ocrx_word' id='word_1_175' title='bbox 708 2176 796 2236; x_wconf 91' lang='lat' dir='ltr'>Votis</span> <span class='ocrx_word' id='word_1_176' title='bbox 821 2178 878 2236; x_wconf 87' lang='lat' dir='ltr'>rite</span> <span class='ocrx_word' id='word_1_177' title='bbox 904 2175 1100 2254; x_wconf 88' lang='lat' dir='ltr'>nuncupatis,</span> 
     </span>
     <span class='ocr_line' id='line_1_22' title="bbox 97 2268 1104 2352; baseline 0.003 -24"><span class='ocrx_word' id='word_1_178' title='bbox 97 2268 282 2349; x_wconf 90' lang='lat' dir='ltr'>supplicatio</span> <span class='ocrx_word' id='word_1_179' title='bbox 297 2271 412 2346; x_wconf 82' lang='lat' dir='ltr'>edicta3</span> <span class='ocrx_word' id='word_1_180' title='bbox 432 2272 701 2352; x_wconf 87' lang='lat' dir='ltr'>supplicatumque</span> <span class='ocrx_word' id='word_1_181' title='bbox 712 2273 774 2332; x_wconf 89' lang='lat' dir='ltr'>iere</span> <span class='ocrx_word' id='word_1_182' title='bbox 784 2293 854 2332; x_wconf 92' lang='lat' dir='ltr'>cum</span> <span class='ocrx_word' id='word_1_183' title='bbox 868 2273 1053 2352; x_wconf 83' lang='lat' dir='ltr'>conjugibus</span> <span class='ocrx_word' id='word_1_184' title='bbox 1068 2292 1104 2331; x_wconf 84' lang='lat' dir='ltr'>ac</span> 
     </span>
     <span class='ocr_line' id='line_1_23' title="bbox 96 2364 1103 2447; baseline 0.004 -25"><span class='ocrx_word' id='word_1_185' title='bbox 96 2364 201 2426; x_wconf 89' lang='lat' dir='ltr'>liberis</span> <span class='ocrx_word' id='word_1_186' title='bbox 215 2389 277 2427; x_wconf 92' lang='lat' dir='ltr'>non</span> <span class='ocrx_word' id='word_1_187' title='bbox 290 2369 406 2429; x_wconf 82' lang='lat' dir='ltr'>urbana</span> <span class='ocrx_word' id='word_1_188' title='bbox 422 2369 589 2429; x_wconf 87' lang='lat' dir='ltr'>multitudo</span> <span class='ocrx_word' id='word_1_189' title='bbox 608 2377 740 2442; x_wconf 88' lang='lat' dir='ltr'>tantum,</span> <span class='ocrx_word' id='word_1_190' title='bbox 754 2370 806 2428; x_wconf 91' lang='lat' dir='ltr'>sed</span> <span class='ocrx_word' id='word_1_191' title='bbox 825 2369 990 2447; x_wconf 82' lang='lat' dir='ltr'>agrestium</span> <span class='ocrx_word' id='word_1_192' title='bbox 1011 2368 1103 2427; x_wconf 84' lang='lat' dir='ltr'>etiam</span> 
     </span>
     <span class='ocr_line' id='line_1_24' title="bbox 96 2464 1105 2547; baseline 0.006 -28"><span class='ocrx_word' id='word_1_193' title='bbox 96 2481 175 2541; x_wconf 90' lang='lat' dir='ltr'>quos</span> <span class='ocrx_word' id='word_1_194' title='bbox 198 2464 229 2522; x_wconf 95' lang='lat' dir='ltr'>in</span> <span class='ocrx_word' id='word_1_195' title='bbox 252 2464 353 2545; x_wconf 87' lang='lat' dir='ltr'>aliqua</span> <span class='ocrx_word' id='word_1_196' title='bbox 380 2487 434 2526; x_wconf 89' lang='lat' dir='ltr'>sua</span> <span class='ocrx_word' id='word_1_197' title='bbox 463 2466 587 2525; x_wconf 85' lang='lat' dir='ltr'>fortuna</span> <span class='ocrx_word' id='word_1_198' title='bbox 607 2466 729 2547; x_wconf 90' lang='lat' dir='ltr'>publica</span> <span class='ocrx_word' id='word_1_199' title='bbox 755 2487 878 2547; x_wconf 89' lang='lat' dir='ltr'>quoque</span> <span class='ocrx_word' id='word_1_200' title='bbox 905 2465 1105 2542; x_wconf 80' lang='lat' dir='ltr'>contingebat</span> 
     </span>
     <span class='ocr_line' id='line_1_25' title="bbox 96 2560 1104 2642; baseline 0 -22"><span class='ocrx_word' id='word_1_201' title='bbox 96 2579 183 2622; x_wconf 74' lang='lat' dir='ltr'>cura.</span> <span class='ocrx_word' id='word_1_202' title='bbox 198 2560 276 2620; x_wconf 89' lang='lat' dir='ltr'>Tum</span> <span class='ocrx_word' id='word_1_203' title='bbox 292 2563 537 2623; x_wconf 84' lang='lat' dir='ltr'>lectisternium*</span> <span class='ocrx_word' id='word_1_204' title='bbox 550 2583 606 2642; x_wconf 92' lang='lat' dir='ltr'>per</span> <span class='ocrx_word' id='word_1_205' title='bbox 621 2564 758 2622; x_wconf 91' lang='lat' dir='ltr'>triduum</span> <span class='ocrx_word' id='word_1_206' title='bbox 779 2563 931 2634; x_wconf 84' lang='lat' dir='ltr'>habitum,</span> <span class='ocrx_word' id='word_1_207' title='bbox 951 2563 1104 2621; x_wconf 89' lang='lat' dir='ltr'>decemvi-</span> 
     </span>
     <span class='ocr_line' id='line_1_26' title="bbox 97 2657 538 2720; baseline 0.009 -4"><span class='ocrx_word' id='word_1_208' title='bbox 97 2657 160 2717; x_wconf 81' lang='lat' dir='ltr'>ris*</span> <span class='ocrx_word' id='word_1_209' title='bbox 174 2678 330 2719; x_wconf 89' lang='lat' dir='ltr'>sacrorum</span> <span class='ocrx_word' id='word_1_210' title='bbox 347 2659 538 2720; x_wconf 88' lang='lat' dir='ltr'>curantibus.</span> 
     </span>
    </p>
   </div>
   <div class='ocr_carea' id='block_1_3' title="bbox 96 2789 1105 3418">
    <p class='ocr_par' dir='ltr' id='par_1_3' title="bbox 96 2789 1105 3418">
     <span class='ocr_line' id='line_1_27' title="bbox 126 2789 1105 2842; baseline 0 -3"><span class='ocrx_word' id='word_1_211' title='bbox 126 2790 168 2839; x_wconf 84' lang='lat' dir='ltr'>N⁰</span> <span class='ocrx_word' id='word_1_212' title='bbox 180 2789 248 2840; x_wconf 80' lang='lat'>424</span> <span class='ocrx_word' id='word_1_213' title='bbox 259 2803 266 2839; x_wconf 74' lang='grc' dir='ltr'><em>τ</em></span> <span class='ocrx_word' id='word_1_214' title='bbox 278 2791 365 2840; x_wconf 84' lang='lat' dir='ltr'>Vere</span> <span class='ocrx_word' id='word_1_215' title='bbox 382 2804 488 2842; x_wconf 79' lang='lat' dir='ltr'>sacro.</span> <span class='ocrx_word' id='word_1_216' title='bbox 507 2792 542 2839; x_wconf 87' lang='lat' dir='ltr'>Le</span> <span class='ocrx_word' id='word_1_217' title='bbox 564 2791 615 2840; x_wconf 87' lang='lat' dir='ltr'>Ver</span> <span class='ocrx_word' id='word_1_218' title='bbox 632 2807 739 2840; x_wconf 81' lang='lat' dir='ltr'>sacrum</span> <span class='ocrx_word' id='word_1_219' title='bbox 752 2792 817 2840; x_wconf 77' lang='lat' dir='ltr'>etait</span> <span class='ocrx_word' id='word_1_220' title='bbox 831 2807 883 2839; x_wconf 90' lang='lat' dir='ltr'>une</span> <span class='ocrx_word' id='word_1_221' title='bbox 900 2791 1028 2840; x_wconf 86' lang='lat' dir='ltr'>ancienne</span> <span class='ocrx_word' id='word_1_222' title='bbox 1039 2805 1105 2839; x_wconf 87' lang='lat' dir='ltr'>eou-</span> 
     </span>
     <span class='ocr_line' id='line_1_28' title="bbox 97 2852 1104 2917; baseline 0.004 -19"><span class='ocrx_word' id='word_1_223' title='bbox 97 2855 170 2900; x_wconf 91' lang='lat' dir='ltr'>tume</span> <span class='ocrx_word' id='word_1_224' title='bbox 187 2852 313 2900; x_wconf 87' lang='lat' dir='ltr'>italienne</span> <span class='ocrx_word' id='word_1_225' title='bbox 345 2853 371 2901; x_wconf 93' lang='lat' dir='ltr'>ui</span> <span class='ocrx_word' id='word_1_226' title='bbox 389 2854 539 2913; x_wconf 83' lang='lat' dir='ltr'>consistait,</span> <span class='ocrx_word' id='word_1_227' title='bbox 552 2868 585 2901; x_wconf 89' lang='lat' dir='ltr'>en</span> <span class='ocrx_word' id='word_1_228' title='bbox 602 2858 690 2917; x_wconf 91' lang='lat' dir='ltr'>temps</span> <span class='ocrx_word' id='word_1_229' title='bbox 702 2855 736 2902; x_wconf 89' lang='lat' dir='ltr'>de</span> <span class='ocrx_word' id='word_1_230' title='bbox 748 2869 842 2917; x_wconf 87' lang='lat' dir='ltr'>guerre</span> <span class='ocrx_word' id='word_1_231' title='bbox 853 2869 888 2902; x_wconf 92' lang='lat' dir='ltr'>ou</span> <span class='ocrx_word' id='word_1_232' title='bbox 898 2855 931 2901; x_wconf 91' lang='lat' dir='ltr'>de</span> <span class='ocrx_word' id='word_1_233' title='bbox 943 2853 1075 2913; x_wconf 80' lang='lat' dir='ltr'>calamite,</span> <span class='ocrx_word' id='word_1_234' title='bbox 1089 2854 1104 2902; x_wconf 77' lang='lat' dir='ltr'>tl</span> 
     </span>
     <span class='ocr_line' id='line_1_29' title="bbox 96 2868 1104 2978; baseline 0.003 -19"><span class='ocrx_word' id='word_1_235' title='bbox 96 2928 239 2962; x_wconf 80' lang='lat' dir='ltr'>consecrer</span> <span class='ocrx_word' id='word_1_236' title='bbox 254 2928 306 2962; x_wconf 80' lang='lat' dir='ltr'>aux</span> <span class='ocrx_word' id='word_1_237' title='bbox 325 2868 404 2962; x_wconf 68' lang='lat' dir='ltr'>iieux</span> <span class='ocrx_word' id='word_1_238' title='bbox 424 2915 541 2978; x_wconf 87' lang='lat' dir='ltr'>(surtout</span> <span class='ocrx_word' id='word_1_239' title='bbox 555 2915 570 2963; x_wconf 76' lang='lat' dir='ltr'>i</span> <span class='ocrx_word' id='word_1_240' title='bbox 586 2915 659 2963; x_wconf 88' lang='lat' dir='ltr'>Mars</span> <span class='ocrx_word' id='word_1_241' title='bbox 672 2930 713 2965; x_wconf 66' lang='lat' dir='ltr'>,ou</span> <span class='ocrx_word' id='word_1_242' title='bbox 732 2916 747 2963; x_wconf 75' lang='lat' dir='ltr'>i</span> <span class='ocrx_word' id='word_1_243' title='bbox 765 2914 881 2978; x_wconf 84' lang='lat' dir='ltr'>Jupiter)</span> <span class='ocrx_word' id='word_1_244' title='bbox 898 2917 959 2962; x_wconf 91' lang='lat' dir='ltr'>tous</span> <span class='ocrx_word' id='word_1_245' title='bbox 977 2916 1015 2962; x_wconf 90' lang='lat' dir='ltr'>les</span> <span class='ocrx_word' id='word_1_246' title='bbox 1032 2916 1104 2963; x_wconf 75' lang='lat' dir='ltr'>etres</span> 
     </span>
     <span class='ocr_line' id='line_1_30' title="bbox 96 2975 1104 3040; baseline 0.005 -21"><span class='ocrx_word' id='word_1_247' title='bbox 96 2976 204 3024; x_wconf 83' lang='lat' dir='ltr'>vivants</span> <span class='ocrx_word' id='word_1_248' title='bbox 214 2975 260 3038; x_wconf 90' lang='lat' dir='ltr'>qui</span> <span class='ocrx_word' id='word_1_249' title='bbox 270 2977 414 3025; x_wconf 85' lang='lat' dir='ltr'>naitraient</span> <span class='ocrx_word' id='word_1_250' title='bbox 421 2978 541 3038; x_wconf 87' lang='lat' dir='ltr'>pendant</span> <span class='ocrx_word' id='word_1_251' title='bbox 551 2978 589 3024; x_wconf 86' lang='lat' dir='ltr'>les</span> <span class='ocrx_word' id='word_1_252' title='bbox 597 2977 665 3025; x_wconf 92' lang='lat' dir='ltr'>mois</span> <span class='ocrx_word' id='word_1_253' title='bbox 673 2979 706 3024; x_wconf 92' lang='lat' dir='ltr'>de</span> <span class='ocrx_word' id='word_1_254' title='bbox 714 2992 785 3026; x_wconf 84' lang='lat' dir='ltr'>mars</span> <span class='ocrx_word' id='word_1_255' title='bbox 796 2981 823 3026; x_wconf 93' lang='lat' dir='ltr'>et</span> <span class='ocrx_word' id='word_1_256' title='bbox 833 2977 899 3025; x_wconf 89' lang='lat' dir='ltr'>avril</span> <span class='ocrx_word' id='word_1_257' title='bbox 907 2977 943 3025; x_wconf 93' lang='lat' dir='ltr'>du</span> <span class='ocrx_word' id='word_1_258' title='bbox 955 2978 1104 3040; x_wconf 90' lang='lat' dir='ltr'>printemps</span> 
     </span>
     <span class='ocr_line' id='line_1_31' title="bbox 97 3037 1102 3102; baseline 0.004 -20"><span class='ocrx_word' id='word_1_259' title='bbox 97 3037 213 3085; x_wconf 77' lang='lat' dir='ltr'>suivant.</span> <span class='ocrx_word' id='word_1_260' title='bbox 231 3064 262 3073; x_wconf 97' lang='lat'>-</span> <span class='ocrx_word' id='word_1_261' title='bbox 281 3037 408 3097; x_wconf 82' lang='lat' dir='ltr'>Velitis,</span> <span class='ocrx_word' id='word_1_262' title='bbox 423 3038 572 3100; x_wconf 86' lang='lat' dir='ltr'>subjonctif</span> <span class='ocrx_word' id='word_1_263' title='bbox 585 3039 691 3100; x_wconf 80' lang='lat' dir='ltr'>depend</span> <span class='ocrx_word' id='word_1_264' title='bbox 704 3040 737 3087; x_wconf 88' lang='lat' dir='ltr'>de</span> <span class='ocrx_word' id='word_1_265' title='bbox 750 3053 816 3102; x_wconf 71' lang='lat' dir='ltr'>rope</span> <span class='ocrx_word' id='word_1_266' title='bbox 828 3053 882 3096; x_wconf 82' lang='lat' dir='ltr'>vos,</span> <span class='ocrx_word' id='word_1_267' title='bbox 897 3040 1102 3086; x_wconf 86' lang='lat' dir='ltr'>sous-entendu.</span> 
     </span>
     <span class='ocr_line' id='line_1_32' title="bbox 97 3098 1103 3162; baseline 0.003 -16"><span class='ocrx_word' id='word_1_268' title='bbox 97 3126 126 3133; x_wconf 96' lang='lat'>—</span> <span class='ocrx_word' id='word_1_269' title='bbox 140 3098 267 3149; x_wconf 86' lang='lat' dir='ltr'>Duellis</span> <span class='ocrx_word' id='word_1_270' title='bbox 277 3118 308 3144; x_wconf 95' lang='lat'><strong><em>=</em></strong></span> <span class='ocrx_word' id='word_1_271' title='bbox 318 3099 396 3149; x_wconf 88' lang='lat' dir='ltr'>bellis</span> <span class='ocrx_word' id='word_1_272' title='bbox 410 3116 415 3149; x_wconf 93' lang='lat'>:</span> <span class='ocrx_word' id='word_1_273' title='bbox 429 3101 447 3147; x_wconf 92' lang='lat' dir='ltr'>il</span> <span class='ocrx_word' id='word_1_274' title='bbox 463 3100 538 3162; x_wconf 84' lang='lat' dir='ltr'>s&#39;ugit</span> <span class='ocrx_word' id='word_1_275' title='bbox 555 3101 588 3148; x_wconf 92' lang='lat' dir='ltr'>de</span> <span class='ocrx_word' id='word_1_276' title='bbox 605 3102 630 3148; x_wconf 85' lang='lat' dir='ltr'>lu</span> <span class='ocrx_word' id='word_1_277' title='bbox 649 3115 743 3162; x_wconf 85' lang='lat' dir='ltr'>guerre</span> <span class='ocrx_word' id='word_1_278' title='bbox 757 3116 821 3149; x_wconf 83' lang='lat' dir='ltr'>avec</span> <span class='ocrx_word' id='word_1_279' title='bbox 830 3101 969 3162; x_wconf 86' lang='lat' dir='ltr'>Carthage.</span> <span class='ocrx_word' id='word_1_280' title='bbox 981 3127 1011 3136; x_wconf 88' lang='lat'>-</span> <span class='ocrx_word' id='word_1_281' title='bbox 1022 3099 1103 3150; x_wconf 83' lang='lat' dir='ltr'>nuit</span> 
     </span>
     <span class='ocr_line' id='line_1_33' title="bbox 97 3160 1104 3223; baseline 0.002 -15"><span class='ocrx_word' id='word_1_282' title='bbox 97 3180 127 3202; x_wconf 90' lang='lat'>=</span> <span class='ocrx_word' id='word_1_283' title='bbox 138 3160 191 3220; x_wconf 86' lang='lat' dir='ltr'>det,</span> <span class='ocrx_word' id='word_1_284' title='bbox 204 3161 355 3223; x_wconf 84' lang='lat' dir='ltr'>archaique.</span> <span class='ocrx_word' id='word_1_285' title='bbox 370 3189 400 3198; x_wconf 91' lang='lat'>-</span> <span class='ocrx_word' id='word_1_286' title='bbox 410 3162 565 3223; x_wconf 79' lang='lat' dir='ltr'>Profana,</span> <span class='ocrx_word' id='word_1_287' title='bbox 579 3176 647 3210; x_wconf 81' lang='lat' dir='ltr'>ceux</span> <span class='ocrx_word' id='word_1_288' title='bbox 661 3163 693 3210; x_wconf 93' lang='lat' dir='ltr'>de</span> <span class='ocrx_word' id='word_1_289' title='bbox 712 3177 756 3210; x_wconf 88' lang='lat' dir='ltr'>ces</span> <span class='ocrx_word' id='word_1_290' title='bbox 773 3163 898 3210; x_wconf 84' lang='lat' dir='ltr'>enimaux</span> <span class='ocrx_word' id='word_1_291' title='bbox 916 3163 960 3223; x_wconf 91' lang='lat' dir='ltr'>qui</span> <span class='ocrx_word' id='word_1_292' title='bbox 981 3163 1104 3210; x_wconf 84' lang='lat' dir='ltr'>n’auront</span> 
     </span>
     <span class='ocr_line' id='line_1_34' title="bbox 102 3222 1103 3283; baseline 0.006 -14"><span class='ocrx_word' id='word_1_293' title='bbox 102 3237 150 3283; x_wconf 86' lang='lat' dir='ltr'>pas</span> <span class='ocrx_word' id='word_1_294' title='bbox 169 3222 210 3270; x_wconf 77' lang='lat' dir='ltr'>ete</span> <span class='ocrx_word' id='word_1_295' title='bbox 228 3223 369 3271; x_wconf 73' lang='lat' dir='ltr'>consecres</span> <span class='ocrx_word' id='word_1_296' title='bbox 382 3224 397 3272; x_wconf 75' lang='lat' dir='ltr'>b</span> <span class='ocrx_word' id='word_1_297' title='bbox 409 3239 444 3270; x_wconf 95' lang='lat' dir='ltr'>un</span> <span class='ocrx_word' id='word_1_298' title='bbox 460 3226 535 3270; x_wconf 83' lang='lat' dir='ltr'>autre</span> <span class='ocrx_word' id='word_1_299' title='bbox 552 3223 622 3272; x_wconf 87' lang='lat' dir='ltr'>dieu.</span> <span class='ocrx_word' id='word_1_300' title='bbox 634 3251 664 3259; x_wconf 96' lang='lat'><em>-</em></span> <span class='ocrx_word' id='word_1_301' title='bbox 676 3224 723 3274; x_wconf 89' lang='lat' dir='ltr'>Le</span> <span class='ocrx_word' id='word_1_302' title='bbox 748 3238 765 3273; x_wconf 86' lang='lat' dir='ltr'>e</span> <span class='ocrx_word' id='word_1_303' title='bbox 776 3244 807 3267; x_wconf 94' lang='lat'><strong><em>=</em></strong></span> <span class='ocrx_word' id='word_1_304' title='bbox 822 3224 886 3271; x_wconf 77' lang='lat' dir='ltr'>ritu.</span> <span class='ocrx_word' id='word_1_305' title='bbox 906 3251 936 3258; x_wconf 89' lang='lat'>—</span> <span class='ocrx_word' id='word_1_306' title='bbox 958 3223 1059 3273; x_wconf 79' lang='lat' dir='ltr'>Faxit</span> <span class='ocrx_word' id='word_1_307' title='bbox 1073 3242 1103 3266; x_wconf 93' lang='lat'><strong><em>=</em></strong></span> 
     </span>
     <span class='ocr_line' id='line_1_35' title="bbox 97 3237 1103 3347; baseline 0.004 -17"><span class='ocrx_word' id='word_1_308' title='bbox 97 3284 200 3344; x_wconf 68' lang='lat' dir='ltr'>fecerit.</span> <span class='ocrx_word' id='word_1_309' title='bbox 214 3312 243 3320; x_wconf 94' lang='lat'><em>-</em></span> <span class='ocrx_word' id='word_1_310' title='bbox 257 3284 354 3336; x_wconf 81' lang='lat' dir='ltr'>Fieri.</span> <span class='ocrx_word' id='word_1_311' title='bbox 364 3285 469 3344; x_wconf 87' lang='lat' dir='ltr'>Facere,</span> <span class='ocrx_word' id='word_1_312' title='bbox 480 3285 547 3333; x_wconf 84' lang='lat' dir='ltr'>dens</span> <span class='ocrx_word' id='word_1_313' title='bbox 559 3285 584 3333; x_wconf 86' lang='lat' dir='ltr'>la</span> <span class='ocrx_word' id='word_1_314' title='bbox 594 3285 689 3347; x_wconf 82' lang='lat' dir='ltr'>langue</span> <span class='ocrx_word' id='word_1_315' title='bbox 702 3237 850 3346; x_wconf 66' lang='lat' dir='ltr'>reiigieuse,</span> <span class='ocrx_word' id='word_1_316' title='bbox 860 3285 961 3346; x_wconf 81' lang='lat' dir='ltr'>signifie</span> <span class='ocrx_word' id='word_1_317' title='bbox 975 3284 1103 3335; x_wconf 86' lang='lat' dir='ltr'>sacriticr.</span> 
     </span>
     <span class='ocr_line' id='line_1_36' title="bbox 98 3346 1102 3418; baseline 0.002 -25"><span class='ocrx_word' id='word_1_318' title='bbox 98 3346 138 3393; x_wconf 81' lang='lat' dir='ltr'>ef.</span> <span class='ocrx_word' id='word_1_319' title='bbox 153 3361 184 3394; x_wconf 91' lang='lat' dir='ltr'>en</span> <span class='ocrx_word' id='word_1_320' title='bbox 198 3362 259 3408; x_wconf 85' lang='lat' dir='ltr'>grec</span> <span class='ocrx_word' id='word_1_321' title='bbox 273 3349 337 3418; x_wconf 80' lang='grc' dir='ltr'>ἔρδω</span> <span class='ocrx_word' id='word_1_322' title='bbox 350 3349 378 3395; x_wconf 88' lang='lat' dir='ltr'>et</span> <span class='ocrx_word' id='word_1_323' title='bbox 391 3348 461 3418; x_wconf 73' lang='grc' dir='ltr'><strong>ῥέζω.</strong></span> <span class='ocrx_word' id='word_1_324' title='bbox 477 3346 555 3394; x_wconf 92' lang='lat' dir='ltr'>Donc</span> <span class='ocrx_word' id='word_1_325' title='bbox 566 3346 729 3409; x_wconf 78' lang='lat' dir='ltr'>fieri=etre</span> <span class='ocrx_word' id='word_1_326' title='bbox 741 3347 852 3396; x_wconf 76' lang='lat' dir='ltr'>secrifie.</span> <span class='ocrx_word' id='word_1_327' title='bbox 865 3374 893 3381; x_wconf 94' lang='lat'><em>-</em></span> <span class='ocrx_word' id='word_1_328' title='bbox 914 3347 1102 3413; x_wconf 72' lang='lat' dir='ltr'>Profanum,</span> 
     </span>
    </p>
   </div>
   <div class='ocr_carea' id='block_1_4' title="bbox 97 3415 1103 3920">
    <p class='ocr_par' dir='ltr' id='par_1_4' title="bbox 97 3415 1103 3920">
     <span class='ocr_line' id='line_1_37' title="bbox 97 3415 1103 3478; baseline 0.002 -16"><span class='ocrx_word' id='word_1_329' title='bbox 97 3432 130 3462; x_wconf 94' lang='lat' dir='ltr'>en</span> <span class='ocrx_word' id='word_1_330' title='bbox 151 3417 247 3465; x_wconf 84' lang='lat' dir='ltr'>dehere</span> <span class='ocrx_word' id='word_1_331' title='bbox 258 3419 294 3466; x_wconf 94' lang='lat' dir='ltr'>du</span> <span class='ocrx_word' id='word_1_332' title='bbox 311 3432 382 3464; x_wconf 86' lang='lat' dir='ltr'>voeu.</span> <span class='ocrx_word' id='word_1_333' title='bbox 396 3444 426 3452; x_wconf 96' lang='lat'>—</span> <span class='ocrx_word' id='word_1_334' title='bbox 444 3417 558 3467; x_wconf 83' lang='lat' dir='ltr'>Scelus</span> <span class='ocrx_word' id='word_1_335' title='bbox 571 3418 651 3474; x_wconf 78' lang='lat' dir='ltr'>esto,</span> <span class='ocrx_word' id='word_1_336' title='bbox 671 3432 691 3464; x_wconf 81' lang='lat' dir='ltr'>e.</span> <span class='ocrx_word' id='word_1_337' title='bbox 706 3418 822 3465; x_wconf 88' lang='lat' dir='ltr'>entendu</span> <span class='ocrx_word' id='word_1_338' title='bbox 838 3417 889 3466; x_wconf 89' lang='lat' dir='ltr'>:de</span> <span class='ocrx_word' id='word_1_339' title='bbox 905 3431 937 3462; x_wconf 89' lang='lat' dir='ltr'>ne</span> <span class='ocrx_word' id='word_1_340' title='bbox 950 3415 1043 3464; x_wconf 87' lang='lat' dir='ltr'>l&#39;avoir</span> <span class='ocrx_word' id='word_1_341' title='bbox 1055 3431 1103 3478; x_wconf 88' lang='lat' dir='ltr'>pas</span> 
     </span>
     <span class='ocr_line' id='line_1_38' title="bbox 97 3477 1102 3541; baseline 0.002 -18"><span class='ocrx_word' id='word_1_342' title='bbox 97 3478 214 3526; x_wconf 77' lang='lat' dir='ltr'>immole.</span> <span class='ocrx_word' id='word_1_343' title='bbox 223 3506 253 3514; x_wconf 93' lang='lat'>-</span> <span class='ocrx_word' id='word_1_344' title='bbox 265 3479 412 3529; x_wconf 80' lang='lat' dir='ltr'>Insciens</span> <span class='ocrx_word' id='word_1_345' title='bbox 421 3478 495 3541; x_wconf 80' lang='lat' dir='ltr'>(qu&#39;ii</span> <span class='ocrx_word' id='word_1_346' title='bbox 505 3481 546 3526; x_wconf 87' lang='lat' dir='ltr'>est</span> <span class='ocrx_word' id='word_1_347' title='bbox 558 3478 702 3540; x_wconf 75' lang='lat' dir='ltr'>consuere).</span> <span class='ocrx_word' id='word_1_348' title='bbox 713 3479 805 3528; x_wconf 78' lang='lat' dir='ltr'>-me</span> <span class='ocrx_word' id='word_1_349' title='bbox 829 3478 882 3536; x_wconf 85' lang='lat' dir='ltr'>sit,</span> <span class='ocrx_word' id='word_1_350' title='bbox 892 3477 1102 3540; x_wconf 86' lang='lat' dir='ltr'>pourclepserit,</span> 
     </span>
     <span class='ocr_line' id='line_1_39' title="bbox 98 3540 1103 3611; baseline 0.003 -26"><span class='ocrx_word' id='word_1_351' title='bbox 98 3541 133 3586; x_wconf 86' lang='lat' dir='ltr'>du</span> <span class='ocrx_word' id='word_1_352' title='bbox 152 3540 230 3586; x_wconf 76' lang='lat' dir='ltr'>rieux</span> <span class='ocrx_word' id='word_1_353' title='bbox 248 3542 329 3589; x_wconf 91' lang='lat' dir='ltr'>verbe</span> <span class='ocrx_word' id='word_1_354' title='bbox 351 3540 434 3602; x_wconf 81' lang='lat' dir='ltr'>clepo,</span> <span class='ocrx_word' id='word_1_355' title='bbox 457 3541 677 3611; x_wconf 65' lang='lat' dir='ltr'>volupttem).</span> <span class='ocrx_word' id='word_1_356' title='bbox 698 3567 728 3576; x_wconf 87' lang='grc'>-</span> <span class='ocrx_word' id='word_1_357' title='bbox 749 3540 799 3589; x_wconf 86' lang='lat' dir='ltr'>An</span> <span class='ocrx_word' id='word_1_358' title='bbox 817 3540 892 3590; x_wconf 79' lang='lat' dir='ltr'>idea</span> <span class='ocrx_word' id='word_1_359' title='bbox 916 3553 955 3590; x_wconf 79' lang='lat' dir='ltr'>ae</span> <span class='ocrx_word' id='word_1_360' title='bbox 975 3560 1006 3582; x_wconf 95' lang='lat'><strong><em>=</em></strong></span> <span class='ocrx_word' id='word_1_361' title='bbox 1025 3541 1103 3588; x_wconf 80' lang='lat' dir='ltr'>antea</span> 
     </span>
     <span class='ocr_line' id='line_1_40' title="bbox 97 3607 1103 3674; baseline 0.003 -19"><span class='ocrx_word' id='word_1_362' title='bbox 97 3624 189 3672; x_wconf 75' lang='lat' dir='ltr'>qnam.</span> <span class='ocrx_word' id='word_1_363' title='bbox 202 3637 232 3645; x_wconf 87' lang='lat'>-</span> <span class='ocrx_word' id='word_1_364' title='bbox 248 3609 392 3661; x_wconf 78' lang='lat' dir='ltr'>Faxitur</span> <span class='ocrx_word' id='word_1_365' title='bbox 403 3630 434 3652; x_wconf 94' lang='lat'><strong><em>=</em></strong></span> <span class='ocrx_word' id='word_1_366' title='bbox 448 3609 550 3671; x_wconf 76' lang='lat' dir='ltr'>sactum</span> <span class='ocrx_word' id='word_1_367' title='bbox 565 3610 626 3658; x_wconf 85' lang='lat' dir='ltr'>erit.</span> <span class='ocrx_word' id='word_1_368' title='bbox 648 3638 677 3645; x_wconf 98' lang='lat'><em>-</em></span> <span class='ocrx_word' id='word_1_369' title='bbox 691 3611 736 3660; x_wconf 81' lang='lat' dir='ltr'>Eo</span> <span class='ocrx_word' id='word_1_370' title='bbox 756 3611 923 3658; x_wconf 71' lang='lat' dir='ltr'>c&#39;est-e-dire</span> <span class='ocrx_word' id='word_1_371' title='bbox 937 3607 1056 3674; x_wconf 83' lang='lat' dir='ltr'>piaculo.</span> <span class='ocrx_word' id='word_1_372' title='bbox 1073 3637 1103 3646; x_wconf 94' lang='lat'>-</span> 
     </span>
     <span class='ocr_line' id='line_1_41' title="bbox 97 3670 1100 3733; baseline 0 -14"><span class='ocrx_word' id='word_1_373' title='bbox 97 3670 184 3729; x_wconf 83' lang='lat' dir='ltr'>Voti,</span> <span class='ocrx_word' id='word_1_374' title='bbox 209 3673 347 3733; x_wconf 86' lang='lat' dir='ltr'>participe.</span> <span class='ocrx_word' id='word_1_375' title='bbox 370 3699 401 3707; x_wconf 90' lang='lat'>-</span> <span class='ocrx_word' id='word_1_376' title='bbox 420 3672 546 3721; x_wconf 69' lang='lat' dir='ltr'>Eris...</span> <span class='ocrx_word' id='word_1_377' title='bbox 570 3672 691 3722; x_wconf 82' lang='lat' dir='ltr'>triente</span> <span class='ocrx_word' id='word_1_378' title='bbox 712 3692 742 3715; x_wconf 93' lang='lat'>=</span> <span class='ocrx_word' id='word_1_379' title='bbox 761 3677 862 3719; x_wconf 64' lang='lat'><strong>333333</strong></span> <span class='ocrx_word' id='word_1_380' title='bbox 880 3687 909 3720; x_wconf 90' lang='lat' dir='ltr'>as</span> <span class='ocrx_word' id='word_1_381' title='bbox 929 3676 1007 3720; x_wconf 88' lang='lat' dir='ltr'>etun</span> <span class='ocrx_word' id='word_1_382' title='bbox 1027 3673 1100 3721; x_wconf 88' lang='lat' dir='ltr'>tiers.</span> 
     </span>
     <span class='ocr_line' id='line_1_42' title="bbox 97 3733 1103 3796; baseline -0.001 -13"><span class='ocrx_word' id='word_1_383' title='bbox 97 3759 126 3766; x_wconf 82' lang='lat'><em>-</em></span> <span class='ocrx_word' id='word_1_384' title='bbox 149 3733 403 3784; x_wconf 82' lang='lat' dir='ltr'>Lectisternium</span> <span class='ocrx_word' id='word_1_385' title='bbox 422 3749 427 3781; x_wconf 90' lang='lat'>:</span> <span class='ocrx_word' id='word_1_386' title='bbox 448 3734 568 3794; x_wconf 87' lang='lat' dir='ltr'>banquet</span> <span class='ocrx_word' id='word_1_387' title='bbox 588 3739 747 3796; x_wconf 86' lang='lat' dir='ltr'>somptueux</span> <span class='ocrx_word' id='word_1_388' title='bbox 766 3736 844 3782; x_wconf 84' lang='lat' dir='ltr'>oilert</span> <span class='ocrx_word' id='word_1_389' title='bbox 862 3749 915 3782; x_wconf 85' lang='lat' dir='ltr'>aux</span> <span class='ocrx_word' id='word_1_390' title='bbox 930 3735 1018 3792; x_wconf 89' lang='lat' dir='ltr'>dieux,</span> <span class='ocrx_word' id='word_1_391' title='bbox 1037 3735 1103 3782; x_wconf 91' lang='lat' dir='ltr'>dont</span> 
     </span>
     <span class='ocr_line' id='line_1_43' title="bbox 97 3795 1103 3845; baseline 0.002 -5"><span class='ocrx_word' id='word_1_392' title='bbox 97 3795 137 3840; x_wconf 88' lang='lat' dir='ltr'>les</span> <span class='ocrx_word' id='word_1_393' title='bbox 152 3797 254 3843; x_wconf 82' lang='lat' dir='ltr'>statues</span> <span class='ocrx_word' id='word_1_394' title='bbox 274 3795 374 3842; x_wconf 88' lang='lat' dir='ltr'>e&#39;taient</span> <span class='ocrx_word' id='word_1_395' title='bbox 395 3795 475 3843; x_wconf 71' lang='lat' dir='ltr'>tiries</span> <span class='ocrx_word' id='word_1_396' title='bbox 492 3797 617 3845; x_wconf 36' lang='lat' dir='ltr'>de-leurs</span> <span class='ocrx_word' id='word_1_397' title='bbox 634 3797 724 3844; x_wconf 91' lang='lat' dir='ltr'>niches</span> <span class='ocrx_word' id='word_1_398' title='bbox 743 3801 770 3845; x_wconf 90' lang='lat' dir='ltr'>et</span> <span class='ocrx_word' id='word_1_399' title='bbox 811 3796 896 3844; x_wconf 87' lang='lat' dir='ltr'>lace&#39;es</span> <span class='ocrx_word' id='word_1_400' title='bbox 920 3811 966 3844; x_wconf 91' lang='lat' dir='ltr'>sur</span> <span class='ocrx_word' id='word_1_401' title='bbox 986 3798 1033 3843; x_wconf 88' lang='lat' dir='ltr'>des</span> <span class='ocrx_word' id='word_1_402' title='bbox 1058 3797 1103 3843; x_wconf 91' lang='lat' dir='ltr'>lits</span> 
     </span>
     <span class='ocr_line' id='line_1_44' title="bbox 97 3857 1103 3920; baseline 0.001 -19"><span class='ocrx_word' id='word_1_403' title='bbox 97 3857 198 3902; x_wconf 83' lang='lat' dir='ltr'>devant</span> <span class='ocrx_word' id='word_1_404' title='bbox 213 3872 264 3904; x_wconf 92' lang='lat' dir='ltr'>une</span> <span class='ocrx_word' id='word_1_405' title='bbox 281 3857 349 3904; x_wconf 87' lang='lat' dir='ltr'>table</span> <span class='ocrx_word' id='word_1_406' title='bbox 363 3858 474 3920; x_wconf 78' lang='lat' dir='ltr'>churgee</span> <span class='ocrx_word' id='word_1_407' title='bbox 487 3858 534 3904; x_wconf 90' lang='lat' dir='ltr'>des</span> <span class='ocrx_word' id='word_1_408' title='bbox 552 3861 619 3906; x_wconf 90' lang='lat' dir='ltr'>mets</span> <span class='ocrx_word' id='word_1_409' title='bbox 636 3859 674 3906; x_wconf 86' lang='lat' dir='ltr'>les</span> <span class='ocrx_word' id='word_1_410' title='bbox 692 3859 752 3920; x_wconf 90' lang='lat' dir='ltr'>plus</span> <span class='ocrx_word' id='word_1_411' title='bbox 769 3859 891 3918; x_wconf 81' lang='lat' dir='ltr'>delicate,</span> <span class='ocrx_word' id='word_1_412' title='bbox 908 3874 956 3920; x_wconf 85' lang='lat' dir='ltr'>par</span> <span class='ocrx_word' id='word_1_413' title='bbox 973 3859 1011 3906; x_wconf 91' lang='lat' dir='ltr'>les</span> <span class='ocrx_word' id='word_1_414' title='bbox 1030 3859 1103 3905; x_wconf 84' lang='lat' dir='ltr'>soins</span> 
     </span>
    </p>
   </div>
   <div class='ocr_carea' id='block_1_5' title="bbox 521 3978 667 4029">
    <p class='ocr_par' dir='ltr' id='par_1_5' title="bbox 521 3978 667 4029">
     <span class='ocr_line' id='line_1_45' title="bbox 521 3978 667 4029; baseline 0.014 -2"><span class='ocrx_word' id='word_1_415' title='bbox 521 3978 667 4029; x_wconf 65' lang='lat'>-227-</span> 
     </span>
    </p>
   </div>
   <div class='ocr_carea' id='block_1_6' title="bbox 0 0 1339 4234">
    <p class='ocr_par' dir='ltr' id='par_1_6' title="bbox 0 0 1339 4234">
     <span class='ocr_line' id='line_1_46' title="bbox 0 0 1339 4234; baseline 0 0"><span class='ocrx_word' id='word_1_416' title='bbox 0 0 1339 4234; x_wconf 95' lang='lat' dir='ltr'> </span> 
     </span>
    </p>
   </div>
  </div>
 </body>
</html>
