2658 4244
334 124 415 182 1122.
435 121 579 182 De'tails
595 137 661 182 sur
674 121 857 182 Vitellius.

456 219 554 283 (Pauca
565 221 596 268 dc
610 219 740 283 Vitellio.)

137 335 276 394 Vitellius
292 335 330 394 de
345 335 553 394 Betriacensi*
566 335 667 394 victor
680 356 696 394 a
709 331 740 396 ei
760 334 892 394 Othoni-s
912 335 1008 408 exitu,
1029 353 1098 394 cum
1113 335 1156 396 4⁶

103 431 196 490 adhuc
209 433 239 490 in
251 432 449 505 Galliaessbt,
464 433 576 505 audiit;
590 432 727 512 nihilque
742 440 914 504 cunctatus,
930 431 1100 512 quidquid*

18 557 20 570 r
102 512 350 606 praetorianarum
369 529 544 601 cohortium
569 529 637 600 luit,
667 537 700 588 ut
728 529 852 608 pessimi
870 529 1012 608 exempli,
1037 549 1100 588 uno

102 625 328 683 exauctoravit*
343 625 444 684 edicto
453 625 556 705 jussas
569 625 701 684 tribunis
721 625 839 684 tradere
856 646 951 684 arma.
965 625 1099 684 Centum

101 728 198 780 autem
214 729 307 801 atque
322 723 444 800 viginti,
464 743 595 801 quorum
609 722 748 781 libellos*
766 722 880 781 Othoni
902 722 990 780 datos
1013 723 1100 780 inve*

102 825 185 877 uerat
200 819 432 898 exposcentium
446 819 572 898 praemia
586 820 625 877 ob
637 820 750 878 editam
766 820 798 876 iii
811 819 894 878 caede
908 818 1014 878 Galbae
1027 839 1100 897 ope·
1135 868 1145 885 ,

100 931 170 987 ram,
188 915 329 994 conquiri
342 922 372 974 et
382 916 534 995 supplicio
547 916 625 974 affici
641 915 805 995 imperavit
819 935 825 976 :
841 916 960 994 egregie
973 921 1101 995 prorsus?

100 1018 187 1090 atque
202 1011 374 1089 magnifice,
390 1019 421 1071 et
436 1019 470 1071 ut
485 1013 596 1071 summi
615 1012 762 1092 principis
781 1033 866 1092 spem
882 1011 1059 1071 ostenderet
1073 1015 1095 1086 *,

99 1108 152 1165 nisi
164 1116 265 1168 cetera
286 1109 381 1187 magis
406 1130 442 1168 ex
465 1117 575 1168 natura
598 1118 629 1168 et
653 1110 754 1189 priore
777 1110 839 1169 vita
864 1131 917 1170 sua
942 1130 1034 1189 quam
1061 1129 1097 1168 ex

99 1205 215 1283 imperii
225 1206 389 1285 majestate
405 1206 559 1286 gessisset.
574 1207 715 1285 Namque
739 1205 848 1266 itinere
871 1207 1025 1280 inchoato,
1042 1225 1098 1285 per

97 1301 210 1360 medias
234 1302 374 1362 civitates
398 1304 459 1362 ritu
478 1304 733 1383 triumphantium
762 1312 868 1363 vectus
894 1310 952 1377 est,
981 1323 1096 1383 perque

97 1399 244 1456 llumina*
269 1399 493 1463 delicatissimis
519 1401 648 1477 navigiis
677 1409 708 1460 et
737 1401 889 1460 variarum
912 1420 1096 1460 coronarum

97 1515 206 1572 genere
221 1496 380 1568 redimitis,
398 1497 479 1556 inter
497 1497 726 1576 profusissimos
748 1498 946 1556 obsoniorum
969 1517 1097 1576 appara-

97 1594 172 1664 tus*,
190 1592 274 1651 nulla
292 1593 414 1655 lamiliee
428 1600 481 1652 aut
496 1594 600 1652 militis
617 1594 792 1674 disciplina,
811 1595 935 1674 rapinas
953 1614 988 1652 ac
1006 1602 1097 1674 petu-

97 1681 219 1748 lantiam
235 1690 372 1748 omnium
393 1691 423 1748 iii
442 1692 548 1771 jocum
575 1693 726 1750 vertens*.
751 1692 919 1750 Luxuriae*
940 1691 1096 1771 praecipue

96 1787 282 1866 saevitiaeque
310 1787 443 1857 deditus,
473 1787 578 1867 epulas
609 1787 757 1846 trifariam
788 1809 918 1867 semper,
941 1787 1096 1846 interdum

96 1882 311 1960 quadrifariam
324 1882 533 1962 dispertiebat,
552 1885 582 1941 in
596 1885 753 1963 jentacula
769 1892 800 1942 et
814 1884 943 1963 prandia
961 1892 992 1942 et
1005 1905 1096 1944 cenas

95 1979 395 2060 comissationesque,
411 1980 499 2039 lacile
513 1981 656 2040 omnibus
671 1981 825 2040 sufficiens
840 1981 1010 2039 vomitandi
1024 2002 1106 2039 con-¹

95 2077 266 2136 suetudine.
297 2077 454 2136 indicebat
477 2084 579 2136 autem
602 2077 684 2136 aliud
708 2077 779 2136 alii*
804 2079 910 2137 eadem
935 2077 983 2136 die
1006 2097 1013 2138 :
1039 2098 1096 2136 nec

95 2173 235 2253 cuiquam
259 2173 361 2232 mimis
392 2174 503 2252 singuli
530 2182 697 2254 apparatus
722 2175 945 2254 quadringenis
973 2175 1096 2234 milibus

18 2297 20 2322 i
95 2290 253 2329 nummum
281 2271 498 2330 constiterunt.
530 2271 746 2330 Famosissima
774 2292 867 2351 super
892 2280 1008 2331 ceteras
1037 2273 1096 2331 fuit

95 2386 168 2426 cena
183 2368 256 2427 data
272 2367 298 2426 ei
314 2368 485 2427 adventicia
501 2389 516 2428 a
530 2368 634 2440 lratre,
652 2369 684 2426 iii
704 2390 764 2448 qua
784 2369 846 2427 duo
867 2369 949 2428 milia
967 2368 1096 2427 lectissi-

94 2483 213 2523 morum
224 2464 365 2544 piscium,
385 2472 501 2544 septem
517 2465 621 2539 avium
637 2465 778 2544 apposita
794 2465 969 2525 traduntur.

123 2603 487 2676 N2112213etriccensi.
502 2604 591 2677 Othon
605 2605 646 2653 lut
660 2605 738 2653 battu
750 2621 799 2680 par
814 2605 913 2654 Valens
930 2608 958 2677 et
973 2605 1105 2668 Caecina,

93 2668 227 2726 partisans
241 2666 275 2714 de
284 2665 418 2725 Vitellius,
432 2667 445 2714 l
458 2666 579 2725 Bedriac,
593 2667 654 2728 pres
671 2668 704 2714 de
717 2666 822 2715 Verone
833 2666 871 2726 (tt
884 2669 951 2714 avril
961 2669 1009 2729 69),
1028 2672 1054 2714 et
1067 2683 1105 2716 se*

93 2728 181 2776 donna
195 2728 221 2776 le
235 2729 314 2776 mort.
328 2753 356 2764 -
374 2726 546 2791 Quidquid.
560 2729 600 2777 Cf.
616 2729 717 2787 Tacite,
732 2728 811 2789 Hist,
825 2729 859 2787 11,
875 2734 913 2778 67.
924 2756 954 2765 -
967 2730 1096 2780 Exauc·

92 2789 219 2841 toravlt
231 2803 313 2852 :pour
319 2789 358 2837 les
369 2790 470 2838 soldats
482 2789 685 2838 l’enauctoretio
693 2789 820 2852 (opposee
831 2789 984 2839 il'lionesta
993 2791 1095 2854 missio)

93 2853 179 2897 estun
192 2851 276 2914 conge
286 2851 417 2899 infament
427 2851 472 2913 qui
484 2851 523 2900 les
537 2853 613 2913 prive
627 2853 660 2899 de
677 2854 737 2899 tout
752 2852 824 2900 droit
840 2853 855 2900 d
872 2867 924 2900 une
956 2854 1049 2901 ension
1062 2855 1095 2901 de

92 2913 201 2960 retraite
213 2927 220 2973 ς
233 2927 302 2975 pour
311 2912 350 2963 les
363 2912 487 2973 officiers,
499 2913 564 2961 c'est
579 2914 604 2962 la
622 2912 687 2961 mise
702 2927 735 2960 en
751 2912 877 3022 rdl'orme.
892 2941 923 2948 —
968 2913 1094 2964 ibelloS.

92 2972 132 3021 Cl.
142 2973 243 3034 Tacite,
253 2974 323 3023 Hist.
333 2974 403 3035 l,tl:
416 2993 428 3018 α
435 2975 531 3038 piures
559 2989 621 3022 uam
632 2973 698 3022 CXX
710 2973 775 3023 libel
788 2990 816 3024 os
823 2975 945 3038 praemia
955 2989 1096 3038 capescen-

92 3035 161 3082 tium
173 3034 274 3084 inuenit
285 3054 308 3084 i.
321 3062 350 3071 -
361 2989 563 3086 Ostenderei.
580 3037 672 3084 Tacite
685 3035 774 3145 φέρι,
800 3038 834 3096 ΙΙ,
856 3037 904 3100 37),
927 3038 1034 3108 parient
1048 3038 1105 3086 des¹

91 3097 195 3145 armies
216 3098 250 3144 de
274 3111 305 3145 ce
324 3098 450 3161 temps-lit
473 3098 513 3145 dit
529 3111 535 3146 ι
554 3117 565 3141 i
581 3112 633 3159 que
655 3097 689 3146 l'o
712 3098 830 3146 ussance
855 3101 882 3146 et
905 3100 930 3146 la
954 3099 1095 3160 discipline

18 3163 19 3178 ¹
90 3157 194 3206 etaient
203 3159 229 3207 la
240 3159 312 3206 seule
325 3159 405 3207 chose
418 3159 463 3221 qui
477 3159 536 3207 leur
551 3162 680 3220 menquht
690 3179 711 3208 i.
734 3188 765 3196 -
784 3159 944 3220 Flumina,
965 3162 990 3208 le
1008 3160 1095 3209 Saone

90 3223 200 3268 surtout
211 3218 276 3282 qu'il
288 3220 404 3268 descend
414 3220 519 3293 jusqu'il
531 3221 607 3282 Lyon
622 3223 658 3269 :il
673 3223 765 3269 venait
777 3222 810 3269 de
823 3222 848 3270 la
861 3222 945 3270 Gaule
959 3223 1093 3292 Belgique.

88 3307 120 3316 —
138 3282 343 3345 Apparatus.
360 3283 452 3331 Tacite
465 3298 497 3330 eii
508 3286 549 3330 est
561 3283 678 3345 indigne,
693 3283 771 3343 Hist,
787 3283 820 3341 ΙΙ,
835 3282 864 3330 69
877 3299 882 3332 :
896 3285 998 3348 «Apud
1015 3284 1095 3331 Vitel-

18 3349 20 3396 ξ
90 3342 158 3391 lirim
182 3343 274 3392 omnia
291 3343 457 3407 indisposita,
481 3343 635 3404 temulente,
657 3344 811 3408 pervigiliis
832 3359 862 3392 ac
881 3345 1094 3394 Bacchanalibus

18 3409 19 3412 ’
88 3419 172 3468 quein
183 3405 342 3516 disciplinae
352 3406 378 3453 et
390 3405 620 3476 castrispropiore
632 3425 645 3477 ¹³.
652 3421 658 3465 ;
671 3407 763 3477 inlitu:
776 3427 787 3450 «ι
799 3407 903 3476 ¹Quanto
915 3406 1000 3470 magis
1011 3407 1094 3470 (urbi)

88 3468 247 3539 propinqua
265 3468 302 3529 et,
312 3467 386 3515 tento
396 3469 550 3529 corruptius
562 3469 622 3539 iter,
635 3469 764 3538 immistis
775 3468 954 3516 histrionibus
963 3470 987 3516 et
1000 3470 1095 3531 spado—

87 3530 534 3652 tarsitii-..aima
553 3530 654 3639 timii
666 3529 1094 3668 ,tsi.¹l.i;i⁷j..i.ti¹ii

88 3656 160 3700 cette
172 3654 252 3710 lacon
265 3657 310 3699 900
322 3651 439 3714 millioiis
451 3654 484 3700 de
497 3655 636 3700 sesterces.
651 3679 682 3688 -
695 3653 794 3703 Aliud
807 3653 866 3703 alii
880 3669 886 3701 :
901 3655 942 3700 ils
951 3653 1060 3724 ¹invitaii
1069 3654 1093 3701 le

87 3716 176 3762 meme
195 3715 258 3776 j0ur
275 3713 338 3762 chez
351 3713 486 3775 plusieurs
503 3728 649 3776 personnes
665 3729 735 3777 pour
752 3716 799 3762 des
818 3716 912 3762 heures
929 3715 1108 3762 dillerentes.'

130 3803 174 3844 Vie
180 3801 294 3856 peritique
306 3800 344 3844 das
356 3801 472 3844 Romaim.
1014 3804 1026 3842 8

513 3913 548 3923 -
568 3884 617 3936 tt3
636 3913 672 3924 -
