2696 4244
370 159 450 217 190.
467 159 599 217 contre
612 158 668 214 les
683 157 851 214 oomhats
866 159 914 215 du
929 156 1065 226 cirque.

540 263 582 327 (Ιη
600 262 778 326 gladiatorios
798 261 895 325 tuder.)

162 424 202 487 3⁰
259 424 388 484 Paratur
397 425 598 502 gladiatorius
607 427 620 451 *
632 425 722 483 ludus
734 432 767 483 ut
782 424 941 483 libidinem
953 419 1220 482 crudeliumlumi-

218 541 292 580 num
307 522 430 598 sanguis
445 522 589 582 oblectet.
614 522 763 601 lmpletur
777 521 853 579 cibis
868 521 1047 579 fortioribus
1064 540 1174 598 corpus
1190 526 1220 576 et

218 618 424 678 membrorum
452 620 547 678 moles
570 620 695 677 robusta
722 619 906 699 pinguescit,
935 626 969 676 ut
990 616 1166 694 saginatus*
1187 615 1219 674 in

218 736 340 794 poenam
358 717 470 775 clarius
485 719 605 795 pereat!
627 717 728 774 Homo
748 715 900 774 occiditur
914 715 946 772 in
963 715 1095 773 hominis
1112 713 1221 792 volup-

219 820 331 884 tatem;
348 820 380 871 et
393 822 427 871 ut
440 815 508 892 quis
521 814 619 892 possit
640 813 780 872 occidere
795 813 906 891 peritia
925 821 982 884 est,
1004 833 1076 870 usus
1098 819 1155 882 est,
1171 831 1220 870 ars

218 911 280 991 est!
300 909 405 968 Scelus
424 931 485 969 non
503 918 621 970 tantum
645 911 772 987 geritur,
792 909 845 968 sed
860 909 989 969 docetur
1005 928 1012 970 :
1030 908 1103 988 quid
1119 915 1222 987 potest

219 1006 429 1089 inhumanius
444 1008 519 1088 quid
532 1008 671 1067 acerbius
686 1007 768 1066 dici?
782 1007 952 1086 Disciplina
966 1013 1012 1065 est
1027 1013 1061 1065 ut
1071 1006 1222 1085 perimere

220 1105 288 1185 quis
305 1105 416 1184 possit;
440 1112 471 1163 et
492 1105 611 1182 gloria*
632 1113 677 1163 est
699 1105 781 1184 quod
801 1104 942 1184 perimit!
969 1104 1049 1172 Quid
1063 1103 1149 1174 illud,
1167 1123 1222 1161 oro

221 1208 261 1270 tc,
278 1202 368 1281 quale
382 1211 440 1269 est,
457 1202 509 1261 ubi
524 1223 555 1260 se
572 1202 644 1260 seris
662 1202 824 1281 objiciunt,
847 1222 924 1281 quos
939 1221 1029 1260 nemo
1043 1201 1221 1259 damnavit*

219 1299 257 1356 ad
272 1298 404 1358 bestias?
417 1301 519 1358 AEtate
533 1301 664 1376 integra,
679 1300 807 1358 honesta
826 1298 899 1357 satis
919 1299 1028 1372 forma,
1047 1306 1131 1356 veste
1153 1318 1222 1377 pre-

221 1396 308 1470 tiosa,
332 1397 473 1454 viventes
497 1398 527 1454 in
550 1397 723 1455 ultroneum
746 1397 838 1454 funus
862 1398 1027 1456 ornanturl
1052 1395 1142 1454 Malis
1159 1395 1222 1453 suis

220 1494 311 1551 etiam
326 1493 428 1552 miseri
444 1494 630 1571 gloriantur!
649 1495 793 1570 Pugnant
808 1493 845 1552 ad
858 1492 984 1565 bestias,
1002 1514 1064 1551 non
1081 1493 1220 1564 crimine,

220 1591 271 1648 sed
288 1591 400 1650 surore.
423 1592 570 1670 Spectant
584 1591 663 1648 filios
683 1611 754 1648 suos
779 1598 880 1669 patres
904 1609 924 1674 ³.
937 1591 1033 1650 frater
1045 1597 1075 1648 et
1089 1610 1176 1648 soror
1190 1589 1222 1646 in

220 1691 331 1747 cavea*
354 1695 466 1767 praesto
491 1696 551 1762 est;
590 1695 621 1746 et
652 1687 724 1746 licet
751 1687 918 1767 spectaculi
942 1687 1075 1766 pretium
1109 1686 1224 1764 largior

221 1785 354 1842 muneris
380 1793 544 1864 apparatus
562 1785 755 1864 amplificet*,
778 1791 813 1842 ut
836 1785 1015 1842 maeroribus
1041 1783 1104 1842 suis
1126 1793 1224 1842 mater

222 1883 352 1954 intersit,
370 1882 439 1953 boc,
462 1882 538 1961 proh
563 1881 667 1940 dolor!
695 1889 792 1939 mater
821 1888 852 1939 ct
878 1882 1002 1940 redimit
1024 1900 1031 1941 :
1057 1888 1087 1939 et
1110 1880 1140 1939 in
1161 1890 1222 1939 tam

221 1979 323 2059 impiis
339 1979 522 2058 spectaculis
545 1988 668 2057 tamque
691 1978 767 2036 diris
792 1984 823 2037 et
847 1978 986 2051 funestis,
1013 1998 1078 2035 esse
1103 1998 1135 2035 se
1158 1998 1221 2044 non

221 2084 333 2155 putant
346 2075 443 2134 oculis
458 2075 645 2154 parricidas*
657 2078 663 2134 l

252 2236 292 2285 ΙΨ
308 2234 372 2285 190
390 2250 395 2283 :
411 2233 638 2284 Gladiatorius
656 2234 763 2284 ludus.
782 2234 822 2282 On
838 2234 982 2290 ennoncait
999 2233 1039 2280 les
1055 2233 1178 2281 combats
1190 2235 1224 2282 de

221 2299 391 2360 gladiateurs,
409 2297 462 2343 soit
479 2309 512 2343 au
526 2311 623 2358 moyen
643 2297 676 2342 de
694 2299 854 2358 prospectus
874 2295 981 2356 (libelli)
999 2296 1079 2356 qn'on
1096 2297 1225 2357 envoyait

221 2363 288 2407 dans
305 2360 343 2405 les
358 2359 491 2416 environs,
512 2359 565 2405 soit
583 2373 617 2404 au
636 2373 733 2420 moyen
750 2358 886 2405 d'alfiches
905 2359 1126 2421 (programmata)
1144 2356 1224 2419 qu'on

222 2422 347 2484 apposnit
359 2436 405 2470 sur
417 2421 454 2466 les
467 2435 548 2468 nmrs.
563 2420 629 2467 Ona
643 2419 738 2467 trouve
759 2421 790 2466 de
809 2434 853 2466 ces
871 2419 979 2466 asfiches
992 2434 1038 2465 sur
1054 2420 1092 2466 les
1106 2434 1177 2466 murs
1190 2420 1224 2466 dc

223 2483 340 2545 Pompdi.
362 2509 389 2518 —
408 2482 598 2543 Saglnatus.
617 2482 666 2528 Les
686 2481 847 2542 gladiatcurs
865 2482 998 2528 suiveient
1019 2482 1085 2528 dans
1103 2481 1141 2528 les
1165 2480 1224 2528 ludi

233 2547 320 2593 e'coles
338 2548 509 2592 cntrctenues
531 2559 581 2590 aux
597 2543 659 2590 freis
677 2545 724 2590 des
741 2543 905 2604 communes)
926 2558 960 2590 ou
980 2543 1042 2590 chez
1061 2544 1099 2590 les
1119 2542 1223 2590 lanistae

233 2611 444 2668 entrepreneurs)
457 2621 492 2652 un
505 2605 603 2667 re'giine
619 2605 718 2666 spe'cial
729 2604 841 2668 (sagina)
851 2604 953 2652 destine
964 2606 979 2650 a
992 2605 1155 2666 developper
1166 2607 1224 2652 leur

220 2671 294 2717 force
309 2667 476 2715 musculairc.
492 2693 523 2702 —-
539 2666 651 2716 Gloria
667 2681 672 2714 :
688 2668 802 2728 puisqne
816 2667 839 2712 lc
856 2666 1002 2742 gladiateur
1019 2668 1167 2729 vainqncur
1181 2669 1223 2714 cst

222 2730 347 2785 acclamd,
368 2728 473 2776 nommc'
497 2731 630 2791 spectatus
653 2728 815 2790 (distingue),
837 2728 1009 2789 recompenst
1027 2743 1058 2775 en
1074 2732 1175 2783 arment,
1194 2732 1222 2775 et

222 2793 292 2840 enlm
301 2792 385 2848 necuit
392 2792 416 2838 la
425 2791 550 2850 baguette
560 2791 683 2850 (donatus
693 2790 768 2852 rude)
778 2790 822 2850 qui
831 2788 966 2836 l'autorise
976 2763 1222 2851 tquitterl'etatdc

223 2856 378 2915 gladiateur.
393 2854 432 2900 Ct'.
446 2867 515 2912 pour
527 2854 550 2898 le
561 2853 714 2910 sentiment,
731 2851 861 2912 Sc'anue,
878 2851 893 2897 ὰ
907 2851 990 2898 Lucil.
1006 2857 1017 2897 7
1033 2866 1038 2899 :
1052 2872 1062 2894 ιι
1078 2852 1149 2898 Nihil
1168 2854 1223 2898 tam

223 2918 381 2963 damnosum
390 2915 467 2961 bonis
478 2914 597 2960 moribus
610 2929 689 2975 quam
702 2915 727 2959 in
739 2914 828 2973 aliquo
841 2914 994 2974 spectaculo
1006 2914 1127 2961 desidere
1140 2928 1145 2959 :
1160 2917 1224 2961 tunc

223 2980 294 3025 enim
307 2992 355 3038 per
368 2977 535 3037 voluptatem
546 2976 649 3022 lucilius
663 2976 727 3022 vitia
749 2975 905 3036 subrepunt.
928 2973 998 3029 Quid
1024 2991 1065 3024 me
1086 2977 1223 3022 existimas

223 3041 328 3086 dicere?
343 3039 448 3084 oi'orior
464 3038 553 3093 redeo,
571 3037 747 3096 ambitiosior,
765 3037 933 3093 luxuriosior,
951 3038 1033 3083 immo
1050 3052 1114 3084 vero
1132 3038 1225 3084 crude-

223 3103 274 3148 lior
286 3104 312 3147 et
325 3099 502 3150 inhumanior.
517 3099 579 3160 quia
594 3099 663 3145 inter
684 3099 805 3145 homines
828 3099 865 3144 t'ui
887 3118 907 3145 o.
929 3125 959 3134 -
987 3098 1178 3148 Damnavit.
1204 3099 1225 3146 ΙΙ

224 3157 300 3222 s'agit
313 3163 359 3208 des
373 3163 510 3208 venatores
530 3175 564 3206 on
580 3159 702 3207 bestiarii
722 3161 791 3222 (voir
803 3175 837 3206 au
851 3161 956 3221 lexique
970 3158 1125 3218 bestiarius,
1143 3175 1224 3208 oena-

225 3224 319 3271 tiooesl
335 3224 421 3284 quise
437 3224 598 3269 recrutaient
612 3237 664 3269 non
680 3222 827 3268 seulement
839 3223 923 3283 parmi
943 3222 981 3269 les
1001 3223 1144 3279 criminels,
1157 3223 1224 3269 mais

223 3287 293 3333 aussi
307 3285 391 3348 parmi
409 3286 447 3331 les
458 3285 621 3345 prisonniers
634 3285 666 3330 de
677 3299 770 3345 guerre
783 3284 855 3331 etles
868 3285 1053 3331 mercenaires.
1066 3311 1093 3318 -
1103 3284 1223 3334 Cavea.

223 3348 289 3394 Voir
303 3363 336 3394 au
349 3347 462 3408 lenique.
476 3373 503 3381 —
517 3344 704 3406 Amplifiect
718 3361 723 3393 t
737 3350 813 3394 autre
824 3347 893 3408 grief
904 3349 997 3393 contre
1013 3361 1057 3393 ces
1076 3347 1224 3407 spectacles

223 3414 405 3470 corruptenrs.
425 3436 453 3442 -
469 3407 669 3457 Parricidas.
688 3408 727 3454 Cf.
742 3423 810 3470 pour
826 3413 896 3455 cette
913 3409 971 3455 idc'e
994 3408 1017 3456 la
1040 3409 1147 3454 version
1170 3412 1223 3455 188.

225 3471 364 3532 «L'cpitre
387 3471 419 3516 de
448 3470 523 3517 Saint
552 3469 667 3531 Cyprien
692 3471 706 3516 a
731 3469 830 3528 Donat,
856 3471 971 3531 quoique
998 3474 1058 3531 trop
1076 3470 1164 3528 ornde,
1190 3485 1224 3518 au

220 3533 360 3594 jugement
369 3534 454 3578 meme
463 3533 495 3577 dc
509 3532 584 3579 Suint
592 3532 734 3592 Augustin,
748 3533 842 3578 me'rite
853 3531 934 3579 <latre
945 3532 1054 3592 appelde
1065 3532 1207 3593 eloquente
1218 3546 1223 3578 :

223 3609 268 3640 car
285 3609 380 3641 encore
394 3592 472 3654 qu’on
486 3609 504 3654 y
517 3596 620 3649 trouve,
639 3608 742 3639 comme
757 3594 774 3639 il
793 3593 826 3640 l’a
840 3593 889 3652 dit,
911 3607 946 3639 un
960 3607 1010 3655 peu
1025 3597 1085 3654 trop
1097 3594 1128 3640 de
1142 3595 1224 3640 tleurs

223 3656 452 3714 semc'es,onvoit
469 3655 699 3701 bienneanmoins
722 3670 773 3715 que
792 3655 815 3702 le
839 3669 899 3715 gros
926 3655 958 3701 de
985 3655 1087 3717 l'dpltrc
1107 3659 1148 3702 est
1170 3656 1226 3703 trds

224 3717 337 3776 sc'rieux,
353 3717 406 3763 trts
426 3717 471 3772 vif,
489 3720 515 3763 ct
535 3716 588 3763 tres
603 3731 699 3776 propre
714 3717 728 3762 al
746 3717 849 3762 donner
859 3731 910 3762 une
921 3715 1000 3764 haute
1013 3717 1071 3764 idc'e
1085 3718 1121 3763 du
1138 3717 1225 3764 chris-

223 3780 355 3826 tianisme.
372 3778 530 3838 1¹(Ftnelon,
546 3777 595 3824 ΙΙΙ*
608 3777 678 3824 Dial.
692 3792 741 3824 snr
754 3777 862 3840 t'e'loq.).

645 3919 803 3971 -192-
