2696 4244
158 170 240 226 219.
255 173 310 228 Un
323 168 476 240 precem·
488 171 582 227 latin
593 172 771 227 demande
782 168 945 240 regante
957 172 1023 226 des
1039 169 1159 226 droits

280 271 373 327 pour
386 259 442 316 les
456 258 586 315 Latius
606 262 643 314 et
662 272 755 328 pour
776 258 832 314 les
848 257 1034 315 Romains.

157 361 281 425 (Praetor
289 362 444 411 Latinorum
452 366 481 410 ut
493 363 639 426 aequajura
648 362 750 411 Latinis
760 362 939 426 Romanisque
950 361 1012 422 sint,
1018 359 1160 425 postulat.)

199 511 212 541 «
230 487 466 566 Tempus*erat*,
477 495 579 566 patres
595 484 771 567 conscripti,
784 487 907 546 tandem
914 487 978 566 jam
991 506 1046 544 vos
1059 484 1162 543 nobis·
1178 479 1217 543 2ο

158 603 226 641 cum
252 583 327 641 nihil
347 605 403 665 pro
418 585 547 663 imperio
565 587 682 662 agere*,
697 604 767 642 cum
787 583 1050 654 florentissimum,
1069 581 1160 640 deum

158 680 358 758 benignitate,
371 701 453 740 nune
469 681 589 739 Latium
606 680 698 739 armis
713 680 858 760 virisque,
876 679 1064 738 Samnitibus
1079 678 1160 737 bello

160 777 257 848 victis,
279 777 426 838 Sidicinis
448 777 677 858 Campanisque
698 778 801 850 sociiS,
822 769 1017 836 nuncetiam
1042 775 1160 834 Volscis

160 873 317 952 adjunctis
351 875 510 946 videretiS,
543 875 679 934 colonias
712 894 835 954 quoque
868 881 984 932 vestras
1016 873 1160 931 Latinum

158 969 1160 1051 Romanopraetulisscimperium.Scdquoniamvos,regnoimpo·

152 1068 256 1126 tenti*
278 1068 370 1127 finem
387 1076 421 1127 ut
442 1068 617 1149 imponatis,
638 1089 699 1127 non
719 1068 865 1126 inducitis
879 1068 910 1125 in
926 1067 1073 1136 animum,
1092 1087 1158 1140 neS,

158 1185 344 1244 quamquam
361 1166 453 1224 armis
467 1185 631 1245 possumus
646 1186 780 1223 asserere
791 1165 912 1224 Latium
928 1165 958 1221 in
975 1164 1157 1235 libertatem,

157 1263 436 1339 consanguinitati*
450 1271 552 1321 tamen
571 1263 629 1320 boc
642 1262 793 1332 dabimus,
812 1269 847 1320 ut
861 1261 1060 1320 condiciones
1075 1261 1159 1339 pacis

158 1358 291 1418 seramus
307 1360 593 1439 aequas*ut.risque,
611 1358 757 1437 quoniam
779 1359 878 1417 vires*
902 1379 1025 1438 quoquc
1045 1359 1159 1438 aequari

105 1445 108 1450 ⁸
158 1455 216 1514 diis
232 1457 457 1515 immortalibus
478 1457 604 1536 placuit.
628 1456 793 1515 Consulem
813 1455 943 1514 alterum
961 1456 1071 1524 Roma,
1086 1455 1160 1513 alte-

158 1567 225 1606 rum
249 1569 286 1606 ex
310 1550 398 1608 Latio
420 1550 517 1607 creari
538 1556 671 1629 oportet,
697 1557 821 1608 senatus
846 1556 964 1627 partem
989 1568 1107 1627 aequam
1123 1568 1160 1606 ex

163 1651 293 1725 utraque
308 1655 399 1724 gente
415 1667 491 1718 esse,
516 1666 610 1705 unum
630 1645 791 1724 populum,
810 1665 902 1704 unam
923 1644 1159 1723 rempublicam

159 1741 239 1813 fieri3
270 1748 311 1814 et,
336 1750 371 1802 ut
397 1743 517 1822 imperii
544 1743 650 1802 eadem
682 1743 769 1801 sedes
788 1742 828 1800 sit
847 1741 989 1820 idemque
1018 1741 1160 1800 omnibus

160 1860 284 1913 nomen,
301 1841 446 1920 quoniam
462 1840 501 1900 ab
512 1831 610 1900 ¹'altera
626 1846 694 1898 utra
710 1847 797 1918 parte
812 1839 941 1898 concedi
962 1859 1085 1897 necesse
1101 1846 1158 1910 est,

158 1937 243 2016 quod
257 1937 396 2016 utrisque
416 1937 493 1997 bene
517 1944 628 2009 vertat,
652 1937 693 1995 sit
712 1937 796 1994 brec*
811 1958 883 1995 sane
899 1937 997 2016 patria
1018 1936 1120 2016 potior
1130 1943 1161 1995 et

160 2033 296 2093 Romani
307 2055 413 2093 omnes
426 2055 582 2094 vocemur.
602 2034 721 2093 »Forte
734 2034 774 2092 ita
785 2034 907 2104 accidit,
921 2042 1066 2112 utparem
1080 2034 1161 2091 lero-

159 2129 214 2189 ciae
227 2131 337 2210 liujus*
350 2139 381 2189 et
394 2129 526 2190 Romani
541 2131 699 2190 consulem
711 2131 745 2190 T.
766 2131 915 2190 Manlium
933 2129 1092 2206 haberent,
1107 2131 1159 2211 qui

158 2226 235 2286 adeo
248 2247 309 2286 non
332 2229 433 2286 tenuit
451 2228 537 2302 iram,
561 2235 606 2298 ut,
625 2228 667 2286 si*
682 2235 768 2286 tanta
790 2227 945 2286 dementia
957 2234 1061 2307 patres
1073 2248 1161 2286 cons·

158 2323 274 2403 criptos
291 2325 431 2404 cepisset,
456 2333 490 2384 ut
511 2326 569 2384 ab*
593 2326 700 2384 Setino
724 2313 848 2383 bomine
867 2324 950 2403 leges
970 2325 1156 2404 acciperent,

159 2421 280 2499 gladio*
295 2423 431 2480 cinctum
447 2423 478 2479 in
495 2429 635 2480 senatum
648 2429 814 2480 venturum
832 2443 865 2480 se
883 2442 948 2481 esse
963 2422 1064 2502 palam
1080 2422 1161 2482 dice-

160 2524 219 2589 ret,
234 2525 275 2588 et,
294 2519 654 2599 quemcumqueincuria
666 2519 809 2577 Latinum
829 2517 968 2591 vidisset,
992 2539 1047 2578 sua
1068 2539 1161 2578 manu

161 2615 432 2697 interempturum.

189 2729 231 2779 N·
254 2729 338 2781 219:
362 2730 512 2792 Tempus.
533 2728 603 2778 C'est
619 2731 733 2791 Annius,
750 2727 861 2793 preteur
877 2730 909 2778 de
921 2728 1002 2788 Se'tia,
1020 2731 1066 2792 qui
1088 2731 1161 2792 parle

158 2791 259 2840 devant
272 2792 296 2840 le
313 2791 391 2841 senat
402 2792 504 2840 romain
516 2806 549 2839 en
566 2795 620 2840 338.
634 2791 700 2839 Voir
716 2791 741 2839 la
758 2792 864 2839 version
883 2793 1013 2840 suivante.
1026 2819 1057 2828 -
1070 2793 1159 2843 Erat.

158 2853 362 2916 Pourmarquer
373 2868 409 2902 un
422 2854 524 2913 devoir,
533 2868 585 2901 une
596 2853 736 2912 necessite,
747 2868 799 2900 une
807 2867 987 2913 convenance,
998 2870 1034 2901 un
1046 2855 1159 2902 souliait.

157 2914 183 2960 le
201 2915 266 2964 latin
286 2919 342 2964 met
359 2915 557 2979 l'imparfait,le
589 2915 715 2963 arfaitou
731 2915 755 2963 le
772 2915 845 2976 plus·
866 2917 1013 2977 ue-pnrlait
1029 2917 1062 2963 de
1076 2917 1161 2964 lindi-

158 2976 231 3036 catis,
250 2978 275 3025 la
296 2978 331 3026 oti
349 2992 416 3026 nous
438 2979 555 3026 mettons
569 2930 599 3024 le
618 2977 802 3025 conditionnel
822 2931 932 3040 pibsent
954 2993 989 3025 ou
1013 2978 1098 3040 passe.
1126 2979 1161 3025 Ce

159 3041 247 3100 temps
259 3040 380 3102 exprime
392 3039 480 3087 mieux
491 3039 527 3086 ici
540 3040 563 3086 le
580 3042 627 3087 ton
640 3039 673 3086 de
685 3040 710 3086 la
727 3052 836 3087 menace
851 3041 922 3087 etde
935 3040 960 3087 ln
974 3040 1160 3101 provocation.

158 3127 188 3134 -
201 3101 264 3150 Pro
274 3100 411 3163 imperio
424 3112 534 3163 agere.
548 3100 670 3148 Allucion
686 3115 719 3148 au
732 3105 780 3148 ton
792 3101 938 3163 imperieux
957 3103 1003 3149 des
1024 3103 1159 3151 Romains.

158 3188 189 3196 -
201 3161 385 3225 Impotenti,
399 3178 432 3210 au
442 3177 503 3210 sens
518 3161 720 3224 etymologique
734 3179 740 3210 :
755 3161 803 3226 qui
819 3177 871 3210 non
885 3166 923 3210 est
937 3178 1043 3226 compos
1060 3163 1111 3210 sui.
1132 3190 1161 3200 -

159 3223 448 3286 Gonsanguinitati
465 3238 472 3272 :
491 3225 505 3272 tl
518 3238 597 3272 cause
614 3224 662 3272 des
681 3238 862 3286 compagnons
876 3225 983 3284 d'Ene'e,
998 3226 1043 3286 qui
1054 3226 1162 3272 avaient

159 3284 239 3334 fonde
263 3287 302 3334 les
320 3286 481 3348 principales
500 3285 578 3333 villes
602 3286 637 3333 du
666 3286 779 3334 Latium.
803 3313 832 3322 -
855 3285 987 3348 AEquas.
1009 3287 1075 3333 Voir
1098 3289 1112 3334 a
1137 3287 1161 3335 la

159 3348 265 3395 version
283 3349 415 3404 suivante,
435 3349 473 3394 les
483 3351 560 3395 notes
578 3362 624 3394 sur
642 3348 666 3394 le
686 3346 773 3408 foedns
788 3361 896 3410 aequum
920 3352 947 3395 et
966 3349 989 3396 le
1007 3348 1094 3409 fndus
1110 3349 1161 3396 ini-

160 3423 253 3470 qunm.
274 3436 303 3444 -
332 3409 439 3458 Vires.
460 3410 569 3470 lls'agit
590 3410 636 3456 des
655 3410 742 3457 forces
759 3411 807 3456 des
830 3409 956 3457 Roinains
981 3411 1057 3458 etde
1081 3412 1160 3458 celles

160 3471 312 3523 desLatins.
323 3498 352 3506 -
361 3472 453 3521 Haec
463 3485 467 3518 :
479 3471 570 3518 Rome.
583 3471 728 3534 -Hujus
739 3485 744 3518 ι
758 3472 776 3518 il
789 3469 864 3533 s'agit
877 3473 911 3517 du
926 3473 1034 3534 preteur
1046 3474 1159 3521 Annius.

134 3551 137 3555 ·
158 3559 189 3567 -
205 3533 249 3582 Ut
270 3532 316 3582 si:
331 3534 360 3580 ut
378 3534 482 3595 de'pend
506 3533 538 3580 de
555 3532 621 3580 adeo
638 3537 666 3581 et
682 3534 838 3581 commende
856 3533 966 3580 diceret.
985 3561 1013 3568 -
1031 3534 1076 3585 Ut
1092 3537 1135 3584 ab
1153 3551 1158 3583 :

161 3597 189 3640 ut
206 3593 312 3656 depend
330 3595 362 3642 de
381 3596 454 3642 tanta
472 3598 500 3642 et
512 3595 667 3642 commande
687 3594 845 3658 acciperent.
859 3623 889 3630 —
908 3595 1032 3646 Gladio.
1050 3596 1161 3643 C'estce

159 3656 469 3780 ttlltpdlttltt
484 3657 969 3766 llil?llll?u²tt‘t.‘¹.⁰.l³”t;¹t⁵
978 3658 1162 3767 &teritis

160 3793 205 3827 sur
214 3780 252 3828 les
265 3781 366 3828 soldats
379 3783 406 3828 et
421 3796 467 3827 sur
480 3784 540 3826 tous
554 3781 591 3826 les
602 3781 732 3843 citoyens.
871 3735 888 3781 q

581 3915 683 3962 -2‘21
706 3944 738 3954 -
