2756 4238
247 138 333 198 273.
357 135 551 220 Definition
571 140 637 202 des
659 139 859 207 optimates
886 142 923 196 et
949 140 1015 196 des
1037 141 1251 208 populares.

508 234 555 296 (De
568 233 744 296 optimatibus
755 236 780 282 et
789 233 991 298 popularibus.)

180 349 222 412 4ε
290 348 361 407 1)υο
379 369 489 426 genera
510 369 630 428 semper
647 349 678 406 in
698 348 756 408 hac
776 349 900 408 civitate
920 350 1047 408 luerunt
1069 371 1174 409 eorum
1201 351 1256 429 qui

251 446 364 504 versari
375 445 407 503 in
423 446 578 525 republica
594 453 685 526 atque
704 446 734 503 in
751 467 786 504 ea
806 467 838 504 se
857 446 1057 505 excellentius
1073 468 1177 526 gerere
1193 455 1259 505 stu-

250 548 385 601 duerunt
401 561 408 603 ε
428 543 540 614 quibus
556 564 593 601 ex
610 543 773 620 generibus
787 542 894 602 alteri*
910 564 941 602 se
954 544 1131 623 populares,
1148 543 1260 602 alteri*

249 640 414 718 optimates
433 647 464 698 et
483 639 587 699 haberi
607 648 638 698 et
656 661 721 699 esse
739 641 916 700 voluerunt.
936 640 995 707 Qui
1016 661 1050 700 ea
1069 663 1138 722 quae
1164 641 1259 700 sacie-

249 737 324 794 bnnt
344 757 474 816 quaeque
489 736 634 796 dicebant
648 737 840 796 multitudini
859 737 999 818 jucunda
1017 759 1083 797 esse
1098 738 1256 809 volebant,

249 833 436 913 populares;
466 834 518 914 qui
546 842 649 893 autem
675 836 717 892 ita
742 855 774 893 se
803 835 961 913 gerebant,
993 842 1027 893 ut
1051 857 1105 894 sua
1129 835 1258 894 consilia

248 931 369 1010 optimo
394 931 505 1010 cuique
527 932 726 1011 probarent*,
754 933 917 1012 optimates
948 931 1151 992 habebantur.
1181 931 1259 999 Quis

247 1048 322 1106 ergo
334 1028 395 1086 iste
411 1028 547 1107 optimus
562 1030 716 1108 quisque?
732 1028 779 1087 De
791 1049 921 1088 numero
936 1029 961 1088 si
977 1029 1099 1108 quaeris
1116 1030 1259 1087 innume-

248 1124 361 1183 rabiles
378 1144 385 1186 ε
401 1146 500 1205 neque
516 1126 596 1184 enim
609 1125 698 1185 aliter
712 1133 792 1184 stare
806 1147 978 1206 possemus,
995 1127 1073 1184 Sunt
1087 1126 1260 1206 principes*

248 1222 370 1280 consilii
386 1222 520 1302 publici;
536 1229 609 1281 sunt
626 1223 682 1304 qui
703 1243 809 1282 eorum
833 1230 947 1283 sectam
972 1230 1164 1302 sequuntur;
1185 1230 1261 1281 sunt

249 1320 453 1379 maximorum
471 1320 616 1379 ordinum
640 1320 791 1393 homines,
809 1320 923 1400 quibus
941 1323 1047 1400 patet*
1062 1321 1164 1393 curia3
1185 1327 1260 1378 sunt

248 1416 470 1496 municipales*
481 1418 670 1497 rusticique*
684 1415 836 1489 Romani,
855 1412 929 1482 sunt
944 1418 1066 1496 negotia
1088 1417 1257 1496 gerentes*,

248 1522 321 1573 sunt
342 1515 433 1573 etiam
454 1514 613 1573 libertini*
633 1515 809 1593 optimates.
832 1514 999 1587 NumeruS,
1017 1521 1052 1573 ut
1071 1515 1146 1586 dixi,
1165 1514 1261 1594 hujus

248 1612 367 1689 generis
383 1612 443 1670 late
460 1620 491 1670 et
505 1613 590 1670 varie
608 1612 737 1670 diffusus
751 1618 814 1682 est;
833 1612 884 1670 sed
900 1632 997 1689 genus
1016 1612 1206 1679 universum,
1224 1617 1260 1668 ut

247 1709 376 1767 tollatur
388 1729 483 1781 error,
497 1709 582 1767 brevi
594 1709 804 1767 circumscribi
816 1716 847 1768 et
862 1709 1002 1767 deliniri*
1016 1716 1130 1788 potest.
1143 1709 1259 1767 Omnes

247 1807 415 1884 optimates
442 1814 526 1878 sunt,
556 1806 610 1886 qui
642 1827 741 1886 neque
775 1813 923 1864 nocentes
950 1813 1033 1876 sunt,
1060 1826 1117 1864 nec
1146 1814 1257 1864 natura

248 1903 391 1982 improbi,
409 1923 465 1961 nec
484 1903 606 1973 furiosi,
628 1923 684 1962 nec
703 1903 790 1962 malis
808 1903 988 1962 domesticis
1008 1903 1159 1982 impediti.
1183 1902 1259 1960 Esto

247 1984 343 2076 igitur
361 2005 395 2058 ut
414 1999 445 2056 hi
460 1999 522 2057 sint
539 1999 715 2079 optimates,
740 2020 831 2079 quam
851 2006 884 2058 tu
903 2000 1060 2058 nationem
1079 1998 1254 2079 appellasti,

248 2095 356 2174 quiqui
375 2097 507 2175 integri*
525 2104 607 2168 sunt,
625 2102 656 2155 et
672 2097 747 2168 sani,
770 2103 801 2154 et
820 2097 897 2154 bene
912 2096 950 2155 de
970 2097 1060 2155 rebus
1077 2096 1258 2154 domesticis

247 2193 420 2252 constituti.
448 2194 566 2252 Horum
590 2193 642 2273 qui
667 2193 832 2265 voluntati,
856 2193 1037 2266 commodis,
1064 2193 1203 2272 opinioni
1225 2192 1258 2250 in

247 2289 453 2366 gubernanda
479 2290 636 2370 republica
662 2290 813 2363 serviunt,
841 2290 1018 2348 defensores
1047 2290 1258 2369 optimatium,

246 2369 370 2466 ipsique
387 2387 552 2466 optimates
571 2387 756 2465 gravissimi,
772 2395 802 2446 et
817 2387 979 2446 clarissimi
997 2387 1080 2446 cives
1095 2407 1260 2445 numeran-

247 2490 308 2556 tur,
325 2493 356 2542 et
371 2485 525 2564 principes
539 2485 683 2544 civitatis.

278 2622 319 2670 N⁰
335 2621 401 2672 273
421 2621 691 2677 :Alteri...alteri,
705 2635 785 2682 parce
800 2619 862 2683 qu'il
876 2619 952 2682 s'agit
968 2621 1001 2667 de
1017 2622 1086 2668 deux
1103 2620 1253 2682 categorias

248 2682 391 2730 distinctes
409 2686 436 2730 et
453 2683 594 2745 oppose'es.
607 2711 637 2718 -
655 2684 839 2732 Probarent
852 2682 1014 2746 :jucunda
1028 2685 1125 2740 essent,
1137 2682 1255 2745 probata

247 2746 344 2816 essent.
360 2772 388 2780 —
401 2745 575 2816 Principes
590 2761 595 2792 :
609 2745 627 2791 il
641 2744 765 2816 s'agitudu
779 2745 856 2816 senat
867 2746 934 2792 dont
946 2744 1058 2792 Ciceron
1071 2760 1086 2792 a
1098 2744 1185 2791 donne
1204 2759 1257 2814 pne

247 2805 407 2867 magnifique
420 2806 562 2853 definition
576 2808 642 2853 dans
656 2808 680 2854 la
694 2807 856 2854 illilonienne
872 2808 930 2868 (33).
944 2833 973 2840 -
986 2807 1092 2856 Patet.
1108 2807 1260 2853 Ponva1cnt

247 2871 338 2914 entrer
350 2869 416 2915 dans
429 2868 452 2914 le
466 2868 546 2915 senat
558 2872 619 2915 tous
633 2884 699 2916 ceux
712 2869 757 2928 qui
771 2869 878 2916 avaient
890 2867 982 2914 enercc'¹
1001 2883 1053 2914 nne
1071 2869 1260 2929 magistrature

247 2930 339 2977 curule
355 2930 458 2992 (ediles,
478 2933 629 2990 questcurs,
646 2930 777 2992 preteurs,
796 2930 913 2988 consuls,
932 2930 1079 2992 ccnseurs),
1097 2930 1227 2990 auxquels
1240 2930 1259 2975 il

248 2992 306 3038 taut
322 2992 430 3052 joindre
450 2991 488 3037 les
509 2992 657 3038 chevaliers
677 2994 703 3038 et
724 2991 762 3038 les
784 2992 890 3038 tribuns
913 2992 948 3038 du
969 2992 1054 3038 tresor
1076 2990 1204 3053 (aerarii).
1227 3017 1258 3026 -

248 3053 471 3115 Municipales
487 3068 492 3100 :
509 3053 546 3100 les
561 3053 698 3100 habitants
716 3055 763 3100 des
777 3055 843 3101 cite's
862 3055 957 3101 latines
971 3054 1066 3115 (aequo
1085 3052 1213 3115 foedere),
1231 3056 1261 3100 et

247 3117 298 3162 des
311 3115 388 3161 villcs
402 3113 521 3162 lddc're'cs
535 3116 650 3161 admises
664 3115 678 3161 d
691 3115 715 3162 la
729 3115 781 3162 cite
797 3117 914 3162 romaine
929 3130 977 3176 par
994 3115 1032 3161 les
1047 3115 1096 3162 lois
1109 3113 1218 3178 Papiria
1231 3118 1259 3162 et

247 3176 323 3224 dulia
341 3177 380 3236 (89
402 3179 429 3223 et
456 3177 504 3237 90).
529 3204 559 3211 —
579 3175 721 3232 Rustici,
741 3177 779 3224 les
801 3183 827 3223 31
855 3177 940 3224 tribus
960 3178 1094 3238 rusliques
1118 3182 1180 3225 sont
1197 3176 1259 3238 plus

249 3238 421 3286 considentes
432 3242 458 3284 et
469 3241 564 3285 volent
576 3239 664 3284 mieux
676 3253 726 3298 que
737 3239 775 3285 les
786 3243 799 3285 4
812 3239 899 3286 tribus
908 3238 1041 3285 urbaincs.
1053 3267 1083 3273 —
1092 3239 1258 3294 serentes,

249 3299 347 3346 l'ordre
368 3300 414 3346 des
434 3299 593 3359 publicains.
614 3328 640 3335 —
660 3299 832 3357 Libertini,
851 3301 889 3346 les
908 3300 949 3347 fils
970 3299 1138 3346 cl'atl'ranchis
1158 3300 1260 3348 etaient

250 3361 383 3408 assimiles
401 3375 452 3407 aux
470 3361 594 3423 citoyens
613 3363 645 3408 de
665 3362 735 3422 plein
755 3363 826 3409 droit
845 3378 850 3409 ;
869 3362 892 3408 le
913 3363 992 3423 poete
1010 3363 1114 3409 Horace
1135 3361 1200 3410 etan
1216 3361 1258 3408 fils

251 3420 417 3470 d'all'ranchi.
433 3449 460 3457 -
475 3423 620 3472 Definiri.
634 3423 755 3484 Opposer
767 3423 790 3469 la
802 3423 940 3470 dc'finition
957 3425 1079 3470 suivante
1091 3426 1104 3470 a
1117 3425 1182 3471 celle
1194 3422 1258 3485 qu'il

250 3484 383 3531 adonnee
401 3485 436 3531 du
454 3486 524 3546 parti
542 3487 577 3531 du
595 3485 720 3554 desorclre
735 3485 820 3554 (chap.
836 3486 881 3544 lV,
896 3486 1001 3554 version
1016 3485 1258 3554 905).71ntegri

247 3547 439 3606 correspondet
450 3548 582 3604 nocentes,
597 3548 677 3594 senia
688 3545 803 3608 improbi
816 3551 843 3593 et
853 3548 867 3593 a
878 3546 978 3607 furiosi
988 3547 1094 3607 ¹furiosi
1107 3552 1148 3594 est
1161 3547 1185 3594 la
1196 3561 1259 3593 con-

248 3606 383 3669 sequence
394 3608 426 3654 de
439 3611 561 3655 nocentes
575 3611 601 3656 et
613 3610 644 3656 de
656 3607 827 3670 improbi),<et
835 3608 998 3655 constitutit
1008 3608 1137 3670 impediti.
1152 3609 1191 3655 On
1205 3623 1218 3654 a
1232 3608 1257 3654 la

248 3683 285 3716 un
309 3670 430 3730 exemple
453 3671 485 3715 de
503 3685 547 3717 ces
565 3669 781 3716 redoublements
803 3668 1005 3731 d‘exprcssions.
1027 3672 1071 3731 qui
1089 3671 1257 3719 constituent

247 3745 313 3777 avec
338 3730 363 3776 la
382 3730 455 3792 copia
475 3735 501 3778 et
519 3730 656 3789 l'ubertas,
669 3733 708 3778 les
722 3732 789 3779 trois
806 3732 1003 3793 particularitas
1022 3733 1060 3778 les
1078 3733 1137 3794 plus
1154 3746 1255 3778 remar-

246 3792 361 3852 quablcs
372 3793 406 3837 du
428 3793 497 3852 style
511 3794 543 3839 de
555 3793 674 3840 Ciceron.

670 3903 828 3953 -276-
