2658 4244
23 253 24 288 ,
103 188 154 244 74.
170 187 286 244 caton
302 187 326 244 a
340 185 525 244 Labienus
541 185 602 256 qut
617 187 651 242 le
666 185 783 255 prime
798 185 1048 256 d’interroger

380 275 531 332 l'oracle
547 275 762 332 d'Hemmon

91 359 194 410 labieno
207 361 330 410 hortanti
343 364 370 409 nt
382 361 537 410 Hammonis
549 361 691 410 oracutum
701 361 825 408 consulat
837 361 979 424 respondet
990 359 1074 423 Cato.)

116 476 163 534 llle
173 477 185 500 *
200 477 258 536 deo
276 476 395 556 plenus,
413 477 504 535 tacita
520 497 610 556 quem
625 483 726 534 mente
739 475 894 554 gerebat*,
1089 448 1130 512 2⁹

116 573 226 632 Elludit
242 571 350 650 dignas
366 573 465 652 adytis
481 595 497 631 e
511 581 635 652 pectore
648 593 739 632 voces
755 591 761 632 :

116 695 128 723 ιι
145 670 222 737 Quid
240 671 357 750 quaeri,
376 670 525 740 Labiene,
539 670 655 749 jubes?
670 673 719 728 An
735 669 813 728 liber
827 669 858 727 in
873 667 965 728 armis

115 765 298 826 Occubuisse
313 766 404 825 velim
421 768 524 846 potius
540 787 630 846 quam
644 767 756 844 regna*
769 765 894 826 videre?

114 866 157 921 An
172 864 213 922 sit
227 864 292 922 vita
308 863 396 932 nihil,
414 873 444 923 et
459 864 570 941 longa?
586 885 624 922 an
639 863 783 921 dillerat*
797 865 903 923 aetas?
930 869 933 874 '

115 963 158 1019 An
172 967 284 1020 noceat
298 961 344 1018 vis
360 961 441 1020 ulla*
455 960 556 1020 bono?
572 961 758 1040 fortunaque
772 961 881 1040 perdat

115 1057 259 1137 Opposita
274 1057 390 1116 virtute
407 1059 526 1118 minas?
541 1057 756 1137 laudandaque
772 1057 851 1117 velle

114 1154 156 1212 Sit
167 1155 255 1232 satis,
267 1162 298 1213 et
310 1176 478 1234 numquam
492 1175 635 1213 successu
652 1162 769 1213 crescat
784 1153 990 1214 honestum'?

114 1251 239 1325 Scimus,
257 1251 374 1310 ethaeo
389 1252 476 1325 nobis
492 1272 554 1309 non
567 1251 661 1310 altius
676 1251 792 1310 inseret
810 1252 975 1310 Hammon.

116 1348 302 1406 Haeremus*
318 1349 421 1407 cuncti
438 1349 574 1427 Superis,
593 1348 934 1427 temploque*tacente,

114 1443 158 1501 Nil
172 1445 292 1522 agimus
309 1446 367 1504 nisi
382 1455 494 1524 sponte
511 1446 567 1503 Dei
586 1463 592 1504 :
610 1465 666 1503 nec
682 1445 810 1504 vocibus
827 1444 896 1502 ullis

115 1539 254 1600 Numen*
270 1550 362 1620 eget:
379 1543 519 1621 dixitque
535 1541 627 1600 semel
642 1541 841 1600 nascentibus
854 1545 972 1600 Auctor

114 1637 268 1718 Quidquid
284 1639 361 1696 scire
376 1639 458 1698 licet.
474 1638 598 1697 Steriles
616 1657 673 1696 nec
687 1638 762 1715 legit
776 1659 896 1711 arenae,

116 1733 153 1792 Ut
164 1742 291 1794 caneret
306 1737 423 1814 pauciS,
437 1737 605 1815 mersitque
619 1735 677 1793 hoc
691 1735 818 1814 pulvere
835 1755 942 1793 verum
958 1753 965 1795 τ

116 1831 227 1910 Estque
244 1833 293 1890 dei
309 1832 396 1891 sedes
408 1834 460 1891 ubi
479 1841 570 1901 terra,
586 1840 616 1890 et
631 1840 757 1912 pontus,
773 1839 804 1891 et
816 1852 877 1905 aer,

116 1927 148 1986 Et
160 1928 290 2001 caelum,
309 1936 340 1987 et
352 1930 479 1988 virtus*.
495 1931 629 2009 Superos
639 1929 713 2009 quid
727 1929 903 2008 quaerimus
917 1928 1019 1986 ultra?

113 2024 256 2104 luppiter
266 2033 313 2084 est
327 2026 544 2107 quodcumque
563 2025 659 2096 vides,
676 2026 893 2106 quodcumque
914 2024 1046 2083 moveris
1054 2023 1077 2084 ¹.

115 2122 274 2199 Sortilegis
289 2130 400 2200 egeant
417 2124 513 2194 dubii,
531 2144 713 2202 semperque
729 2123 841 2181 suturis

118 2218 245 2277 Casibus
265 2220 435 2299 ancipites:
453 2241 574 2278 menon
590 2219 715 2279 oracula
730 2229 859 2292 certum,

117 2315 173 2373 Sed
189 2336 272 2374 mors
290 2320 395 2376 certa*
411 2318 484 2376 lacit
502 2337 508 2376 τ
527 2316 639 2396 pavido
653 2317 786 2396 sortique
802 2316 974 2375 cadendum
988 2320 1044 2374 est.

119 2412 183 2471 Hoc
202 2413 277 2471 satis
293 2423 339 2472 est
354 2414 467 2472 dixisse
481 2415 497 2472 l
502 2434 591 2472 ovem
602 2439 629 2472 u.

108 2555 146 2605 N⁰
160 2557 203 2606 74
218 2569 225 2605 :
240 2557 299 2606 Ille
317 2573 323 2605 :
337 2558 430 2606 Coton.
446 2559 544 2605 Lucain
557 2573 590 2605 ve
603 2562 699 2606 mettre
712 2559 778 2605 dans
791 2558 816 2605 la
829 2557 933 2604 bouche
950 2558 982 2603 de
996 2556 1081 2603 Caton

82 2615 187 2676 (comme
202 2619 311 2666 ailleurs
331 2621 398 2667 dans
413 2620 478 2667 colle
496 2621 528 2667 de
547 2621 656 2681 Brutus)
672 2635 714 2666 ses
732 2635 842 2681 propres
861 2621 1027 2667 sentiments.
1044 2619 1081 2666 Le

83 2679 151 2726 ticrte
164 2681 312 2727 sto'icienne
330 2681 415 2728 delate
428 2683 461 2728 ici
479 2683 545 2728 dans
559 2685 633 2729 toute
647 2697 675 2728 sa
688 2682 810 2729 hauteur.
825 2681 875 2728 Les
891 2682 1031 2742 injustices
1048 2681 1081 2726 de

83 2737 204 2788 l'histoire
216 2746 263 2789 ont
276 2744 366 2803 appris
376 2745 390 2789 a
402 2743 486 2790 Caton
502 2745 516 2790 d
531 2759 563 2790 ne
584 2759 632 2805 pas
654 2744 738 2790 croire
750 2745 764 2790 al
775 2744 799 2790 la
818 2743 990 2790 Providonce.
1012 2742 1032 2787 ll
1048 2755 1081 2788 ne

83 2803 146 2849 croit
157 2819 204 2864 pas
216 2805 230 2850 a
243 2802 349 2851 l'oracle
363 2803 531 2862 d'Hammon,
549 2806 615 2852 mais
632 2806 651 2852 il
668 2806 736 2852 croit
752 2806 766 2851 a
783 2803 889 2851 l'oracle
909 2806 942 2851 de
962 2819 989 2851 sa
1002 2818 1081 2849 cons-

84 2863 177 2922 cience,
195 2865 213 2911 il
229 2866 298 2912 croit
318 2867 332 2912 a
351 2867 375 2912 la
390 2871 466 2913 ver-tu
483 2871 510 2914 et
527 2882 559 2913 au
577 2867 679 2925 devoir,
695 2870 722 2914 et
741 2867 759 2913 il
777 2866 816 2930 s'y
831 2867 938 2913 attache
957 2864 1082 2926 desespe-

84 2925 189 2974 rlment.
214 2953 244 2962 -
269 2927 422 2977 Gerebat.
445 2929 484 2976 Cl.
514 2928 644 2989 Sinuque,
667 2929 682 2975 a
704 2927 788 2976 Lucil.
813 2931 850 2974 41.
874 2928 913 2975 ct.
940 2928 964 2974 le
986 2927 1082 2973 de'mon

85 2986 114 3031 dc
136 2987 261 3037 Socrate.
286 3015 316 3023 -
336 2989 463 3052 Regna,
492 2990 638 3037 allusione
661 2990 754 3039 Cesar.
776 3017 807 3025 —
833 2989 985 3046 Differat,
1009 3003 1082 3035 sous-

18 3087 20 3096 ,
84 3051 195 3112 entendu
214 3051 335 3098 mortem.
354 3078 385 3086 -
395 3051 454 3100 Vis
466 3052 544 3101 ulla.
557 3052 595 3099 Cl.
613 3053 726 3111 Horace,
741 3051 788 3100 Od.
803 3052 849 3110 111,
864 3056 896 3099 3:
912 3071 921 3094 ι
934 3051 961 3098 Si
977 3049 1082 3110 fractus

18 3107 20 3152 i
86 3107 210 3158 illabatur
229 3111 305 3159 orbis
329 3111 497 3175 lmpavidnm
518 3111 618 3173 ferient
634 3113 721 3161 ruinae
737 3134 758 3162 u.
778 3141 805 3150 -
828 3114 1015 3162 Honestum.
1041 3112 1080 3158 Cl-

85 3168 202 3232 Juvenal,
216 3173 280 3232 Sat,
294 3173 326 3232 X,
341 3178 394 3222 141.
410 3202 438 3210 -
451 3176 632 3224 Haeremus.
647 3176 686 3223 Cl'.
703 3176 776 3236 Virg.
790 3175 895 3238 Gdorp„
909 3175 953 3232 lV,
968 3178 1081 3220 ‘iat-227.

86 3255 111 3263 -
125 3232 322 3296 Temploque
335 3255 365 3278 =
383 3236 544 3300 templisque
561 3237 702 3298 (deornm).
718 3264 748 3272 —-
763 3237 889 3286 Numen
906 3238 946 3284 :lo
960 3236 1081 3293 divinite,

87 3304 187 3342 auseris
200 3297 247 3343 des
258 3297 394 3345 stoiciens.
410 3325 437 3333 -
450 3299 492 3348 ut
501 3298 620 3347 virtus.
636 3318 646 3340 ιι
657 3299 753 3346 Mettez
768 3298 903 3345 ensemblc
917 3301 975 3344 tout
988 3313 1018 3344 ce
1031 3312 1083 3358 que

86 3351 119 3399 les
129 3358 237 3404 enciens
252 3358 345 3418 poetes
358 3362 405 3406 ont
418 3360 458 3406 dit
471 3361 518 3407 des
533 3361 621 3417 dieux,
635 3375 665 3406 ce
678 3364 739 3407 sont
751 3361 799 3406 des
816 3361 938 3406 discours
951 3359 1083 3406 d'enlants

86 3427 113 3460 en
126 3420 312 3486 comparaison
329 3420 401 3467 dece
415 3436 538 3468 morceau
553 3422 585 3468 de
598 3421 697 3467 Lucain
712 3441 722 3462 o
735 3421 873 3481 (Voltaire,
890 3421 958 3468 Diot.
971 3421 1082 3483 philos,

86 3479 171 3526 article
194 3480 309 3542 e'pope'e).
331 3507 358 3516 -
378 3482 607 3544 Quodcumque
625 3483 767 3531 moveris
784 3503 814 3526 =
831 3483 858 3529 in
885 3497 1083 3546 quamcumque

86 3541 182 3594 partem
199 3543 315 3590 moveris
327 3542 533 3604 (mouvements,
548 3545 725 3604 sentiments).
738 3571 766 3578 —
777 3545 868 3593 Mors
885 3547 988 3595 certa.
1007 3545 1027 3590 ll
1042 3547 1084 3590 est

86 3605 263 3668 temarquable
279 3619 330 3665 que
341 3604 365 3652 lc
378 3607 514 3652 stoicisme
528 3610 554 3653 et
567 3607 591 3652 le
602 3606 797 3653 christianismo
808 3607 879 3653 aient
890 3605 942 3654 l'un
954 3611 980 3653 et
990 3605 1084 3652 l'autre

86 3658 130 3707 tm
142 3667 257 3722 graviter
271 3669 347 3713 toute
358 3667 416 3714 leur
427 3668 527 3714 morale
542 3672 639 3715 eutour
651 3669 683 3714 de
696 3671 767 3714 cette
780 3668 839 3714 iddc
852 3670 884 3714 dc
906 3670 930 3716 la
948 3673 1026 3716 mort.
1043 3667 1083 3715 Cl.

88 3719 182 3790 Pascal,
196 3727 237 3774 cd.
254 3728 352 3786 Havet,
375 3729 428 3775 IX:
445 3750 454 3770 ιι
470 3729 541 3776 Τουῑ
558 3744 587 3776 ce
605 3745 656 3790 que
670 3730 697 3790 je
719 3731 829 3777 connais
844 3733 885 3776 est
909 3746 959 3790 que
978 3732 1005 3791 je
1025 3731 1085 3776 dois

87 3780 183 3834 bientot
199 3790 330 3837 mourir...
345 3809 365 3836 o.
383 3791 421 3838 Cf.
437 3792 560 3849 Bossuet,
577 3791 687 3839 Sermon
697 3806 745 3838 sur
759 3792 784 3839 la
794 3793 872 3839 Mori.

514 3926 655 3976 ...75-
