2696 4244
148 212 231 269 224.
251 215 346 269 Pour
366 214 476 282 qu’un
499 211 703 283 magistrat
729 211 801 269 soit
825 210 895 282 e'lu,
915 210 941 267 11
960 210 1042 268 taut
1063 209 1151 280 qu’il

190 299 262 357 soit
281 298 468 369 proclamo
489 313 561 369 par
579 301 614 357 le
634 297 825 369 president
846 301 913 357 des
933 298 1106 357 comicae.

177 411 302 476 (Nullum
313 402 502 477 magistratum
512 427 569 462 esse
579 415 700 463 creatum
713 413 764 478 qui
775 428 790 461 a
803 412 982 462 Comitiorum
992 413 1119 476 rogaturo

492 493 666 543 renuntiatus
680 491 801 556 nonsit.)

187 630 224 694 C.
254 633 326 693 Piso
350 633 478 694 mirifice
500 641 530 693 et
560 631 738 694 constanter
762 634 942 692 turbulento
973 631 1150 712 reipublicae
1165 629 1209 690 4·

146 735 229 788 statu
240 731 303 809 egit
311 731 480 791 consulem.
498 731 542 790 M.
558 732 693 791 Palicani
706 734 727 801 ¹¹,
743 730 988 789 seditiosissimi*
1004 729 1149 800 hominis,

147 826 302 906 pestiferis
326 827 482 887 blanditiis
505 836 675 908 praereptus
698 827 803 907 populi
829 827 918 886 lavor
938 825 1152 885 consularibus

147 923 300 982 comitiis*
312 945 465 983 summum
483 924 616 983 dedecus
634 926 797 984 admittere
813 924 1014 995 conahatur*,
1029 922 1153 1002 amplis-

147 1019 260 1078 simum
273 1021 300 1078 ei
316 1020 479 1100 imperium
492 1021 613 1080 deferre
625 1023 766 1101 cupiens,
779 1022 867 1101 cujus
881 1020 1063 1104 taeterrimis
1076 1018 1152 1077 actis

148 1116 334 1196 exquisitum
358 1118 461 1196 potius
481 1118 668 1198 supplicium
689 1139 779 1197 quam
801 1118 881 1177 ullus
902 1117 1000 1176 honos
1022 1115 1154 1175 debeba-

148 1220 215 1286 tur;
234 1234 289 1272 nec
307 1214 412 1273 deerat
428 1222 632 1274 consternatis
649 1215 838 1274 multitudini
856 1215 974 1274 furialis
992 1215 1041 1272 fax
1054 1213 1153 1272 tribu-

149 1309 239 1383 nicia,
262 1331 329 1389 quae
350 1313 555 1372 temeritatem
574 1313 639 1392 ejus
663 1321 693 1370 et
711 1307 849 1370 ruentein
872 1313 1071 1370 comitaretur
1081 1305 1154 1380 *,'et

148 1405 345 1484 languentem
363 1408 536 1467 actionibus
550 1408 612 1467 suis
626 1410 839 1469 inflammaret.
859 1409 893 1468 ln
907 1409 965 1467 hoc
980 1398 1153 1466 miserando

149 1503 264 1580 pariter
286 1511 317 1562 et
335 1505 545 1564 erubescendo
561 1513 642 1564 statu
658 1506 804 1575 civitatis
825 1512 943 1564 tantum
961 1507 1042 1562 non*
1057 1504 1154 1562 mani-

151 1598 208 1658 bus
234 1601 429 1684 tribunorum
460 1623 516 1681 pro
543 1603 650 1661 rostris
681 1603 751 1661 Piso
777 1602 956 1674 collocatus,
984 1623 1055 1660 cum
1081 1600 1154 1659 hinc

148 1702 242 1776 atque
262 1698 346 1757 illinc
368 1719 437 1757 eum
458 1698 655 1771 ambissent',
679 1706 709 1758 et
730 1721 768 1758 an
789 1698 977 1768 Palicanum,
1003 1698 1154 1774 suffragiis

114 1807 116 1813 ’
150 1793 257 1872 populi
272 1796 429 1854 consulem
442 1803 591 1868 creatum,
610 1797 861 1855 renuntiaturus*
879 1803 969 1866 esset,
987 1796 1155 1871 interroga-

150 1895 246 1957 retur,
261 1891 364 1968 primo
383 1892 566 1970 respondit:
585 1913 646 1950 non
668 1894 842 1951 existimare
861 1913 892 1950 se
912 1893 1004 1951 tantis
1019 1891 1155 1950 tenebris

149 1986 278 2046 ollusam
301 2008 366 2046 esse
384 1988 605 2068 rempublicam
628 1997 661 2048 ut
686 1982 745 2048 liuc
770 1990 963 2067 indignitatis
985 1989 1152 2046 veniretur.

152 2081 281 2157 Deinde,
298 2105 367 2143 cum
384 2093 618 2165 perseveranter
632 2087 784 2144 instarent
803 2107 838 2144 ac
853 2087 1012 2146 dicerent:
1031 2087 1106 2163 Age,
1129 2083 1155 2142 si

152 2187 279 2238 ventum
295 2181 409 2240 luerit?
432 2217 470 2227 -
492 2182 561 2241 Non
582 2183 777 2253 renuntiabo
804 2184 916 2264 inquit.
940 2182 1008 2249 Quo
1030 2183 1155 2262 quidem

152 2282 215 2334 tam
237 2279 373 2336 abscisso
398 2299 546 2359 responso
570 2279 764 2338 consulatum
791 2280 947 2352 Palicano,
975 2281 1156 2361 priusquam

153 2372 238 2431 illum
253 2375 487 2454 adipisceretur,
507 2375 629 2456 eripuit.

183 2556 223 2606 Νο
237 2558 321 2610 224:
333 2559 493 2610 Palicani.
506 2560 566 2608 Ceci
580 2576 608 2608 se
621 2575 699 2622 passe
712 2576 744 2608 en
762 2566 800 2610 ot.
820 2561 855 2610 Ce
873 2561 1014 2610 Palicanus
1027 2563 1101 2610 avait
1113 2562 1157 2610 ete

154 2620 260 2666 nomme'
274 2621 364 2668 tribun
382 2637 415 2669 en
433 2627 471 2682 71,
485 2626 512 2669 et
529 2624 602 2670 avait
612 2624 662 2670 fait
678 2624 772 2670 rendre
785 2638 818 2671 au
831 2622 953 2672 tribunat
964 2639 1006 2672 ses
1019 2625 1112 2672 droits.
1126 2651 1158 2660 -

153 2680 414 2732 seditiosissimi.
436 2685 471 2730 Le
489 2699 550 2731 sens
566 2685 598 2732 de
612 2699 641 2731 ce
661 2688 718 2732 mot
736 2689 778 2733 est
796 2684 944 2734 determine
959 2699 1008 2747 par
1023 2686 1048 2733 la
1067 2687 1157 2733 racine

154 2744 240 2790 nieme
250 2759 255 2791 :
265 2743 361 2792 seditio
372 2746 445 2792 vient
453 2747 485 2793 de
494 2760 529 2802 cc,
538 2747 592 2805 ced,
602 2746 733 2807 apart(cl.
743 2745 863 2806 seorsim,
877 2747 1009 2810 secedere)
1020 2750 1046 2794 et
1055 2748 1089 2795 de
1098 2746 1157 2809 itio,

152 2805 243 2850 action
261 2805 359 2854 d¹aller.
379 2807 414 2854 Le
432 2808 564 2855 contraire
581 2809 614 2855 de
631 2807 728 2854 seditio
746 2812 786 2856 est
801 2807 889 2856 contio
906 2807 949 2872 (de
967 2823 1036 2868 cum,
1054 2809 1155 2868 venire,

154 2867 281 2928 uentum),
296 2868 319 2915 le
332 2869 429 2930 penple
442 2869 516 2915 renni
529 2884 561 2916 en
574 2869 722 2916 assemblee
738 2870 863 2930 pleniere.
878 2897 906 2908 -
921 2869 1077 2920 comitiis.
1091 2871 1158 2918 Voir

154 2927 178 2974 le
192 2928 305 2989 lenique.
319 2957 349 2964 -
362 2930 560 2988 Gonabatur,
579 2946 593 2978 a
611 2946 680 2992 pour
697 2933 767 2992 sajet
785 2931 870 2993 [lavor.
884 2959 915 2968 —
927 2931 1156 2992 comitaretur,

155 3003 204 3050 par
222 2989 396 3039 l'intcrccssio
416 2996 442 3040 ct
461 2991 575 3039 l'aunilii
598 2992 670 3040 latio.
694 2994 760 3040 Voir
781 3008 825 3041 ces
845 2997 915 3042 mots
936 3009 970 3041 au
991 2995 1104 3055 lenique.
1127 3021 1158 3030 -

153 3051 297 3101 Tantum
312 3066 374 3102 non
384 3073 415 3096 =
427 3053 491 3114 [erc.
503 3081 533 3088 -
546 3052 737 3104 Ambissent
749 3070 754 3104 :
764 3056 782 3102 il
794 3071 811 3116 y
825 3070 901 3102 aune
911 3056 970 3104 idee
981 3057 1013 3103 de
1026 3057 1155 3105 violence.

154 3139 184 3146 -
203 3113 477 3165 Renuntiaiurus.
503 3116 538 3162 Le
564 3116 701 3176 president
723 3117 770 3164 des
796 3118 911 3164 cornices
930 3118 1061 3181 (reputor)
1086 3118 1159 3165 avait

153 3175 221 3221 dans
234 3173 398 3223 l'assemblde
411 3177 457 3223 des
468 3178 583 3224 comices
595 3193 630 3224 un
644 3179 758 3239 pouvoir
768 3179 997 3228 discre'tionnaire.
1013 3180 1034 3226 ll
1046 3180 1159 3241 pouvait

154 3239 258 3284 statuer
270 3253 316 3284 sur
327 3239 352 3284 la
364 3238 469 3298 legalite'
482 3240 514 3285 de
528 3243 617 3287 tontes
631 3240 668 3286 les
681 3241 869 3288 candidatures
881 3242 925 3302 qui
938 3241 975 3288 lui
986 3241 1088 3289 etaient
1100 3241 1158 3302 prt-

153 3299 269 3356 scntc'es,
289 3304 315 3347 et
335 3315 368 3347 on
389 3315 421 3346 ne
441 3301 552 3361 pouvait
571 3316 603 3348 en
621 3302 730 3363 appeler
749 3303 781 3348 de
799 3317 827 3349 sa
847 3306 973 3350 sentence
986 3304 1076 3364 quand
1088 3304 1107 3350 il
1124 3319 1156 3351 en

155 3359 283 3407 declarati
300 3376 351 3407 une
364 3363 434 3409 nulle
447 3365 474 3408 et
491 3376 544 3409 non
557 3378 667 3410 avenue.
683 3363 768 3422 Enim,
785 3364 862 3424 apres
879 3364 903 3411 le
921 3369 992 3423 vote,
1010 3365 1029 3412 il
1046 3366 1158 3425 pouvait

155 3423 258 3468 ret'user
269 3423 301 3468 de
314 3424 463 3484 proclamer
473 3423 659 3485 (renuntiatio)
668 3440 703 3471 un
715 3425 765 3481 elu,
778 3429 805 3473 et
815 3427 926 3473 annuler
936 3427 1003 3473 ainsi
1013 3426 1156 3475 l’election.

155 3483 232 3530 Cctte
244 3485 438 3545 proclamation
456 3485 665 3547 (indispensable
678 3488 694 3533 a
705 3487 730 3534 la
743 3488 852 3535 validite
866 3489 912 3535 des
924 3488 1061 3545 electioris,
1076 3503 1156 3550 parce

154 3547 1158 3620 queseuleclleconserclcdroitd'auspices)marquaitlasindesope'rations

155 3608 320 3654 electoralcs.
335 3609 384 3656 Les
402 3609 529 3656 electioris
542 3623 574 3656 ne
591 3611 737 3672 pouvaient
754 3612 814 3672 plus
827 3611 896 3658 alors
914 3612 971 3659 ttre
986 3612 1092 3664 cassies
1105 3627 1158 3672 que

155 3683 224 3730 pour
235 3670 293 3716 vice
306 3671 338 3716 de
352 3671 435 3718 l'orme
449 3669 641 3732 (l’intercessio‚
655 3673 714 3719 voir
728 3687 761 3718 au
780 3673 892 3733 lenique,
906 3687 941 3720 ou
958 3671 1157 3732 l'obnuntiatio‚

152 3731 309 3838 pnpposition
323 3732 438 3841 ilnottivtc
451 3747 498 3841 piar
510 3731 648 3857 l'annoncp
660 3735 693 3782 de
707 3734 794 3795 signes
809 3733 1004 3794 delacerables,
1020 3724 1159 3796 incoinpa-

163 3807 174 3838 ,ι
206 3806 313 3840 esarcc
336 3808 351 3840 a
376 3808 442 3841 enue
476 3809 650 3842 escomices.

577 3965 733 4016 -227-
