2658 4244
271 164 335 222 89ae
351 166 518 234 Auguste
538 167 575 222 et
595 167 652 222 les
669 165 858 222 corbeaux
872 163 1202 232 complimenteurs.

441 287 488 350 (Dc
501 289 626 352 Augusto
636 289 662 334 ct
675 288 707 336 de
721 285 807 334 corvis
817 284 1034 348 salutatoribus.)

177 477 220 540 48
276 478 366 552 Cum,
386 488 473 560 parta
495 482 618 540 Actiaca
638 481 779 553 victoria,
802 481 931 539 Romam
947 479 1087 538 sublimis
1103 485 1241 537 reverte·
1320 485 1321 538 1

236 578 342 634 retur*
356 577 526 655 Augustus,
544 578 679 636 occurrit
698 579 725 636 ei
745 577 826 636 inter
840 577 1028 655 gratulantes
1046 576 1150 655 opifex
1170 575 1240 654 qui·
1320 625 1321 638 ³

235 672 306 731 dam
319 693 446 731 corvum
464 681 581 746 lenem,
599 695 690 753 quem
704 675 880 732 instituerat
894 674 958 732 haec
974 674 1114 732 dicere*:
1131 697 1145 726 «
1161 675 1239 743 Ave,
1320 685 1321 754 j

187 781 190 785 '
236 768 350 836 Caesar,
363 769 472 842 victor,
486 771 662 850 imperator.
678 796 691 824 n
706 771 837 829 Miratus
849 771 950 828 Caesar
960 770 1126 828 officiosam
1138 790 1239 840 avem,
1320 757 1321 828 Ῑ

237 865 347 942 viginti
363 865 487 925 milibus
506 888 701 926 nummorum
719 868 802 925 emit.
825 867 933 926 Socius
948 867 1078 945 opificis,
1095 865 1133 924 ad
1147 886 1239 944 quem

237 961 312 1019 nihil
341 983 378 1020 ex
405 963 454 1021 illa
485 963 669 1022 liberalitate
703 971 894 1043 pervenerat,
931 963 1095 1022 affirmavit
1123 961 1239 1020 Caesari
1320 975 1321 1044 f

237 1057 349 1116 habere
364 1059 449 1117 illum
464 1067 495 1118 et
511 1060 605 1118 alium
622 1080 761 1132 corvum,
779 1061 891 1140 quem*
906 1067 940 1118 ut
955 1061 1062 1118 allerre
1077 1065 1241 1136 cogeretur
1320 1067 1321 1140 J

238 1155 389 1231 rogavit*.
409 1156 542 1226 Abatos
563 1157 655 1214 verba
671 1178 738 1236 quae
758 1156 909 1215 didicerat
927 1157 1079 1235 expressit
1099 1174 1108 1214 :
1130 1159 1239 1225 «Ave,
1320 1143 1321 1236 J

237 1251 347 1323 victor,
369 1253 546 1331 imperator,
571 1254 697 1312 Antoni.
719 1279 731 1308 s
755 1243 837 1312 Nibil
858 1261 1020 1333 propterea
1040 1259 1239 1331 exasperatus

237 1349 395 1425 Augustus
411 1350 485 1407 satis
500 1350 610 1408 duxit*
621 1350 731 1430 jubere
746 1371 909 1408 corvorum
926 1351 1082 1408 doctorem
1100 1349 1240 1406 dividere
1320 1427 1321 1434 J

237 1452 397 1523 acceptum
413 1466 525 1505 munus
542 1467 612 1504 cum
630 1447 855 1506 contubernali.
877 1447 1033 1505 Salutatus
1053 1446 1194 1504 similiter
1211 1452 1243 1503 et

237 1561 254 1598 a
270 1541 421 1619 psittaco*
438 1549 498 1600 eta
521 1543 601 1622 pica,
621 1545 680 1601 emi
700 1565 824 1624 quoque
836 1545 940 1623 jussit.
961 1542 1141 1622 Exemplum
1158 1550 1242 1600 suto·
1320 1533 1321 1620 J

217 1670 220 1675 ·
238 1658 301 1695 rem
314 1659 481 1717 pauperem
496 1639 683 1712 sollicitavit,
701 1649 734 1699 ut
746 1662 873 1699 corvum
891 1641 1067 1698 institueret
1083 1639 1121 1698 ad
1137 1659 1241 1718 parem
1320 1661 1321 1704 3

237 1733 472 1809 salutationem;
490 1736 553 1806 sed,
571 1757 640 1794 cum
662 1737 743 1795 haud
764 1738 894 1795 multum
915 1737 1088 1816 proficeret,
1107 1757 1187 1815 saepe
1203 1735 1240 1793 ad

237 1852 324 1889 avem
339 1853 400 1889 non
413 1833 649 1910 respondentem
661 1833 762 1892 dicere
774 1834 910 1894 solebat:
926 1859 939 1887 o
953 1834 1050 1912 Opera
1063 1841 1093 1891 et
1104 1832 1241 1911 impensa

237 1928 356 2005 periit*.
374 1953 388 1981 n
405 1929 579 2007 Aliquando
598 1923 699 1988 tame'n
721 1951 832 1988 corvus
848 1931 943 2008 coepit
957 1931 1058 1988 dicere
1074 1930 1218 1987 dictatam
1231 1929 1243 1951 *
1320 1927 1321 1966 ³

237 2022 465 2084 salutationem.
487 2026 552 2084 Hac
571 2027 686 2095 audita,
706 2027 779 2085 dum
798 2028 908 2085 transit
926 2031 1093 2106 Augustus
1117 2045 1243 2104 respon·
1320 2061 1321 2076 i

237 2119 284 2178 dit
307 2139 313 2179 :
338 2147 351 2174 u
376 2122 455 2179 Satis
476 2122 558 2179 domi
581 2123 784 2182 salutatorum
807 2125 935 2182 talium*
961 2124 1069 2182 habeo,
1093 2149 1107 2177 n
1129 2123 1242 2201 Super·
1320 2139 1321 2154 ¹

238 2217 296 2274 fnit
311 2238 405 2276 corvo
421 2219 578 2286 memoria,
597 2228 630 2277 ut
643 2227 672 2278 et
685 2220 746 2290 illa,
763 2221 875 2299 quibus
888 2221 1045 2279 dominum
1061 2227 1240 2299 querentem

237 2313 356 2371 solebat
378 2315 494 2385 audire,
516 2315 714 2376 subtexeret:
736 2341 749 2370 u
773 2317 871 2396 Opera
895 2325 925 2375 et
945 2318 1082 2396 impensa
1102 2316 1202 2395 periit.
1226 2341 1240 2369 ›>

236 2410 284 2467 Ad
300 2411 381 2489 quod
396 2410 499 2468 Caesar
514 2413 591 2484 risit,
610 2413 744 2492 emitque
760 2435 847 2470 avem
865 2414 994 2492 quanti*
1011 2413 1126 2471 nullam
1141 2411 1243 2470 adhuc
1320 2423 1321 2450 l

236 2515 362 2566 emerat.

266 2691 308 2741 Νο
321 2691 385 2742 89:
404 2693 653 2742 Reverteretur.
672 2693 693 2740 ll
709 2693 785 2756 s'agit
804 2695 840 2741 du
858 2695 992 2756 triomphe
1011 2695 1167 2756 d'Auguste‚
1187 2709 1241 2740 non
1320 2699 1321 2742 ἒ

134 2805 136 2809 ,
235 2767 285 2815 pas
297 2753 525 2801 immediatement
538 2755 615 2815 apres
629 2756 736 2802 Actium
747 2756 805 2817 (31),
816 2757 882 2804 mais
896 2759 972 2818 apres
983 2757 1008 2804 la
1021 2759 1092 2818 prise
1102 2755 1242 2803 d'Alexan-

236 2816 303 2873 drie,
317 2815 341 2861 la
354 2819 425 2862 mort
442 2815 585 2863 d'Antoine
603 2821 630 2864 et
646 2818 678 2864 de
692 2817 831 2878 Cleopdtre
844 2819 883 2880 (30
901 2834 942 2866 av.
960 2819 1047 2881 J.-C.).
1066 2847 1095 2854 -
1111 2818 1240 2868 Dicere.
1320 2819 1321 2876 l

236 2876 287 2924 Les
300 2876 409 2923 oiseaux
422 2877 541 2938 parleurs
556 2883 618 2926 sont
633 2893 638 2926 :
653 2879 677 2926 le
692 2884 844 2940 perroquet,
858 2881 883 2927 la
896 2881 948 2941 pie,
962 2880 985 2927 le
1001 2881 1124 2936 corbeau,
1141 2880 1164 2926 lc
1183 2893 1242 2926 san·

236 2941 341 2997 sounet,
356 2937 529 2996 l'e'tourneam
542 2940 565 2986 le
579 2941 644 3001 geni.
656 2969 685 2975 -
697 2942 806 3001 Quem,
820 2957 848 2989 se
859 2946 984 3002 rapporte
997 2942 1108 2988 balium
1121 2955 1241 2988 coruum.
1320 2945 1321 3002 t

234 3026 266 3036 -
280 2999 434 3062 Rogavit,
446 3016 461 3046 a
469 3016 537 3061 pour
545 3002 724 3062 complement
736 3005 890 3066 Angustum
899 3005 1098 3050 sous-entendu.
1110 3001 1242 3051 —Satis
1320 3003 1321 3022 ¹

236 3061 353 3112 duxit:
372 3077 401 3108 ce
419 3063 459 3109 lut
474 3066 548 3110 toute
567 3079 595 3109 sa
608 3079 766 3124 vengeance.
788 3091 814 3099 -
833 3064 990 3115 Psittaeo.
1008 3065 1056 3112 Cet
1072 3065 1160 3111 oiseau
1175 3064 1244 3110 etait
1320 3077 1321 3132 q

236 3137 332 3170 encore
350 3124 404 3170 tres
417 3139 475 3170 rare
493 3125 507 3170 li
525 3125 608 3170 Rome
629 3127 643 3171 b
660 3125 782 3186 l'epoque
800 3125 956 3188 d'Auguste,
975 3127 1036 3174 bien
1057 3126 1119 3187 qu'il
1138 3140 1168 3172 en
1188 3127 1244 3172 soit
1320 3133 1321 3182 t

235 3185 296 3246 de'jrl
311 3186 434 3245 question
451 3187 517 3232 dens
531 3185 642 3234 Catulle.
658 3187 696 3234 Cf.
716 3187 801 3234 Ovide
815 3188 927 3250 (Amor,
943 3188 976 3247 11,
991 3189 1014 3239 61
1027 3193 1053 3235 et
1066 3189 1143 3235 Stuce
1155 3187 1241 3246 (Silo,

237 3246 271 3304 11,
285 3247 317 3307 l).
333 3274 362 3280 -
375 3246 478 3296 Periit
493 3261 498 3294 :
509 3261 591 3308 pereo
605 3251 660 3295 sert
672 3250 704 3294 de
717 3250 803 3310 passis
814 3251 828 3296 b
840 3251 934 3312 perdo.
951 3277 980 3284 -
995 3249 1174 3301 metatam,
1190 3249 1243 3294 fre·
1320 3245 1321 3282 l

236 3307 372 3369 quentatil
386 3310 422 3354 du
439 3309 520 3355 verbe
539 3309 636 3358 dicere.
653 3337 682 3344 -
705 3310 854 3360 Talium:
874 3314 993 3372 Auguste
1010 3326 1090 3371 songe
1112 3325 1163 3357 eux
1181 3325 1243 3356 cor·
1320 3319 1321 3338 ³

235 3370 323 3416 beeux
336 3370 368 3416 dc
382 3373 442 3417 tout
455 3371 469 3417 b
485 3369 592 3428 lbeure,
607 3374 634 3418 et
646 3386 694 3431 pur
710 3373 779 3419 suite
792 3373 806 3419 d
820 3388 863 3420 ses
876 3374 1026 3420 courtisans
1039 3373 1083 3432 qui
1097 3372 1121 3418 le
1134 3372 1244 3419 ssattent
1320 3371 1321 3400 ³

236 3429 404 3492 auj0urd'bui
419 3447 498 3492 parce
512 3431 573 3492 qu'il
587 3437 628 3479 est
644 3434 800 3494 vainqueur,
820 3436 885 3481 mais
899 3435 943 3494 qui
960 3435 1082 3482 auraient
1093 3437 1153 3481 tout
1168 3435 1241 3480 aussi
1320 3441 1321 3494 Ϊ

235 3492 297 3540 bien
312 3493 386 3540 batte
399 3494 516 3540 Antoinc
531 3508 535 3540 :
552 3514 562 3535 «
577 3495 674 3555 peuple
692 3495 837 3554 cameleon,
856 3497 951 3556 peuple
969 3496 1042 3556 singe
1056 3497 1091 3542 du
1108 3497 1213 3554 mettre,
1230 3516 1242 3538 »
1320 3497 1321 3560 l

235 3555 276 3601 dit
289 3555 325 3602 La
338 3555 467 3602 Fonteine
486 3555 569 3616 (vill,
589 3558 636 3617 11).
656 3557 691 3603 Le
710 3561 766 3604 mot
783 3556 929 3618 d'Auguste
942 3560 982 3604 est
999 3558 1086 3604 moins
1105 3572 1178 3604 amer
1191 3573 1243 3618 qne
1320 3561 1321 3614 l

236 3616 303 3664 celui
318 3618 350 3663 de
369 3617 465 3663 Tibbre
482 3617 507 3678 (o
525 3617 646 3664 homines
666 3618 699 3665 ad
716 3619 872 3666 seruitutem
887 3619 1015 3680 paratos),
1035 3620 1101 3666 mais
1120 3619 1139 3664 il
1160 3620 1245 3666 trahit
1320 3643 1321 3678 r

235 3678 299 3724 chcz
309 3678 332 3724 le
343 3679 422 3739 Jeune
435 3693 575 3739 empereur
586 3694 621 3726 un
635 3680 747 3740 prc'coce
765 3681 863 3741 mepris
881 3681 913 3726 de
931 3679 1042 3741 l‘espece
1060 3681 1193 3729 humaine.
1213 3708 1244 3715 -
1320 3683 1321 3744 l

236 3739 368 3800 Quanti,
384 3740 479 3802 genitis
489 3741 522 3786 de
535 3741 595 3801 prix
609 3755 644 3788 ou
660 3741 789 3788 d'estime.
802 3743 841 3789 On
858 3745 922 3803 peut
935 3743 1137 3788 sous-entendre
1147 3742 1242 3804 prelii.
1320 3747 1321 3776 l

1320 3785 1321 3828 l

669 3909 809 3960 -90-
1320 3829 1321 3916 J
