2658 4244
311 161 370 218 49.
390 126 664 219 l²roelamation
679 163 723 217 de
736 162 775 216 la
789 159 922 218 liberte'
942 162 987 216 de
1007 160 1047 216 la
1056 159 1171 217 Greee

575 262 647 318 par
666 249 903 305 Flamininus,

346 363 526 426 (Flamininus
536 377 627 411 omnes
638 349 749 427 qrae'cae
759 365 852 426 pentes
867 362 966 410 liberas
979 376 1036 410 esse
1044 359 1146 425 jubetql

174 483 216 548 4¹
282 495 397 554 Audita
423 497 519 556 voce*
543 496 692 576 praeconis
714 516 773 575 qua
802 516 907 554 omnes
936 495 1065 573 gentes‘
1090 513 1158 572 quae
1189 493 1245 550 sub

242 598 361 657 ditione
385 600 465 675 regis
497 599 633 678 Philippi
656 600 778 656 lucrant
810 598 1000 659 Flamininus
1036 597 1147 656 liberas
1180 617 1246 654 esse

236 693 377 772 jubebat,
393 697 492 775 majus
508 697 653 774 gaudium
668 696 726 754 luit
745 716 836 775 quam
854 696 937 774 quod
954 695 1131 753 universum
1147 692 1246 751 homi-

241 811 295 849 nes
317 800 472 871 caperent.
504 794 562 851 Vix
585 795 658 851 satis
683 792 807 851 credere
829 793 1011 872 aequisque
1033 791 1176 850 audisse:
1193 790 1244 848 3111

241 888 316 946 alios
346 890 470 960 intueri,
501 889 676 948 mirabundi
705 890 789 948 velut
816 890 926 948 somnii
962 909 1070 947 ranam
1098 888 1242 966 speeiem.

240 983 328 1050 Quod
345 986 382 1043 ad
397 1007 550 1067 quemque
565 984 733 1066 perimeret
744 987 765 1058 *,
784 1007 908 1046 suarum
928 987 1047 1044 aurium
1072 984 1142 1042 fidei
1155 984 1244 1042 mini-

240 1101 322 1139 mum
363 1084 534 1154 credentes,
577 1085 733 1163 proximos
782 1083 1025 1160 interrogabant.
1070 1083 1244 1140 Revocatus

240 1198 351 1256 praec0‚
367 1200 436 1237 eum
451 1182 662 1260 unusquisque
677 1202 738 1238 non
754 1180 871 1250 audire,
894 1180 945 1238 sed
967 1179 1071 1237 videre
1092 1178 1244 1237 libertatis

240 1295 302 1333 suae
323 1277 465 1334 nuntium
493 1285 607 1347 averet,
636 1278 746 1336 iterum
769 1278 951 1357 pronuntiat
974 1276 1095 1348 eadem;
1125 1285 1189 1334 tum
1205 1273 1243 1332 ab

239 1374 345 1430 cer'to*
355 1373 420 1452 jam
440 1375 552 1450 gaudio
573 1383 677 1433 tantus
699 1396 767 1432 cum
796 1374 928 1432 clamore
939 1361 1063 1453 plausus
1079 1381 1124 1431 est
1144 1380 1240 1443 ortus,

240 1469 391 1549 totiesque
407 1472 567 1549 repetitus,
581 1481 615 1531 ut
631 1471 718 1530 lacile
729 1478 891 1550 appareret
905 1471 979 1528 nihil
998 1471 1135 1529 omnium
1147 1469 1243 1526 bono-

239 1586 305 1622 rum
320 1567 510 1626 multitudini
524 1569 640 1646 gratius
656 1589 746 1646 quam
764 1568 954 1626 libertatem*
965 1589 1040 1626 csse.
1059 1567 1243 1625 Ludicrum*

238 1661 350 1721 deinde
365 1664 406 1722 ita
423 1666 535 1744 raptim
552 1673 709 1744 peractum
725 1674 782 1736 est,
799 1675 833 1724 ut
857 1665 971 1723 nullius
991 1686 1047 1722 nec
1071 1664 1165 1722 animi
1177 1684 1243 1734 ¹nee

238 1759 318 1817 oculi
348 1763 525 1840 spectaculo
547 1762 661 1822 intenti
689 1770 792 1820 essent
822 1781 828 1821 :
857 1763 934 1820 adeo
968 1783 1060 1819 unum
1096 1760 1240 1837 gaudium

240 1867 509 1937 praeoccupaverat
537 1861 673 1918 omnium
705 1859 833 1917 aliarum
864 1879 986 1916 sensum
1014 1859 1240 1936 voluptatum*.

241 1953 334 2011 Ludis
348 1975 420 2011 vero
436 1955 580 2029 dimissis
596 1977 688 2014 cursu
704 1977 799 2035 prope
813 1977 919 2014 omnes
940 1955 1064 2014 tendere
1085 1954 1121 2012 ad
1143 1954 1242 2032 impe-

238 2055 370 2107 ratorem
386 2051 569 2122 Romanum,
589 2062 632 2122 ut,
651 2068 756 2110 ruente
772 2053 860 2111 turba
877 2053 908 2110 in
929 2073 1025 2111 unum
1047 2051 1142 2122 adire,
1166 2071 1242 2108 eon-

238 2146 354 2222 tingere
391 2148 529 2206 dextram
565 2150 789 2228 cupientium*,
829 2170 959 2210 coronas
996 2148 1242 2226 lemniscosque*

233 2241 427 2321 jacientium,
441 2245 521 2303 haud
535 2247 661 2325 procul*
677 2247 813 2326 periculo
829 2246 933 2306 luerit.

268 2401 357 2458 N⁰49
366 2403 474 2453 :Voce
483 2404 667 2453 LesRomains
678 2406 802 2453 venaient
813 2407 845 2454 de
854 2407 961 2457 vainere
972 2404 1239 2476 dCynosce'phalesle
1319 2419 1320 2449 r

236 2463 275 2508 roi
289 2463 322 2509 de
334 2463 499 2523 hlacedoine‚
514 2467 601 2529 Philip
622 2484 644 2521 e,
659 2469 703 2528 qui
717 2469 765 2515 dut
787 2469 883 2515 retirer
895 2483 937 2516 ses
950 2482 1088 2528 garnrsons
1102 2467 1149 2513 des
1162 2466 1238 2513 villes
1318 2507 1319 2531 q

237 2539 364 2587 grecques
378 2526 440 2587 qu'il
453 2530 585 2590 occupait.
631 2545 690 2576 ome
710 2531 822 2590 pouvait
842 2545 869 2577 se
891 2530 986 2576 rendre
1007 2531 1145 2576 maltresse
1159 2529 1191 2574 de
1215 2528 1239 2574 la

237 2587 339 2634 Grece:
355 2589 404 2636 elle
417 2591 485 2637 aima
497 2591 585 2637 micux
598 2591 633 2637 lui
647 2591 739 2638 laisser
752 2608 787 2639 un
801 2592 934 2639 semblent
954 2593 986 2638 de
1007 2591 1102 2637 liberte
1124 2593 1175 2649 mar
1194 2605 1236 2636 av.
1317 2607 1318 2610 ¹

236 2648 251 2695 J
256 2648 317 2705 .-C.l
332 2677 360 2683 —
372 2650 500 2701 Gentes.
516 2653 536 2698 ll
551 2653 595 2713 n'y
606 2654 678 2700 avait
689 2655 703 2700 a
715 2659 817 2701 statucr
831 2669 881 2714 que
895 2669 940 2700 sur
952 2653 975 2700 le
987 2657 1043 2700 sort
1063 2653 1109 2699 des
1127 2652 1238 2714 peuples
1316 2687 1317 2690 η

236 2725 311 2771 grees
325 2713 398 2758 allide
412 2714 444 2758 de
459 2712 544 2774 Philip
566 2729 592 2771 c3
605 2715 642 2762 les
656 2719 745 2762 autres
758 2716 858 2763 etaient
878 2714 967 2772 libres,
982 2719 1010 2762 et
1029 2713 1150 2761 s'dtaient
1163 2713 1238 2760 allies

236 2787 287 2818 aux
301 2772 426 2844 Ronrains
439 2779 531 2822 contre
545 2729 674 2839 1111111333.
689 2805 719 2812 -
731 2777 925 2834 Permanet,
940 2777 1042 2824 chacun
1060 2791 1091 2822 en
1112 2777 1198 2836 ecqui
1214 2776 1238 2822 13

236 2839 398 2882 eoncernart.
413 2836 549 2886 -Certo
564 2853 569 2885 :
585 2854 663 2899 parce
677 2837 755 2900 qu'on
769 2840 844 2885 vient
854 2839 886 2885 de
907 2839 964 2886 leur
984 2837 1125 2885 confirmer
1137 2836 1160 2883 13
1173 2852 1238 2883 333-

236 2896 312 2943 velle.
326 2923 352 2930 -
367 2895 579 2948 Libertatem.
596 2901 656 2948 Cela
668 2901 788 2947 de'notait
803 2901 866 2947 chez
878 2900 916 2947 les
930 2900 1012 2947 Grecs
1026 2914 1075 2945 une
1096 2897 1237 2958 singuliere
1313 2917 1314 2939 r

236 2958 350 3004 absence
363 2959 473 3019 d'csprit
486 2961 624 3022 poliliquc.
641 2963 710 3008 Pour
723 2963 798 3008 avoir
812 2963 850 3008 les
866 2976 1027 3023 apparenees
1048 2962 1079 3006 dc
1097 2960 1121 3006 13
1141 2959 1237 3007 liberte
1312 2999 1313 3019 q

235 3019 268 3064 ils
281 3019 638 3084 introduisaientl'dtranger
655 3025 720 3070 dans
733 3026 757 3070 la
775 3023 868 3071 Grece.
887 3024 927 3071 On
955 3024 1012 3070 voit
1034 3023 1094 3068 bien
1119 3032 1170 3083 quc
1193 3037 1237 3069 ces

235 3081 333 3142 petites
346 3080 518 3144 republiques
531 3100 563 3131 ne
576 3087 785 3146 pouvaientetre
799 3101 850 3146 que
861 3085 1050 3146 dependentes.
1066 3103 1076 3125 r
1089 3084 1139 3131 Les
1153 3085 1237 3131 Grecs

235 3157 263 3189 se
283 3143 410 3190 livrerent
421 3144 435 3190 (1
448 3159 499 3191 333
513 3146 568 3206 Joie
582 3149 697 3208 stupide,
710 3151 737 3194 et
750 3151 858 3194 crurent
870 3149 925 3194 etro
935 3147 1016 3192 libres
1029 3147 1141 3203 enodet,
1158 3161 1236 3207 parce

234 3218 286 3264 que
305 3205 343 3250 lcs
367 3205 492 3253 Romains
511 3207 548 3254 les
569 3209 732 3258 declaraient
747 3210 797 3257 tels
818 3229 827 3252 1
852 3208 1069 3270 (hlontesquieu).
1094 3234 1121 3242 —
1141 3207 1237 3257 Ludi-

234 3277 335 3315 crum.
351 3265 420 3313 C'est
430 3283 482 3314 aux
490 3269 553 3329 jeux
566 3270 728 3331 lsthmiqucs
741 3287 792 3332 que
805 3286 833 3318 sc
847 3271 875 3317 111
889 3274 959 3317 cette
977 3269 1180 3335 proclamation.
1195 3269 1235 3315 On
1306 3321 1307 3324 Ἴ

234 3327 285 3374 salt
298 3327 359 3388 qu'il
373 3345 391 3390 y
406 3331 477 3377 avait
488 3346 520 3377 en
536 3331 620 3379 Grecc
633 3337 726 3394 quatre
739 3333 835 3393 grands
845 3333 909 3392 jeux
922 3333 967 3393 qui
981 3332 1087 3378 avaient
1104 3332 1235 3378 vraimcnt

235 3389 257 3434 le
277 3392 410 3438 caractere
430 3393 462 3438 (13
483 3393 549 3439 letes
571 3395 738 3442 nationales:
755 3410 822 3442 ceux
840 3395 872 3440 de
893 3394 1019 3441 Corinthe
1042 3393 1234 3454 (lsthnriques),

234 3465 300 3496 ceux
333 3451 483 3514 d'Olympie
521 3454 724 3517 (Olympiques)‚
755 3471 821 3503 ceux
850 3457 882 3502 de
911 3456 1027 3564 Delphes
1055 3454 1233 3516 (Pythiquesh

234 3527 299 3558 ceux
313 3515 344 3560 de
367 3515 465 3563 Nemee
486 3517 645 3578 (Nerneens).
664 3545 693 3552 —
707 3517 931 3579 voluptatum,
950 3519 957 3563 i
989 3531 1022 3564 ne
1044 3515 1119 3577 s'agit
1137 3532 1188 3577 que
1200 3518 1234 3562 du

234 3573 325 3634 plaisir
333 3577 458 3637 dcsjeux.
469 3605 498 3611 —
508 3578 723 3640 Cupientium.
734 3580 837 3641 dlpend
849 3581 881 3626 de
893 3579 1021 3627 turba-
1033 3577 1232 3630 Lemniscos

233 3640 305 3682 sorte
319 3637 351 3683 de
372 3638 525 3686 bandelcttc
545 3655 578 3687 ou
598 3642 630 3688 de
651 3643 736 3688 raban
756 3641 867 3688 rldccrne'
889 3656 992 3688 comme
1013 3639 1186 3700 recompenso
1208 3645 1234 3688 ct

233 3713 342 3759 marque
353 3698 507 3748 d'honncur.
524 3729 550 3736 —
565 3703 662 3752 Haud
674 3705 804 3764 procul:
819 3704 836 3750 11
847 3704 924 3750 1311111
938 3705 993 3751 etre
1006 3699 1114 3749 etouue.
1128 3701 1235 3750 Remur-

234 3775 300 3820 quez
310 3761 333 3807 le
345 3762 513 3824 pittoresque
524 3765 557 3810 de
571 3769 641 3812 cette
652 3780 728 3826 page.
