2698 4234
208 128 294 186 ³55.
317 129 369 186 De
384 128 424 184 la
440 127 653 198 corruption
674 130 769 184 dans
787 127 843 184 les
864 127 972 184 villes
991 125 1221 182 maritimos.

362 223 411 284 (De
430 224 565 286 corruptis
582 224 778 270 maritimarum
792 223 902 270 urbium
915 222 1053 284 moribus.)

152 336 192 400 2⁰
247 336 302 394 Est
333 345 436 396 autem
470 338 630 396 maritimis
655 338 782 397 urbibus
809 337 949 417 quaedam
971 336 1160 416 corruptela
1190 357 1225 395 ac

206 432 375 493 demutatio
408 455 527 493 morum
552 454 558 494 :
583 433 792 494 admiscentur
822 435 904 493 enim
937 435 1026 493 novis
1059 433 1225 492 sermoni-

205 529 281 588 bus*
309 551 343 589 ac
369 531 551 610 disciplinis,
578 540 609 589 et
639 532 848 610 importantur
875 551 937 589 non
966 550 1080 589 merces
1109 530 1224 589 solum

204 626 398 697 adventiciae,
422 627 474 686 sed
501 628 592 686 etiam
623 649 734 696 mores
761 635 794 686 ut
817 627 892 686 nihil
916 628 1014 706 possit
1041 627 1073 686 in
1100 627 1225 706 patriis

203 724 354 782 institutis
369 745 491 783 manere
507 725 660 803 integrum
672 726 693 783 *.
716 725 784 783 Jarn
804 725 857 803 qui
876 724 1015 783 incolunt
1034 745 1084 783 eas
1104 724 1223 794 urbes,

203 840 264 878 non
293 820 411 879 haercnt
437 821 468 879 in
497 821 560 879 suis
588 821 722 893 sedibus¹
745 821 797 880 sed
818 821 936 880 volucri
963 841 1083 900 semper
1102 841 1169 899 spe
1189 839 1226 877 ac

202 917 390 992 cogitatione
405 918 566 997 rapiuntur
580 939 596 976 a
612 917 704 976 domo
725 918 870 996 longius:
897 925 989 997 atque
1014 918 1107 975 etiam
1143 937 1224 975 cum

202 1022 329 1073 manent
348 1035 488 1094 corpore,
510 1016 612 1074 animo
627 1023 726 1074 tamen
751 1015 892 1073 exsulant
910 1021 941 1072 et
960 1022 1123 1092 vagantur.
1153 1015 1226 1072 Nec

202 1131 275 1168 vero
290 1111 351 1170 ulla
371 1133 418 1170 res
439 1113 535 1189 magis
562 1111 794 1170 labefactatam*
808 1111 862 1170 diu
881 1117 912 1170 et
932 1111 1161 1188 Carthaginem
1191 1116 1225 1168 et

201 1207 389 1266 Corinthum
406 1210 554 1288 pervertit
569 1208 735 1288 aliquando
746 1210 757 1231 *
774 1230 864 1288 quam
876 1207 926 1266 hic
941 1208 1042 1266 error*
1060 1228 1094 1266 ac
1118 1207 1225 1265 dissi-

200 1305 285 1382 patio
304 1305 429 1378 civium,
448 1307 561 1385 quod*‚
582 1305 736 1364 mercandi
757 1305 925 1384 cupiditate
941 1312 972 1363 et
986 1304 1171 1381 navigandi,
1188 1309 1224 1361 et

201 1421 344 1478 agrorum
361 1410 392 1462 et
407 1405 575 1461 armorum*
588 1402 703 1460 cultum
721 1401 917 1481 reliquerant.
941 1401 1040 1460 Multa
1059 1401 1158 1459 etiam
1178 1399 1222 1458 ad

196 1496 353 1558 luxuriam
386 1499 586 1558 invitamenta
616 1498 787 1578 perniciosa
808 1498 985 1556 civitatibus
1007 1497 1220 1576 suppeditan-

202 1601 252 1652 tur
281 1595 368 1667 mari,
400 1616 467 1675 quae
489 1595 536 1654 vel
563 1595 728 1674 capiuntur
761 1595 809 1652 vel
838 1595 1081 1673 importantur*;
1113 1599 1218 1673 atque

201 1691 293 1750 habet
306 1692 397 1750 etiam
413 1692 574 1750 amoenitas
584 1692 595 1713 *
605 1693 670 1770 ipsa
684 1691 731 1748 vel
745 1699 940 1769 sumptuosas
955 1691 1005 1749 vel
1018 1689 1218 1748 desidiosas*

199 1787 357 1846 illecebras
376 1788 488 1847 multas
504 1788 720 1867 cupiditatum.
739 1788 777 1846 Et
797 1787 880 1866 quod
895 1787 933 1845 de
955 1786 1106 1846 Corintho
1127 1786 1213 1857 dixi,

200 1884 231 1942 id
242 1883 322 1942 haud
340 1886 404 1942 scio
422 1906 459 1943 an
479 1884 568 1942 liccat
590 1883 627 1942 de
645 1893 755 1942 cuncta
773 1883 891 1942 Graecia
913 1883 1072 1942 verissime
1091 1883 1211 1942 dicere.

201 1980 278 2038 Nam
309 1987 340 2040 et
363 1981 429 2059 ipsa
461 1982 693 2060 Peloponnesus
718 1980 803 2040 lere*
829 1988 894 2039 tota
917 1980 949 2037 in
971 1980 1127 2055 mariest;
1149 2000 1214 2038 nec

200 2084 312 2155 praeter
331 2077 504 2136 Phliuntios
529 2077 580 2135 ulli
606 2085 688 2147 sunt,
706 2098 837 2156 quorum
854 2076 919 2153 agri
939 2096 1001 2134 non
1023 2077 1213 2154 contingant

200 2193 293 2231 mare.
314 2173 392 2239 Quid
414 2174 536 2233 dicam*
551 2173 666 2232 insulas
687 2173 836 2232 Graeciae?
852 2193 920 2252 quae
934 2173 1079 2231 lluctibus
1095 2173 1211 2231 cinctae

200 2272 327 2327 natant*
351 2291 438 2348 paene
469 2271 541 2349 ipsae
568 2270 658 2327 simul
695 2290 763 2327 curn
796 2269 958 2330 civitatum
992 2269 1143 2328 institutis
1173 2277 1210 2328 et

199 2366 347 2425 moribus.

199 2473 223 2519 le
237 2473 404 2520 conlondre:
424 2492 435 2515 u
450 2472 621 2520 Consuetudo
632 2472 688 2533 jam
706 2473 793 2519 tenuit
812 2473 842 2518 ut
858 2473 947 2519 mente
962 2475 1093 2534 concepta
1110 2486 1208 2521 sensus

199 2547 363 2592 vocaremus,
378 2535 476 2580 lumina
490 2538 587 2591 autem,
602 2534 797 2594 praecipueque
811 2534 837 2580 in
851 2533 976 2580 clausulis
987 2534 1084 2596 posita,
1098 2535 1208 2581 senten-

199 2595 259 2643 tias.
279 2623 309 2631 -
334 2594 557 2656 Suspicionem
580 2610 585 2642 :
611 2596 625 2640 a
647 2596 773 2642 l'adrcsse
797 2596 843 2642 des
863 2596 975 2642 laiseurs
999 2595 1152 2654 d'enigmes.
1173 2623 1209 2632 —

197 2657 276 2706 Illos
285 2656 416 2768 graccus).
435 2685 464 2692 -
479 2655 657 2706 Detineant
673 2671 678 2703 :
697 2655 762 2703 c'est
779 2657 803 2703 le
820 2658 890 2718 stylo
908 2656 997 2704 dillus.
1016 2685 1046 2692 —
1068 2656 1208 2719 Aliquid

197 2730 282 2780 gran
307 2731 333 2768 e.
352 2719 425 2765 Dans
448 2719 472 2765 la
490 2718 594 2764 bouche
614 2719 647 2764 de
666 2717 796 2779 Simque,
808 2720 869 2766 tout
885 2719 941 2766 cela
959 2719 1104 2766 ressemble
1121 2719 1205 2766 forta

198 2795 250 2826 une
263 2781 384 2842 apologie
396 2779 573 2840 personnelle.
1076 2783 1079 2788 '

229 2859 270 2907 N⁰
281 2858 365 2909 355:
381 2857 485 2907 Novis
502 2856 716 2907 sermonibus.
731 2857 800 2906 C'est
810 2871 840 2905 ce
851 2873 902 2920 que
915 2857 1064 2936 xenophon
1081 2860 1207 2906 constate

199 2935 267 2982 pour
278 2920 302 2966 le
315 2921 427 2968 dialecto
445 2920 547 2980 altique
558 2919 600 2978 (de
616 2919 678 2981 ltep.
688 2919 761 2978 Ata„
776 2919 809 2981 2),
823 2923 850 2966 et
868 2920 960 2982 Denys
979 2920 1090 2967 dHalic.
1109 2920 1140 2981 (Ι,
1163 2919 1205 2982 90)

198 2996 267 3042 pour
285 2982 310 3028 la
331 2983 425 3042 langue
442 2981 532 3028 latine.
554 3007 580 3014 -
601 2981 777 3042 Integrum.
799 2979 839 3028 Cf.
859 2981 985 3040 Isocrate,
1010 2981 1137 3028 Discours
1154 2995 1206 3028 sur

200 3043 225 3090 ta
244 3041 310 3090 Pais
329 3043 415 3106 (chop.
433 3043 480 3101 33).
500 3067 527 3076 -
544 3041 834 3093 Labefaotatem...
853 3041 1015 3104 pervertit
1039 3062 1069 3084 z
1088 3042 1205 3112 tabefac-

200 3105 265 3152 taoit
288 3105 314 3150 et
332 3103 473 3166 pervertit.
497 3129 527 3137 -
544 3102 730 3164 Aliquando
753 3107 794 3152 est
811 3105 836 3151 la
854 3104 1037 3165 consequence
1067 3105 1100 3151 de
1122 3105 1168 3151 dm
1195 3117 1202 3152 :

198 3167 214 3214 d
231 3167 256 3213 la
270 3165 315 3213 fin.
333 3193 363 3200 —
382 3166 491 3222 Error,
506 3179 609 3212 comme
627 3166 751 3214 easutant
768 3168 796 3213 et
813 3167 956 3229 vagantur,
977 3165 1086 3228 indique
1102 3165 1204 3227 l'esprit

197 3227 360 3274 d'avcnture.
377 3254 407 3261 -
424 3226 521 3288 Quod,
541 3226 712 3288 conjonction
732 3241 738 3275 τ
760 3228 883 3290 explique
906 3241 984 3275 error
1005 3232 1032 3275 et
1053 3227 1200 3289 dissipatio.

198 3315 228 3324 -
254 3287 440 3338 Armorum.
466 3289 514 3335 Les
542 3287 726 3352 Carthaginois
754 3290 862 3337 avaient
889 3290 937 3336 des
966 3290 1151 3336 mercenaires.
1172 3316 1204 3325 -

198 3351 431 3412 Imporiantur.
456 3350 566 3398 Ciceron
591 3352 631 3397 dit
656 3365 707 3413 que
734 3352 772 3397 les
796 3351 934 3398 habitants
958 3351 990 3397 de
1013 3366 1058 3398 ces
1078 3350 1155 3397 villes
1174 3365 1202 3398 se

198 3413 606 3535 ratihabitioatat-l
622 3411 1018 3534 filil-iiiiiiiiimdlltiiii
1032 3427 1063 3520 {l
1076 3413 1203 3520 astitit

197 3533 298 3582 etaient
315 3489 535 3581 admirabldment
551 3532 654 3594 placees
668 3549 736 3594 pour
752 3534 810 3580 leur
823 3547 982 3583 commarca.
996 3535 1124 3582 Corintho
1137 3534 1202 3582 erait

198 3609 250 3642 une
262 3595 323 3642 ville
334 3597 366 3642 de
377 3597 437 3643 lune
450 3599 477 3643 et
487 3597 519 3641 de
532 3595 632 3654 plaisir.
646 3621 676 3634 -,-
688 3594 881 3644 Desidiosas
892 3617 923 3636 =
935 3611 948 3642 e
961 3595 1063 3644 desidia
1077 3599 1160 3643 natas.
1172 3621 1203 3631 -

199 3657 288 3714 Fere,
302 3657 365 3702 c'est
377 3671 428 3701 une
443 3655 593 3714 presqu'lle.
606 3680 635 3687 -
647 3655 729 3713 Quid
742 3654 859 3712 dicam,
869 3657 885 3701 a
897 3656 1010 3704 fortiori.
1024 3683 1054 3692 —
1063 3657 1200 3707 Natant.

156 3744 158 3747 -
199 3717 220 3762 ll
231 3731 251 3777 y
264 3730 279 3761 a
291 3717 405 3774 quelque
420 3715 500 3759 chose
513 3715 545 3757 dc
559 3713 668 3760 ssottant
680 3714 744 3760 (lars
758 3715 781 3760 la
799 3717 892 3762 nature
914 3715 947 3762 de
968 3730 1013 3763 ces
1034 3717 1082 3764 iles
1101 3717 1200 3776 (Delos,

197 3775 342 3834 Santorin),
357 3777 384 3820 et
396 3773 461 3818 dans
472 3773 542 3818 leurs
555 3773 731 3819 institutions.

625 3859 780 3908 —358-
