2698 4242
329 143 331 146 ’
366 146 424 203 30.
441 147 579 204 Fabius
595 149 824 206 cunctator*.

389 242 436 304 (De
450 242 478 299 Q.
496 243 578 292 Fabio
595 245 775 307 Cunctatore.)

120 357 322 416 Prudentiam
338 358 410 415 novi
431 357 591 418 dictatoris
608 361 762 443 extemplo
774 363 879 422 timuit
903 363 1057 421 Hannibal
1077 380 1084 421 1
1104 360 1143 424 2⁸

83 455 287 513 constantiam
300 453 457 534 hauddum
473 463 627 535 expertae,
641 459 756 536 agitare
767 479 802 518 ac
814 467 935 519 tentare
950 461 1086 519 animum

84 552 176 630 coepit
191 552 346 609 movendo
370 551 478 610 crebro
493 560 610 626 castra;
629 565 660 614 et
678 556 770 614 modo
789 557 884 615 citato
910 557 1031 634 agmine
1051 577 1088 614 ex

83 654 251 728 conspectu
274 647 387 720 abibat,
422 649 514 708 modo
541 659 667 730 repente
689 654 721 710 in
746 653 849 732 aliquo
871 656 953 713 llexu
971 654 1039 724 viae,
1063 653 1089 711 si

84 746 223 824 excipere
236 745 415 822 degressum
425 747 455 804 in
468 767 591 825 aequum
605 757 719 827 posset,
737 751 876 809 occultus
890 749 1087 811 subsistebat.

87 842 196 900 Fabius
212 863 267 921 per
279 841 345 900 loca
361 842 422 901 alta
434 864 544 920 agmen
559 845 691 905 ducebat
709 847 831 906 modico
844 849 882 907 ab
893 849 982 906 hoste
997 848 1091 906 inter·

87 939 174 1010 val10,
191 947 226 996 ut
242 940 361 1016 neque*
373 941 529 999 omitteret
549 963 618 1001 eum
640 965 740 1024 neque
755 945 1005 1022 congrederetur.
1017 943 1091 1003 Cas-

86 1037 147 1108 tris,
170 1035 231 1094 nisi
259 1044 409 1114 quantum
430 1059 502 1096 usus
530 1041 693 1099 necessarii
723 1043 899 1119 cogerent“,
928 1042 1092 1101 tenebatur

86 1133 186 1204 miles;
197 1134 338 1210 equilum
350 1134 487 1214 levisque
496 1145 657 1196 armaturae
667 1139 769 1208 statio,
781 1141 950 1219 composita
961 1139 1092 1198 instruc-

87 1247 176 1316 taque
202 1237 233 1293 in
262 1234 381 1294 subitos
407 1234 568 1306 tumultuS,
586 1242 616 1294 et
636 1256 691 1294 suo
720 1235 811 1295 militi
837 1242 905 1295 tuta
934 1235 1037 1296 omnia
1061 1243 1093 1295 et

87 1335 196 1392 intesta
208 1333 313 1391 effusis
325 1333 460 1392 hostiurn
470 1333 899 1413 populatoribuspraebebat*3
911 1354 1011 1413 neque
1023 1335 1093 1392 uni-

88 1451 175 1491 verso
202 1431 340 1510 periculo
363 1450 482 1488 summa
507 1451 607 1489 rerum
635 1431 897 1502 committebatur,
933 1437 964 1488 et
997 1451 1092 1510 parva

87 1530 267 1588 momenta*
279 1528 392 1586 levium
401 1528 605 1586 certaminum
619 1549 655 1586 ex
667 1536 735 1586 tuto
747 1535 931 1606 coeptorum,
942 1527 1093 1587 finitimo*
1133 1587 1136 1593 ,

89 1633 226 1706 receptu,
252 1624 497 1682 assuel'aciebant
523 1625 665 1682 territum
687 1625 825 1704 pristinis
851 1624 990 1682 cladibus
1014 1624 1094 1682 mili-

90 1732 149 1781 tem
171 1723 275 1780 minus
288 1722 352 1800 jam
367 1721 490 1779 tandem
501 1728 555 1780 aut
569 1722 694 1780 virtutis
711 1730 764 1780 aut
777 1722 910 1780 fortunae
927 1722 1093 1800 paenitere*

89 1841 162 1878 suae.
181 1819 241 1877 Sed
259 1838 320 1876 non
334 1819 537 1876 Hannibalem
549 1819 646 1896 magis
658 1819 806 1877 infestum
821 1826 883 1877 tam
901 1818 983 1877 sanis
995 1819 1095 1876 consi-

90 1917 135 1976 liis
161 1915 296 1974 habebat
323 1935 414 1996 quarn
434 1915 615 1992 magistrum
640 1916 789 1995 equitum,
815 1915 868 1994 qui
894 1915 969 1974 nihil
997 1915 1092 1986 aliud,

89 2034 182 2093 quam
207 2011 291 2092 quod
317 2013 416 2092 impar
437 2021 502 2070 erat
527 2013 667 2092 imperi0,
690 2032 785 2071 morae
801 2013 838 2071 ad
859 2033 921 2070 rem
938 2012 1093 2090 publicam

89 2109 345 2191 praecipitandam
363 2109 533 2168 habebat*:
551 2111 649 2188 primo
666 2111 746 2168 inter
761 2130 885 2189 paucos,
901 2109 971 2167 dein
986 2129 1096 2188 propa-

90 2210 147 2267 lam
166 2209 198 2266 in
210 2207 322 2285 vulgus
338 2227 393 2285 pro
409 2214 588 2266 cunctatore
604 2227 740 2284 segnem,
754 2227 809 2286 pro
823 2216 914 2265 cauto
935 2206 1092 2278 timidum,

90 2307 259 2384 affingens*
277 2305 379 2363 vicina
401 2303 569 2362 virtutibus
595 2305 681 2376 vitia,
708 2302 924 2382 compellabat,
954 2323 1096 2384 premen-

89 2405 190 2484 doque
208 2403 400 2483 superiorem
424 2421 489 2460 sese
505 2400 700 2461 extollebat*.

117 2548 160 2597 N⁰
193 2546 238 2598 30
274 2560 281 2595 τ
313 2545 506 2596 Cunctator.
545 2545 633 2607 Apres
667 2544 692 2592 la
727 2543 823 2592 defaite
857 2545 889 2591 de
922 2543 1094 2605 Trasymene,

89 2607 118 2664 Q.
136 2609 240 2658 Fabius
249 2607 383 2656 Maximus
397 2607 439 2655 lut
454 2607 560 2654 nomme
573 2607 714 2654 dictateur.
731 2606 782 2654 Par
794 2607 826 2652 de
841 2609 965 2653 sarantes
979 2606 1095 2653 lenteurs

89 2673 106 2717 il
128 2673 219 2719 arreta
242 2685 279 2721 un
301 2670 404 2717 instant
424 2669 450 2716 la
474 2669 581 2716 marche
604 2669 765 2716 victoricuse
789 2666 951 2715 d'Hannibal
972 2668 1050 2728 (pour
1071 2667 1096 2714 la

90 2735 232 2792 dictatura,
252 2731 313 2780 voir
328 2731 479 2792 auwlexique
499 2731 523 2778 le
538 2733 596 2802 mot
615 2729 748 2838 dictatoq.
766 2756 796 2800 ⁸.
813 2731 864 2801 ⁸Ut
881 2741 1036 2804 neque:
1058 2726 1094 2776 ita

91 2799 162 2844 utne
187 2809 227 2842 ue.
244 2821 274 2830 -
295 2793 465 2855 cogerent,
488 2792 638 2854 subJonctif
657 2793 689 2838 de
711 2790 864 2854 rpetrtron,
883 2791 1006 2851 frequent
1029 2792 1096 2838 dans

88 2811 236 2904 Tite-dive.
268 2882 299 2890 —-
322 2855 500 2904 Praebehat
527 2874 558 2897 =
583 2852 740 2918 prestabat,
768 2851 906 2915 efficiebat.
929 2880 959 2886 —
983 2853 1097 2902 Parva

91 2919 269 2968 momenta.
297 2916 422 2964 L’auteur
445 2919 510 2963 veut
537 2917 593 2963 dire
622 2931 673 2976 que
699 2914 848 2962 l'intluence
874 2915 906 2960 de
937 2929 981 2961 ces
1013 2914 1096 2975 petits

90 2982 280 3042 engagements
302 2979 407 3026 rendait
423 2992 475 3039 peu
491 2978 506 3024 a
520 2993 572 3040 peu
594 2978 618 3024 la
633 2977 769 3025 confiance
786 2992 837 3024 aux
852 2977 953 3024 soldats
969 2976 1094 3023 romains.

90 3071 118 3076 -
144 3041 312 3102 Finitima,
330 3040 426 3088 ablatis
443 3040 546 3088 absolu.
567 3067 596 3074 —
617 3040 727 3089 Minus
740 3038 898 3100 paenitere
917 3057 948 3080 =
966 3053 993 3086 se
1015 3037 1097 3084 defien

90 3106 178 3150 moins
201 3105 241 3150 de.
261 3129 293 3138 -
309 3102 476 3152 Habebat.
500 3101 576 3150 Cette
600 3102 696 3163 phrase
716 3101 843 3162 equivaut
865 3100 997 3147 dcelle-ci
1017 3115 1022 3147 :
1050 3100 1095 3160 qui

91 3181 172 3212 unam
203 3165 285 3223 illam,
317 3164 390 3225 quod
413 3164 440 3210 in
463 3163 565 3210 minore
589 3164 701 3225 imperio
730 3166 795 3219 erat,
832 3175 933 3208 moram
968 3161 1094 3219 habebat,

91 3227 236 3288 quominus
255 3225 448 3287 rempublicam
472 3225 662 3286 praecipitaret.
685 3223 802 3286 Imperio
818 3226 867 3272 est
889 3223 904 3270 a
927 3222 1047 3280 l'ablatif,
1070 3225 1097 3269 et

93 3303 175 3336 morae
195 3303 227 3335 au
245 3288 346 3349 genitis.
363 3313 391 3322 -
407 3286 585 3348 Afflngens‚
604 3286 806 3334 sous-entendez
820 3283 911 3332 Fabio.
930 3286 965 3332 Le
983 3285 1098 3346 pertrait

92 3365 144 3410 que
161 3350 299 3396 Tite-Live
313 3348 422 3396 aluisse
441 3349 474 3395 de
493 3348 590 3396 Fabius
606 3348 752 3396 Cunctator
767 3361 799 3393 ne
819 3347 934 3394 satissait
945 3362 992 3408 pas
1004 3347 1095 3400 Taine,

93 3413 137 3472 qui
153 3411 178 3458 le
194 3415 289 3458 trouve
303 3411 417 3458 abstrait
432 3413 459 3458 et
473 3410 573 3468 mutire,
587 3414 617 3482 et
632 3412 671 3457 dit
689 3423 695 3457 ε
712 3429 723 3453 a
740 3407 941 3516 L'imapination
960 3411 1019 3456 sent
1034 3407 1098 3486 qu'il

94 3487 209 3534 manque
224 3472 337 3534 quelque
349 3472 430 3520 chose
445 3486 478 3518 au
493 3475 614 3533 portrait.
633 3492 643 3514 »
656 3471 696 3520 On
705 3472 813 3518 connait
835 3470 930 3517 ebeau
944 3486 1004 3518 vers
1019 3471 1099 3518 dEn-

95 3536 154 3581 nius
172 3549 219 3580 sur
235 3535 352 3582 Fabius:
370 3553 381 3577 u
398 3534 470 3582 Unus
482 3533 560 3581 homo
576 3533 652 3580 nobis
663 3532 813 3580 cunctando
826 3531 945 3580 restituit
958 3546 1015 3580 rem
1034 3552 1053 3579 ι).
1068 3558 1098 3567 -

96 3597 175 3646 Sese
188 3596 375 3646 extollebat.
390 3596 533 3652 Minucius,
546 3596 570 3642 le
582 3595 710 3660 mapister
720 3593 843 3658 equitum
858 3596 890 3640 de
906 3594 1012 3652 Fabius,
1029 3594 1097 3652 finit,

98 3659 110 3703 a
123 3659 198 3705 force
209 3656 369 3720 d'intrigues,
384 3673 432 3720 par
442 3657 506 3704 saire
519 3657 606 3718 egaler
627 3673 674 3704 son
696 3655 835 3718 pouvoira
848 3656 915 3702 celui
937 3656 969 3702 de
989 3656 1096 3704 Fabius.

100 3717 199 3766 lllivra
211 3719 315 3767 bataille
335 3721 350 3767 a
366 3719 499 3768 Hannibal
516 3723 543 3766 et
557 3721 598 3767 sut
617 3719 695 3767 battu
717 3719 777 3780 pres
799 3718 831 3764 de
847 3719 980 3766 Larinum.
1004 3719 1025 3765 ll
1041 3719 1100 3765 vint

99 3784 178 3839 alors,
194 3781 225 3827 de
236 3779 379 3842 lui-meme,
394 3797 422 3829 se
435 3782 553 3844 replacer
566 3797 628 3830 sous
641 3782 679 3828 les
690 3782 783 3828 ordres
800 3780 832 3826 de
850 3794 899 3827 son
919 3781 1012 3827 ancien
1027 3779 1096 3826 chel.

528 3908 667 3959 -.3l-
