2698 4234
306 151 390 208 388.
406 148 521 220 eroge
536 153 579 208 de
595 152 634 206 la
649 151 707 206 vie
721 151 900 207 solitaire.

369 246 464 309 (Quam
476 246 553 294 beata
566 247 601 294 sit
615 245 751 294 eremitica
762 245 836 308 vita.)

141 361 166 420 Ο
181 381 272 440 quam
284 361 430 440 jucundae
447 369 519 420 sunt
529 361 704 420 sitientibus
716 362 815 419 Deum
825 361 916 418 etiam
932 358 1031 418 deviae
1046 357 1105 416 illis
1120 359 1161 421 3ο

102 459 231 517 saltibus
267 458 484 518 solitudines*!
516 479 607 537 quam
640 479 760 518 amoena
788 465 859 515 sunt
896 456 1106 536 quaerentibus

102 555 261 614 Christum
275 555 326 614 illa
339 564 467 628 secreta,
482 577 550 634 quaa
561 549 652 632 longe
663 555 784 635 lateque
796 563 905 613 natura
916 554 1107 612 excubante*

104 659 246 732 porrecta
262 654 353 710 sunt!
372 652 469 710 Silent
491 652 604 710 omnia.
629 653 716 710 'lunc
742 651 774 709 in
799 653 902 709 Deum
924 670 1013 708 suum
1037 649 1106 707 laeta

103 770 191 807 mens
204 748 389 828 quibusdam
405 748 518 806 silentii
534 748 665 806 stimulis
687 749 849 818 excitatur,
877 754 950 805 tunc
972 745 1108 804 ineffabi-

106 846 186 904 libus
217 852 378 922 vegetatur
411 845 615 904 excessibus*.
649 845 758 903 Nullus
791 845 1014 922 interstrepens
1045 841 1108 899 illic

109 963 214 1016 561165,
230 942 313 1000 66116
331 942 389 1000 nisi
405 941 564 1001 forte'cum
580 942 645 1000 Deo
659 944 737 1000 vox*
752 950 809 1000 est.
825 941 914 999 Solus
934 940 984 997 ille
1004 938 1108 997 admo-

100 1040 174 1098 dum
194 1040 297 1097 suavis
311 1040 429 1097 sonitus
445 1038 599 1102 silentium
616 1045 741 1096 secretae
764 1037 905 1096 stationis
927 1035 1107 1106 intervenit,

105 1136 343 1215 interpellatque
357 1135 442 1193 illum
456 1135 584 1214 placidae
597 1134 710 1214 quie-tis
723 1142 836 1192 statum
846 1134 993 1212 strepitus
1006 1133 1109 1213 quiete

105 1233 237 1305 dulcior,
253 1240 284 1292 et
299 1241 422 1290 sanctus
433 1231 667 1290 modestissimae
683 1231 926 1289 conversationis
944 1228 1107 1288 tumultus,

101 1331 189 1387 Tunc
211 1329 334 1408 hymnis
361 1350 456 1387 suave
480 1328 695 1386 resonantibus
718 1327 836 1386 excelsa
864 1327 930 1406 ipsa
957 1327 1109 1384 ferventes

110 1426 197 1484 chori
210 1426 344 1504 pulsant,
360 1434 451 1504 atque
476 1426 507 1484 in
530 1426 639 1484 caelum
661 1446 724 1483 non
745 1424 847 1483 minus
870 1445 957 1503 paene
981 1423 1109 1481 vocibus

102 1544 198 1602 quam
216 1521 407 1581 orationibus
429 1523 618 1602 pervenitur.
643 1521 736 1580 Nulla
753 1522 816 1600 jam
842 1521 983 1600 quamvis
1001 1519 1110 1578 fertilis

103 1619 198 1688 tellus
221 1628 311 1690 terrae
332 1619 427 1678 eremi
448 1641 480 1677 se
497 1619 727 1698 comparatione
748 1617 925 1697 jactaverit.
951 1617 1005 1676 Est
1029 1625 1110 1674 terra

105 1717 207 1796 aliqua
219 1717 359 1793 frugibus
373 1717 459 1774 dives
468 1717 502 1774 *l
516 1717 547 1773 in
558 1715 615 1774 hac
627 1715 759 1773 maxime
771 1715 908 1774 nascitur
921 1714 1109 1771 frumentum

105 1812 195 1884 illud,
213 1813 295 1893 quod
312 1813 481 1872 esurientes
494 1812 585 1890 adipe
606 1832 661 1869 suo
686 1811 787 1869 satiat.
813 1811 867 1868 Est
894 1811 951 1868 alia
976 1809 1111 1886 gravidis

110 1911 181 1968 laeta
194 1911 326 1969 vinetis?
342 1911 373 1967 in
385 1910 442 1968 hac
457 1910 588 1968 maxime
608 1909 765 1987 profertur
783 1908 890 1966 vinum
918 1907 1004 1974 illud,
1028 1906 1110 1986 quod

107 2007 185 2085 bene
201 2007 337 2066 laetihcat
349 2028 402 2066 661
422 2007 566 2065 hominis.
592 1989 646 2064 Est
668 2005 725 2064 alia
747 2005 867 2083 pascuis
887 2005 1056 2082 praestans?
1079 2003 1111 2061 in

111 2105 168 2166 hac
196 2103 396 2162 saluberrime
423 2112 554 2183 pascunt
582 2124 655 2162 oves
684 2103 753 2160 illae
783 2101 820 2160 de
851 2102 963 2181 quibus
987 2101 1109 2172 dieitur,

112 2225 126 2254 «
146 2219 236 2278 pasce
253 2200 344 2256 oves*
360 2219 482 2257 meas».

136 2330 178 2379 Νη
196 2329 261 2381 388
286 2345 291 2378 τ
308 2329 517 2380 solitudines.
539 2330 560 2376 ll
578 2328 654 2390 s'agit
675 2329 707 2375 de
723 2328 775 2374 l'lle
795 2329 828 2375 de
849 2327 915 2374 Lero
936 2319 1114 2389 (aujourd‘hu¹

106 2393 194 2446 sainte
218 2393 389 2453 blarguerite,
411 2408 455 2438 sur
472 2393 510 2438 les
531 2392 604 2438 setes
624 2392 656 2437 dc
679 2389 824 2450 Provence)
844 2391 922 2436 obse
942 2390 1022 2436 retira
1043 2390 1114 2437 saint

108 2453 220 2502 Euchcr.
236 2455 291 2500 Elle
303 2458 344 2501 est
356 2455 459 2500 voisine
472 2454 504 2500 de
516 2453 580 2499 celle
594 2454 626 2498 dc
640 2451 740 2503 Lerins‘.
755 2453 789 2497 611
802 2452 869 2498 saint
892 2451 1013 2498 11666161
1032 2452 1112 2498 londa

106 2525 177 2562 661ὀ
196 2516 275 2562 siecle
289 2531 339 2562 une
351 2515 423 2562 ecole
436 2515 553 2562 lamense
566 2515 598 2560 de
619 2514 751 2573 theologie
764 2517 791 2559 et
808 2513 840 2558 (16
853 2513 1021 2573 philosophie
1037 2512 1114 2558 chre-

106 2579 205 2630 tienne,
221 2597 231 2618 ιι
246 2577 291 2638 qui
304 2578 397 2624 devint
409 2592 460 2623 une
474 2576 597 2623 citadelle
609 2575 783 2622 inaccessible
796 2589 846 2620 aux
858 2575 919 2621 11615
929 2575 961 2620 de
973 2574 1113 2620 l'invasion

108 2639 230 2696 barbare,
252 2653 287 2684 un
307 2639 371 2685 asilo
393 2653 461 2699 pour
479 2639 517 2684 les
544 2638 636 2684 lettres
656 2641 682 2683 61
704 2636 743 2682 165
764 2637 890 2687 56166665,
909 2650 960 2682 une
978 2635 1113 2696 pepiniere

105 2700 250 2760 d'eveques
264 2705 289 2747 et
304 2701 336 2746 de
347 2701 430 2746 saints
443 2701 487 2761 qui
501 2699 674 2760 repandaient
691 2713 736 2744 561
752 2702 827 2744 16616
840 2700 864 2743 la
878 2697 961 2745 Gaule
972 2697 996 2743 la
1009 2697 1114 2744 science

106 2763 140 2809 (16
164 2762 308 2822 l'Evangile
333 2781 352 2808 6,
376 2762 442 2808 Voir
464 2761 672 2808 Moutnlcmbcrt
696 2760 753 2814 (Les
773 2759 872 2806 llloines
892 2758 1063 2817 d'Occident).
1084 2785 1113 2792 -

107 2825 313 2882 Excubante‚
331 2823 453 2884 explique
471 2838 518 2896 par
535 2823 559 2869 la
580 2825 642 2868 note
660 2819 828 2882 procedente.
849 2849 877 2854 —
895 2819 1112 2876 Excessibus3

106 2889 267 2946 transports.
280 2912 309 2919 —
320 2885 392 2932 Vox
405 2901 409 2931 :
425 2905 435 2926 «ι
451 2886 584 2930 Lhunuue
595 2883 663 2930 11651
675 2883 776 2944 inspice
791 2897 842 2943 que
853 2883 918 2928 dans
932 2883 955 2928 la
971 2882 1085 2928 solitude
1100 2901 1111 2921 ιι

105 2947 294 3006 (Lacordainel.
310 2973 339 2980 —-
353 2945 462 2995 Dives.
477 2947 547 2993 Γ1661
560 2945 616 2992 6616
629 2949 670 2991 651
684 2944 762 2990 d'une
780 2944 870 3005 poesie
885 2945 970 2990 616666
988 2947 1015 2990 61
1031 2942 1114 3004 pene-

107 3013 204 3054 trante.
219 3009 257 3054 Ct'.
270 3022 299 3054 66
311 3023 420 3068 passage
431 3009 463 3054 de
477 3009 590 3054 Bossuet
603 3005 766 3067 (Elevations
776 3020 825 3052 sur
837 3002 1113 3065 lesllpsteres)‚d'urae

105 3069 249 3130 simplicite
269 3070 290 3115 si
308 3069 406 3116 fraichc
425 3073 450 3116 ct
468 3071 488 3115 si
501 3070 654 3128 6166166561
678 3087 688 3108 a
708 3068 741 3114 115
762 3082 794 3112 ne
812 3067 915 3114 sentent
934 3068 959 3112 ni
980 3081 1012 3112 ne
1034 3067 1113 3112 mois-

108 3131 481 3190 566661116166166661116111,
495 3131 526 3176 ils
541 3145 573 3176 ne
586 3130 736 3176 travaillent
748 3130 773 3174 ni
787 3128 909 3185 1161116111,
920 3130 946 3174 61
961 3131 1036 3174 rone
1049 3128 1113 3174 Pere

106 3193 206 3240 celeste
218 3193 256 3238 les
268 3193 371 3239 nourrit
385 3195 411 3238 et
423 3193 461 3238 les
474 3193 580 3238 babille.
597 3191 720 3236 Heureux
738 3205 782 3237 ces
798 3192 880 3250 petits
894 3191 1026 3246 animaux,
1049 3189 1114 3235 heu-

106 3269 198 3302 reuses
225 3255 262 3300 les
280 3255 368 3311 116615,
389 3254 530 3300 hennenses
554 3253 624 3298 mille
646 3256 673 3299 et
693 3253 763 3298 mille
783 3252 833 3298 fois
850 3255 938 3298 tontes
953 3265 996 3297 ces
1017 3251 1114 3311 petitas

106 3316 253 3373 creaturas,
274 3317 294 3362 si
317 3316 380 3362 elles
399 3316 544 3376 pouraient
562 3315 645 3361 sentix
666 3314 722 3360 leur
739 3313 873 3360 bonhcurl
896 3313 1047 3358 1166166565
1068 3313 1121 3359 des·

107 3379 181 3425 soins
195 3377 328 3438 paternels
344 3391 394 3438 que
411 3377 478 3423 Dieu
491 3377 574 3437 prend
592 3375 698 3422 d'ellesl
714 3375 856 3421 1166166565
873 3375 905 3420 (16
924 3378 982 3421 1661
995 3375 1115 3420 recevoir

107 3441 141 3486 (16
156 3440 279 3485 5611161111
295 3459 315 3486 a.
334 3439 483 3484 1161116111
498 3443 560 3484 note
573 3439 605 3483 (16
619 3437 642 3482 16
656 3438 762 3483 version
776 3441 828 3483 386.
843 3463 872 3470 -
881 3435 986 3484 Oves:
1001 3449 1114 3482 6611161-

108 3515 173 3547 ceau
191 3505 232 3546 est
250 3500 298 3547 tire
316 3501 348 3546 de
366 3499 467 3562 l'li'lope
486 3499 516 3546 de
534 3499 558 3546 la
572 3498 692 3546 Solitude
709 3499 741 3544 de
760 3499 829 3544 saint
848 3497 953 3544 Eucher
966 3496 1082 3558 (adresse
1100 3498 1113 3543 al

74 3597 76 3600 -
106 3563 185 3610 Saint
202 3562 320 3622 Hilaire).
336 3561 384 3608 Cet
396 3561 470 3621 eloge
484 3565 525 3608 est
542 3576 592 3606 une
604 3561 650 3606 des
666 3561 726 3620 plus
748 3559 830 3606 belles
850 3573 955 3605 oeuvres
970 3560 1014 3620 qui
1028 3559 1115 3606 soient

116 3625 212 3670 5611165
224 3624 259 3669 (16
273 3623 424 3670 monestere
438 3623 469 3670 de
484 3622 585 3670 Lerins.
602 3622 641 3668 Ct'.
659 3622 804 3683 l'eloqucnt
821 3621 959 3682 plaidoyer
975 3636 1008 3666 en
1020 3621 1115 3666 faveur

107 3687 142 3732 de
160 3685 185 3731 la
204 3684 245 3731 vie
259 3683 428 3746 monastique
445 3699 496 3745 que
512 3685 582 3731 saint
599 3683 790 3744 Chrysostome
810 3684 918 3730 adressa
931 3684 945 3728 1
957 3680 1115 3744 l¹empereur

109 3747 184 3794 611611
198 3746 305 3794 Valens.
321 3746 387 3793 Voir
396 3747 467 3793 aussi
480 3749 557 3793 notre
570 3745 691 3803 11611161,
706 3759 772 3806 page
788 3748 840 3792 615.

535 3905 693 3957 -391-
