2696 4244
290 169 370 228 172.
395 171 493 227 Jeux
517 169 656 231 donne's
679 184 751 242 pai:
777 171 968 228 Domitian,

400 265 446 328 (De
469 265 540 314 ludis
557 281 572 314 a
588 266 741 314 Domitiano
755 267 854 330 editis.)
880 271 886 283 ⁸

167 379 347 458 Spectacula
362 381 484 440 assidue
500 381 663 460 magnifica
679 389 710 440 et
730 389 912 459 sumptuosa
933 381 1127 440 Domitianus
1143 379 1185 441 4⁰

128 463 235 546 edidit}
252 478 360 535 nonin
375 476 637 557 Amphitheatro*
652 479 756 551 modo,
780 499 889 537 verum
907 485 938 537 et
961 479 992 537 in
1014 478 1124 536 Circo:

128 572 181 631 ubi
209 581 320 653 praeter
349 574 512 633 sollemnes
540 574 681 652 bigarum
709 575 988 656 quadrigarumque
1007 595 1125 643 cursuS,

127 670 268 748 proelium
294 671 386 730 etiam
413 671 537 751 duplex,
556 679 697 752 equestre
716 693 751 731 ac
776 672 928 752 pedestre,
952 671 1107 731 commisit
1115 687 1127 746 ,¹

129 774 158 825 at
173 767 203 825 in
221 766 449 847 amphitheatro
465 768 574 828 navale
590 789 723 849 quoque.
742 770 820 828 Nam
845 769 1048 828 venationes*
1066 769 1129 845 gla-
1185 756 1195 771 ’

129 863 324 944 diatoresque
348 872 378 924 et
399 865 542 924 noctibus
568 865 606 924 ad
630 864 844 945 lychnuchos*
865 883 872 926 :
907 886 963 924 nec
992 866 1127 923 virorum

129 960 220 1019 modo
234 982 365 1041 pugnas,
383 963 436 1021 sed
458 970 490 1021 et
507 963 719 1021 leminarum‘.
745 963 804 1021 Per
818 950 909 1022 omne
923 962 1127 1040 gladiatorum

129 1059 338 1138 spectaculum
364 1068 434 1118 ante
467 1059 562 1139 pedes
591 1059 618 1118 ei
647 1059 749 1138 stabat
780 1059 927 1139 puerulus
952 1059 1129 1118 coccinatus

128 1174 224 1233 parvo
240 1163 481 1236 portentosoque
501 1156 632 1235 capite*,
651 1177 721 1219 cum
737 1177 798 1236 quo
819 1155 984 1235 plurimum
1013 1155 1130 1214 fabula·
1160 1166 1169 1183 '

129 1251 228 1326 batur,
252 1273 483 1333 nonnumquam
500 1253 589 1313 serio.
616 1253 723 1312 Edidit
744 1249 887 1312 navales'*
901 1273 1020 1332 pugnas
1042 1273 1129 1331 parne

125 1348 279 1427 justarum
301 1349 457 1422 classium,
479 1351 590 1409 effosso
614 1357 645 1409 et
670 1349 906 1409 circumstructo
926 1350 1014 1430 juxta
1040 1349 1129 1407 Tibe-

128 1445 184 1503 rim
200 1445 280 1517 laeu,
294 1453 386 1527 atque
402 1447 483 1506 inter
501 1447 653 1507 maximos
671 1445 805 1505 imbres*
826 1446 1042 1526 perspectauit.
1065 1446 1129 1502 lns-

128 1541 213 1601 tituit
226 1548 258 1602 et
278 1543 508 1624 quinquennale
533 1551 687 1602 certamen
716 1543 892 1623 Capitolino
913 1543 984 1602 lovi
1005 1543 1127 1620 triplex,

128 1639 290 1712 musicum,
323 1648 475 1720 equestre,
504 1641 713 1721 gymnicum*‚
744 1647 775 1699 et
800 1641 958 1720 aliquanto
981 1639 1128 1719 plurium,

128 1756 219 1816 quam
235 1757 318 1796 nunc
332 1744 389 1808 est,
407 1758 601 1797 coronarum.
620 1737 789 1797 Certabant
804 1739 886 1797 enim
906 1745 937 1796 et
953 1757 1043 1816 prosa
1061 1757 1129 1794 ora-

128 1833 211 1892 tione
233 1854 330 1911 graece
348 1834 523 1915 latineque;
550 1856 585 1893 ao
599 1841 711 1914 praeter
731 1835 919 1894 citharoedos
936 1833 1129 1893 chorocitha-

127 1929 209 1988 ristae
223 1951 346 2010 quoque
362 1937 393 1990 et
409 1929 656 2010 psilocitharistae
667 1950 674 2004 3
686 1933 718 1989 in
734 1931 834 1990 stadio
849 1913 1025 1990 vero'cursu
1036 1931 1128 1988 etiam

128 2027 274 2104 virgines.
318 2027 486 2087 Certamini
521 2029 666 2107 praesedit
696 2029 883 2108 crepidatus,
915 2047 1130 2108 purpureaque

131 2123 262 2194 amictus
275 2131 346 2204 toga
363 2125 563 2202 graecanica*,
581 2126 681 2204 capite
694 2133 818 2204 gestans
838 2146 984 2184 coronam
1007 2144 1128 2183 auream

128 2249 198 2287 cum
222 2229 324 2308 effigie
349 2230 437 2289 lovis
466 2251 501 2289 ac
530 2230 661 2289 lunonis
681 2231 907 2311 Minervaeque;
924 2230 1131 2289 assidentibus
1211 2220 1216 2232 ’

129 2325 209 2385 Diali
225 2328 396 2400 sacerdote,
416 2336 447 2387 et
461 2328 592 2406 collegio
604 2328 786 2403 Flauialium
801 2329 865 2408 pari
879 2327 996 2388 habitu.

157 2458 199 2507 Νο
216 2459 279 2510 172
293 2474 299 2507 τ
313 2458 567 2521 Amphitheatro
582 2475 587 2508 z
601 2460 640 2506 En
654 2460 782 2522 principe,
797 2461 820 2508 le
833 2460 936 2507 theatra
946 2459 1009 2506 etait
1024 2459 1131 2506 reserve

130 2533 182 2566 aux
194 2521 423 2582 representations
436 2522 585 2583 sceniqucs,
601 2521 813 2582 l'amphitbeatre
825 2535 876 2568 aux
890 2522 972 2568 luttes
984 2521 1017 2567 de
1029 2522 1128 2582 gladia-

129 2585 202 2629 teurs
217 2585 244 2630 et
260 2583 293 2630 de
306 2583 381 2630 betes
396 2583 497 2642 lauves,
512 2583 535 2630 le
553 2584 644 2644 cirque
661 2598 712 2629 aux
730 2597 837 2630 courses
849 2583 882 2630 de
895 2583 972 2629 cbars
984 2585 1012 2628 et
1023 2583 1055 2628 de
1068 2583 1129 2628 che-

129 2658 206 2692 vaux.
220 2645 288 2692 Mais
300 2646 325 2692 le
337 2645 437 2706 uirque,
471 2659 500 2692 ar
510 2645 639 2706 exemple,
653 2645 736 2691 servit
748 2648 863 2691 souvent
874 2659 943 2705 pour
953 2645 990 2690 les
1003 2644 1084 2691 luttes
1096 2644 1130 2690 de

128 2705 290 2766 gladiateurs
302 2709 329 2753 et
341 2707 378 2754 les
390 2660 513 2754 combats
525 2707 557 2752 de
568 2706 644 2753 betes
656 2707 772 2764 fe'rooes;
786 2706 999 2768 l'amphithedtre
1012 2719 1080 2766 pour
1092 2706 1130 2752 les

127 2767 249 2816 combats
259 2768 413 2827 maritimas,
425 2783 459 2814 ou
468 2768 647 2815 naumachies.
656 2795 685 2802 —
696 2767 896 2818 venationes
904 2768 1004 2830 (s-ent.
1018 2767 1113 2828 edidit)
1123 2784 1128 2814 :

127 2827 199 2876 C'est
216 2829 240 2876 le
258 2829 368 2877 combat
390 2831 436 2876 des
455 2830 594 2876 bestiaires
616 2828 755 2890 (bestiarii,
775 2832 923 2889 venatores,
944 2830 1128 2884 mercenaires,

126 2889 291 2952 pn'sonniers
299 2892 332 2938 de
340 2906 443 2953 guerre,
452 2905 486 2937 ou
497 2890 630 2939 criminals
640 2892 801 2939 condemnes
810 2892 825 2938 a
835 2893 913 2953 mort)
922 2906 986 2938 avec
995 2891 1033 2937 les
1045 2890 1128 2938 betes.

128 2978 155 2986 -
169 2951 396 3015 Lychnuehos.
411 2952 532 3000 Pendant
546 2953 569 3000 la
582 2954 649 3009 nuit,
666 2968 699 3000 on
712 2953 855 3001 illuminati
871 2968 935 3001 avec
951 2955 997 3000 des
1015 2952 1129 2998 chande-

127 3014 189 3061 liers
202 3015 217 3061 d
229 3014 368 3070 branches,
383 3015 475 3076 porte's
506 3015 587 3062 artois
600 3029 648 3076 par
660 3016 707 3062 des
724 3015 871 3077 eliphants.
886 3016 952 3063 Voir
963 3014 1047 3073 Suet,
1062 3013 1129 3071 Ce's,

126 3079 165 3123 37.
198 3103 228 3111 -
248 3075 465 3126 Feminarum.
483 3031 543 3124 Sela
560 3078 640 3124 sevit
657 3078 727 3124 aussi
740 3093 802 3125 sous
817 3078 906 3124 Neron
919 3078 1029 3138 (Tacite,
1048 3077 1128 3132 Anu„

126 3137 186 3196 XV,
206 3138 255 3200 32).
272 3165 303 3174 -
322 3138 445 3201 Capite.
465 3137 562 3186 'libere
580 3140 652 3185 avait
674 3155 708 3186 un
728 3141 887 3201 astrologue,
908 3138 1043 3188 Douiitien
1064 3151 1128 3183 aun

126 3199 248 3247 boutt'on.
266 3227 298 3235 -
315 3200 473 3251 Navales.
494 3200 574 3248 Cesar
592 3200 623 3248 fit
642 3202 789 3248 construire
809 3215 841 3248 en
859 3205 887 3247 lo
904 3203 985 3248 avant
1003 3199 1069 3246 lest
1084 3214 1130 3246 sur

126 3261 152 3308 le
166 3260 268 3322 Cbamp
281 3263 313 3308 de
326 3261 399 3308 Mars
412 3263 436 3308 lu
449 3263 579 3322 premi'ere
596 3263 761 3310 naumachia.
776 3264 896 3324 Auguste
909 3277 941 3309 en
956 3262 984 3308 ut
997 3261 1068 3308 bdtir
1078 3277 1129 3308 une

127 3325 188 3370 tout
203 3338 236 3370 en
253 3325 341 3386 pierre
359 3339 390 3370 en
410 3328 422 3368 2
441 3337 482 3370 av.
496 3323 510 3368 J
515 3323 564 3371 .-C.
577 3324 638 3385 pres
650 3325 697 3371 des
706 3325 808 3386 J'ardins
820 3325 853 3371 de
866 3323 954 3381 Ce'sar,
967 3338 1018 3370 aux
1031 3323 1130 3370 abords

127 3385 164 3432 du
181 3385 268 3433 Tibre.
286 3386 423 3433 Domitian
441 3399 473 3430 en
490 3384 519 3432 fit
535 3386 685 3432 construire
701 3401 752 3432 une
764 3389 839 3433 autre
852 3387 913 3448 pres
924 3387 957 3432 de
975 3387 1086 3432 celle-ci.
1099 3412 1130 3420 ——

127 3446 261 3497 Imbres.
277 3447 414 3495 Domitian
434 3447 507 3494 avait
523 3447 571 3494 fait
588 3447 684 3508 garder
699 3446 737 3494 les
756 3448 849 3494 issues.
871 3448 1007 3494 Plusieurs
1025 3451 1130 3508 specta-

128 3510 201 3555 teurs
213 3510 411 3556 contracterent
425 3509 472 3555 des
489 3508 640 3570 pleure'sies.
658 3509 746 3564 Quant
758 3510 773 3556 a
785 3509 821 3556 lui
839 3509 856 3554 il
869 3509 987 3570 changea
999 3509 1129 3569 plusieurs

127 3569 178 3616 fois
186 3570 219 3616 de
230 3571 388 3617 vetements.
401 3597 427 3604 —
442 3569 635 3633 Gymnicum
654 3572 740 3633 Apres
753 3571 872 3628 Actium,
885 3573 1014 3632 Auguste,
1033 3572 1056 3616 le
1068 3583 1130 3628 pre-

126 3631 201 3690 mier,
222 3632 283 3680 crea
304 3632 351 3678 des
370 3646 500 3679 concours
519 3633 678 3694 gymniques
696 3638 723 3681 et
744 3632 999 3690 musicaux3Ntron
1018 3631 1129 3678 institua

127 3707 162 3738 un
190 3694 324 3740 certamen
372 3693 552 3755 uinqucunale
579 3695 688 3754 (Tacite,
713 3696 793 3756 Anu,
819 3694 891 3753 XIV,
915 3699 943 3740 20
971 3697 997 3740 et
1023 3697 1068 3750 2¹15.
1099 3717 1129 3726 -

126 3708 394 3806 Graecanicadlae
407 3756 480 3802 color
491 3756 666 3818 graecanicus
677 3757 801 3817 provient
814 3757 875 3803 d‘un
887 3757 981 3816 ulliage
993 3755 1025 3800 de
1038 3751 1129 3798 cuivrc

126 3817 199 3864 etde
215 3817 307 3878 plomb
322 3831 327 3865 :
345 3817 370 3863 la
385 3819 445 3880 toga
459 3817 619 3880 graecanica
631 3820 672 3864 est
686 3833 722 3864 un
735 3822 854 3867 eostume
868 3832 937 3880 grec,
953 3817 1005 3863 tres
1019 3816 1127 3875 voyant.

550 3924 708 3976 -173..
