2698 4234
470 167 554 226 335.
573 166 726 237 u’rmpot
743 169 886 226 romain
900 181 945 226 en
960 169 1079 227 Sicne.

521 262 568 325 (De
582 263 759 327 vectigalibus
770 265 799 312 in
813 264 905 314 Sicilie
915 261 1012 331 apris.)

214 371 257 437 3ο
310 374 396 436 inter
409 377 544 436 Siciliam
560 388 737 458 ceterasque
750 379 947 459 provincias¹
964 380 995 437 in
1010 400 1152 458 agrorum
1168 379 1264 437 vecti-

270 471 385 550 galium
406 475 525 533 ratione
545 475 602 534 hoc
621 477 757 548 interest,
780 477 863 556 quod
884 476 993 536 ceteris
1014 484 1068 536 aut
1085 477 1264 556 impositum

270 569 401 647 vectigal
417 578 462 628 est
476 579 604 643 certum,
619 573 702 652 quod
717 572 948 652 stipendiarium
961 573 1084 642 dicitur,
1101 581 1135 631 ut
1152 573 1265 652 Hispa·

241 706 245 710 -
270 666 318 724 nis
338 673 370 724 et
394 667 547 747 plerisque
576 668 752 741 Poenorum,
777 660 862 749 quasi
882 669 1021 728 victoriae
1044 669 1205 749 praemium
1230 689 1266 728 ac

270 781 361 841 poena
378 763 465 836 belli,
486 774 540 824 aut
552 767 690 825 censoria
713 765 842 824 locatio*
856 766 1024 825 constituta
1039 773 1095 836 est,
1113 774 1147 824 ut
1167 765 1262 825 Asiae.

269 860 336 936 lege
370 861 579 940 Sempronia*.
614 862 734 921 Siciliae
767 863 909 921 civitates
948 863 992 920 sic
1030 861 1063 920 in
1095 862 1266 920 amicitiani

269 957 423 1037 iidemque
437 959 608 1038 recepimus
629 967 664 1018 ut
681 958 788 1018 codem
805 960 875 1039 jure
896 966 998 1017 essent
1016 978 1077 1040 quo
1099 958 1264 1030 iuissent',

268 1054 375 1112 eadem
388 1055 569 1114 condicione
582 1055 697 1135 populo
715 1076 841 1114 romano
862 1063 1005 1135 parerent
1019 1075 1079 1134 qua
1092 1055 1154 1113 suis
1176 1063 1266 1114 antea

268 1149 451 1230 paruissent.
470 1151 653 1232 Perpaucae*
665 1152 777 1211 Siciliae
793 1153 934 1210 civitates
951 1158 1023 1209 sunt
1039 1150 1149 1210 belloa
1167 1152 1268 1232 majo-

267 1247 353 1306 ribus
373 1249 486 1306 uostris
508 1248 653 1323 subactae,
673 1269 802 1328 quarum
824 1268 896 1326 ager
920 1268 989 1307 cum
1014 1255 1094 1307 esset
1121 1247 1268 1328 publicus

267 1343 374 1425 populi
387 1345 505 1403 romani
521 1345 631 1418 sactus,
648 1353 750 1403 tamen
764 1345 824 1402 illis
841 1352 888 1403 est
903 1344 1062 1403 redditus*
1087 1363 1094 1404 :
1115 1345 1140 1402 is
1159 1364 1235 1422 ager
1250 1366 1266 1404 a

266 1441 445 1504 censoribus
470 1441 564 1502 locari
588 1441 675 1501 solet.
700 1440 869 1501 Foederatae
897 1441 1037 1508 civitates
1064 1439 1151 1500 duae*
1180 1449 1265 1512 sunt,

266 1559 397 1618 quarum
412 1539 550 1598 decumas
562 1540 686 1598 venire*
707 1558 768 1597 non
784 1538 912 1596 soleant.
931 1537 1093 1618 Quinque*
1112 1545 1264 1616 praeterea

265 1636 332 1694 sine
344 1637 459 1696 loedere
470 1638 621 1695 immunes
635 1635 775 1694 civitates
792 1654 827 1694 ac
841 1634 955 1693 libcrae.
974 1634 1143 1693 Praeterea*
1161 1634 1269 1692 omnis

264 1737 349 1814 inger
374 1735 485 1794 Sicilire
509 1734 690 1793 civitatum*
712 1732 899 1790 decumanus
924 1737 985 1806 est;
1015 1730 1161 1810 itemque,
1193 1738 1269 1789 ante

265 1834 418 1913 inperium
432 1831 536 1911 populi
549 1830 678 1899 romani,
695 1830 831 1908 ipsorum
845 1827 1017 1886 Siculorum
1040 1827 1210 1886 voluntate
1238 1838 1270 1886 et

266 1931 415 1990 institutis
430 1929 498 1989 suit.
515 1926 626 1986 Videte
645 1946 726 1985 nunc
744 1925 894 2004 majorum
910 1923 1089 2003 sapientiam
1107 1924 1173 2004 qui,
1194 1945 1268 1982 cum

265 2027 412 2098 Siciliam,
428 2033 490 2084 tam
501 2030 709 2104 opportunum
727 2021 895 2079 subsidium
911 2019 982 2078 belli
996 2026 1089 2099 atque
1107 2021 1202 2100 pecie,
1226 2022 1266 2079 ad

266 2123 487 2205 rempublicam
499 2120 721 2200 adjunxissent,
737 2124 820 2176 tauta
834 2137 906 2176 cura
918 2116 1036 2176 Siculos
1049 2117 1128 2175 tueri
1143 2124 1175 2175 et
1189 2119 1269 2176 reti-

265 2242 338 2281 nere
352 2220 528 2291 voluerunt,
544 2224 578 2276 ut
599 2236 660 2274 non
677 2215 770 2273 modo
785 2234 890 2272 eorum
906 2213 986 2291 agris
1000 2213 1130 2291 vectigal
1145 2233 1268 2273 novum

266 2318 383 2378 nullum
406 2317 609 2395 imponerent,
637 2313 689 2370 sed
716 2332 754 2370 ne
779 2311 875 2388 legem
904 2310 1027 2390 quidem
1052 2308 1269 2369 venditionis*

265 2416 476 2485 decumarum,
488 2431 566 2470 neve
576 2408 729 2468 vendendi
742 2416 795 2467 aut
810 2416 930 2487 tempus
945 2406 1109 2466 autlocum
1125 2427 1267 2466 commu-

265 2519 376 2573 tarent.

296 2635 337 2685 ΙΨ
351 2633 437 2686 335:
462 2629 665 2682 Provincias.
690 2627 747 2676 Une
763 2627 892 2690 province
903 2626 1022 2674 romaine
1045 2628 1087 2674 est
1105 2625 1267 2676 considerde

266 2711 369 2746 comme
380 2696 405 2743 la
416 2692 552 2758 propridte
562 2693 598 2739 du
614 2691 711 2754 peuple
728 2690 831 2738 romain
848 2692 875 2737 et
887 2689 1003 2736 soumise
1016 2689 1031 2736 d
1046 2688 1150 2750 l'impbt
1161 2688 1269 2736 soncier

265 2773 347 2822 percu
360 2757 413 2806 soit
424 2772 456 2804 en
477 2758 570 2802 nature
584 2751 727 2815 (vectipal),
740 2752 795 2799 soit
815 2765 847 2797 en
860 2753 952 2812 argent
964 2749 1164 2812 (stipendium);
1184 2751 1221 2797 de
1240 2750 1266 2798 la

265 2823 335 2868 deux
347 2821 433 2866 sortes
446 2820 478 2865 de
500 2815 648 2864 territoires
662 2829 667 2860 :
680 2814 719 2861 les
731 2811 792 2876 apri
807 2811 950 2875 oectipalcs
963 2813 1009 2873 qui
1021 2812 1112 2873 paient
1121 2825 1173 2859 une
1190 2811 1267 2860 dime

265 2897 299 2929 en
308 2884 412 2940 nature,
421 2883 448 2926 et
457 2880 496 2926 les
508 2874 687 2939 stipendiarii,
701 2875 744 2936 qui
756 2875 847 2937 paient
859 2889 910 2920 une
922 2874 1070 2920 redevance
1079 2872 1130 2920 fixe
1138 2871 1266 2935 (certum)

265 2957 298 2991 en
310 2944 404 3004 argent
415 2941 514 3003 (tendis
526 2954 578 3000 que
591 2939 614 2984 la
631 2937 702 2990 dime
715 2940 757 2984 est
774 2935 915 2995 incertum,
932 2935 1040 2983 suivant
1052 2949 1103 2995 que
1119 2934 1145 2981 la
1161 2933 1267 2982 recolte

265 3006 307 3052 est
319 3004 378 3066 plus
389 3017 424 3050 ou
437 3003 523 3049 moins
535 3000 643 3061 bonne).
657 3025 686 3034 -
705 2995 850 3047 Locutio.
869 2997 919 3044 Les
930 3010 1056 3052 cenaeurs
1076 2995 1219 3044 mettaient
1233 3011 1267 3043 en

265 3065 446 3128 adjudication
465 3078 498 3111 au
511 3064 571 3124 plus
583 3062 681 3108 oirrant
694 3061 719 3107 la
736 3059 819 3106 ferme
836 3058 883 3106 dea
897 3058 1004 3120 impote.
1024 3058 1073 3107 Les
1089 3057 1160 3104 baux
1184 3056 1267 3120 (loca-

267 3127 361 3188 tiones)
387 3126 487 3174 etaicnt
510 3123 628 3171 valables
651 3136 720 3184 pour
739 3121 801 3181 cinq
823 3133 880 3168 ans.
901 3146 933 3154 —
949 3120 1036 3180 Lege
1058 3118 1266 3192 Sempronia,

266 3188 358 3252 portee
375 3202 407 3236 en
427 3191 471 3234 134
484 3202 533 3248 par
545 3185 603 3232 Tib.
627 3183 772 3241 Gracchus,
790 3195 859 3242 pour
879 3181 1002 3228 aliermer
1019 3180 1063 3233 les¹
1076 3179 1151 3235 brena
1169 3179 1205 3227 du
1224 3195 1266 3228 roi

266 3251 364 3298 Attaie.
381 3275 411 3286 -·
424 3248 587 3306 Fuissent,
600 3262 633 3292 au
647 3246 716 3306 style
726 3244 848 3301 indirect,
862 3256 965 3290 comme
977 3240 1148 3304 paruissent:
1161 3255 1196 3290 on
1211 3244 1266 3290 cite

265 3314 303 3360 les
320 3314 418 3358 termes
431 3311 465 3358 du
479 3311 592 3357 contrat.
607 3335 638 3342 -
654 3308 853 3368 Perpaucae,
874 3303 893 3351 il
914 3317 933 3366 y
953 3317 986 3350 en
1005 3303 1078 3351 avait
1092 3303 1221 3364 dix-sept.
1236 3331 1267 3339 -
1327 3337 1328 3344 ,

265 3373 465 3434 Reddittrs,a
485 3374 508 3418 la
528 3370 664 3418 condition
684 3369 716 3414 de
735 3381 819 3428 payer
830 3366 855 3413 la
872 3365 951 3413 dime.
970 3391 998 3400 —
1016 3365 1109 3413 Duae
1124 3377 1131 3412 ε
1144 3364 1267 3412 Messine

265 3438 293 3486 et
320 3434 534 3492 Tauromenium,
566 3432 610 3492 qui
638 3428 771 3476 n'avaient
790 3427 886 3487 jamais
905 3427 961 3488 pris
990 3427 1029 3473 les
1057 3439 1142 3473 armes
1168 3429 1267 3474 contre

266 3503 357 3547 Rome.
380 3524 410 3533 -
427 3495 591 3546 Venire:
610 3490 700 3538 locari.
720 3515 747 3526 -
765 3487 911 3550 Quinque
930 3503 936 3537 :
955 3487 1120 3548 Centuripcs,
1137 3487 1266 3549 Halaesa,

264 3561 382 3618 segeste,
408 3559 544 3617 Halicyae,
566 3554 702 3600 Panorme.
723 3579 752 3585 —
772 3551 950 3600 Praeterea
975 3563 980 3596 :
1003 3551 1092 3596 tontes
1114 3547 1153 3594 les
1185 3551 1265 3609 cite's,

265 3641 298 3672 en
316 3619 411 3667 deiiors
428 3622 474 3666 dcs
494 3621 521 3665 2-4
535 3618 601 3662 dont
618 3629 651 3660 on
667 3613 741 3658 vient
759 3612 791 3657 dc
808 3612 903 3671 parler,
924 3611 1015 3672 paient
1030 3625 1082 3656 aux
1095 3607 1226 3658 Romains
1240 3613 1265 3658 la

265 3689 337 3734 dine
358 3681 465 3742 qu'elles
484 3678 611 3740 payaient
628 3689 690 3721 sous
710 3674 749 3719 les
766 3673 819 3719 rois
832 3671 936 3732 d'aprts
955 3673 979 3720 la
998 3673 1033 3718 loi
1057 3669 1186 3720 d'Hieron
1209 3672 1266 3734 (lec

266 3743 427 3804 Hieronica).
444 3767 473 3775 —
487 3739 665 3788 Civitatum
685 3735 789 3794 depend
811 3734 844 3780 de
861 3747 934 3797 aper.
956 3759 986 3768 -
1004 3730 1215 3784 venditionis
1236 3752 1267 3778 =

267 3801 415 3856 locationis.

683 3883 840 3935 -338-
