2696 4244
182 187 265 248 218.
281 191 332 245 De
350 189 389 244 la
411 188 587 245 collation
602 191 650 245 du
664 188 763 245 droit
778 191 823 244 de
838 185 923 259 cite',
945 200 1059 246 cause
1078 189 1123 244 de
1144 189 1184 245 lo.

481 279 671 346 grandeur
691 279 736 332 de
760 278 881 332 Rome.

180 379 327 442 (Quantum
335 381 433 446 populi
448 381 552 429 romani
565 381 707 444 imperium
720 380 826 430 auxerit
839 380 950 444 larpitio
969 382 995 429 et
1007 380 1184 428 communica-

595 459 775 524 tiocivitatis.)

124 602 166 664 4⁰
220 611 308 680 Quod
325 612 350 670 si
365 612 425 671 civi
443 633 570 671 romano
590 612 662 670 licet
676 632 742 670 esse
765 611 964 683 Gaditanum,
983 612 1047 670 sive
1062 611 1180 682 exsilio,

182 710 246 769 sive
256 709 475 790 postliminio*,
490 709 555 767 sive
570 709 756 789 rejectione*
767 708 878 788 hujus*
889 709 1118 788 civitatis,quid
1135 714 1181 766 est

181 806 381 887 quamobrem
402 807 462 865 civi
489 805 644 866 Gaditano
667 806 698 864 in
715 805 794 864 hanc
819 806 975 864 civitatem
1002 805 1105 864 venire
1122 816 1202 862 non¹

180 901 309 962 liceat*?
325 903 475 982 Equidem
490 903 581 982 longe
594 923 681 961 secus
697 904 806 962 sentio.
820 902 896 961 Nam
909 923 978 961 cum
991 923 1028 960 ex
1041 901 1183 960 omnibus

181 1000 359 1059 civitatibus
385 1000 435 1058 via
459 1000 520 1059 sit*
542 1001 572 1058 in
598 1009 747 1075 nostram,
768 1021 900 1080 cumque
926 999 1039 1058 nostris
1063 999 1183 1058 civibus

182 1103 285 1176 pateat
304 1097 363 1155 iter
377 1097 415 1156 ad
430 1100 567 1156 ceteras*
591 1098 733 1157 civitates
760 1117 766 1158 :
796 1105 860 1156 tum
883 1118 968 1168 vero,
993 1104 1028 1155 ut
1055 1116 1185 1176 quaeque

181 1193 341 1253 nobiscum
352 1195 484 1253 maxime
500 1195 656 1265 societate,
666 1195 829 1266 amicitia*‚
842 1194 1017 1272 sponsione,
1032 1193 1183 1272 pactione,

181 1291 315 1351 foedere*
339 1292 505 1372 conjuncta
532 1300 588 1363 est,
611 1293 653 1351 ita
675 1293 750 1350 mihi
780 1292 911 1350 maxime
937 1291 1184 1348 communionem

182 1389 412 1460 beneficiorum,
438 1391 647 1469 praemiorum,
679 1391 826 1460 civitatis
857 1389 1016 1446 continere
1046 1387 1182 1445 videtur.

183 1486 263 1546 Illud
277 1507 351 1545 vero
365 1488 429 1544 sine
446 1487 506 1545 ulla
520 1487 713 1545 dubitatione
734 1486 865 1544 maxime
885 1493 1023 1543 nostrum
1041 1484 1185 1543 fundavit

181 1583 343 1664 imperium
367 1590 397 1642 et
422 1583 529 1662 populi
552 1585 668 1641 romani
692 1603 803 1641 nomen
819 1583 917 1646 auxit,
937 1583 1019 1662 quod
1044 1582 1186 1662 princeps

183 1681 244 1751 ille,
266 1687 388 1738 creator
409 1679 502 1759 hujus
527 1681 612 1738 urbis
635 1680 796 1750 Romulus
817 1680 933 1737 foedere
951 1679 1064 1737 Sabino
1082 1677 1187 1736 docuit

182 1777 273 1836 etiarn
284 1776 425 1834 hostibus
441 1777 627 1856 recipiendis
644 1777 747 1853 augeri
765 1776 843 1834 hanc
860 1776 1016 1834 civitatem
1032 1783 1184 1855 oportere.

183 1873 280 1952 Cujus
297 1873 480 1931 auctoritate
507 1881 537 1931 et
558 1875 699 1954 exemplo
723 1894 890 1952 numquam
914 1882 960 1931 cst
982 1873 1187 1931 intermissaa

182 1969 351 2049 majoribus
367 1971 480 2028 nostris
495 1970 616 2049 largitio
626 1979 658 2030 et
668 1971 908 2030 communicatio
922 1970 1065 2028 civitatis,
1080 1969 1188 2047 ltaque

182 2075 213 2126 et
228 2088 265 2126 ex
279 2067 367 2126 Latio
383 2067 482 2138 multi,
500 2075 530 2126 et
552 2089 589 2126 ex
613 2069 722 2127 ceteris
746 2067 889 2146 gentibus
910 2073 1016 2144 gentes
1034 2066 1187 2124 universae

181 2165 215 2224 in
229 2163 386 2223 civitatem
405 2172 476 2223 sunt
491 2158 633 2244 receptae.
647 2165 753 2245 Neque
764 2165 961 2245 injuria,cum
975 2163 1023 2222 his
1039 2163 1188 2243 adjutori-

181 2261 365 2321 bus*orbem
382 2269 530 2321 terrarum
547 2263 578 2320 in
596 2262 744 2320 ditionem
760 2269 895 2320 nostram
911 2261 1133 2338 redegerimus.

213 2401 254 2454 N⁰
266 2402 332 2454 218
349 2418 354 2451 :
369 2401 583 2463 Postliminio,
596 2404 709 2452 allusion
719 2418 771 2451 aux
785 2418 830 2450 cas
843 2403 876 2450 de
886 2403 960 2450 soree
973 2402 1091 2463 majeure
1104 2402 1137 2449 οὺ
1153 2417 1187 2448 un

181 2466 236 2512 cito
258 2480 291 2512 en
313 2466 418 2528 perdait
433 2466 458 2512 le
479 2466 551 2513 droit
571 2465 604 2512 de
625 2465 677 2514 cite
694 2465 868 2528 (prisonniers
890 2465 923 2512 de
942 2479 1046 2526 guerre,
1064 2464 1189 2526 citoyens

181 2481 263 2575 livrds
276 2542 325 2589 par
338 2526 419 2574 l'Etat
431 2528 446 2574 a
458 2542 494 2573 un
507 2527 603 2588 peuple
616 2527 747 2589 dtrangcr)
760 2541 765 2575 :
782 2527 848 2574 dans
859 2541 903 2574 ces
916 2541 970 2585 cas,
983 2526 1008 2573 le
1022 2526 1080 2574 seul
1092 2526 1141 2572 fait
1156 2526 1189 2571 de

181 2603 304 2652 repasser
317 2590 341 2636 le
357 2589 423 2636 seuil
437 2590 470 2636 de
485 2603 514 2636 sa
528 2591 652 2636 demeure
664 2590 769 2636 rendait
781 2603 814 2635 au
828 2589 941 2636 Romaiu
951 2589 975 2634 le
993 2588 1066 2634 droit
1079 2588 1112 2634 de
1125 2586 1186 2635 citt.

182 2677 210 2687 -
224 2651 426 2712 Rejectione,
440 2652 564 2699 abendon
579 2651 727 2698 volontaire
744 2652 779 2697 du
797 2651 869 2697 droit
885 2650 918 2696 de
938 2649 1000 2697 cite.
1024 2677 1055 2683 —
1069 2649 1187 2710 Hujus,

182 2712 275 2761 Rome.
291 2741 318 2749 —
331 2714 403 2762 Non
422 2712 532 2763 liceat.
553 2713 590 2760 La
608 2713 644 2760 loi
657 2711 745 2760 Acilia
758 2712 972 2774 repetundarum
984 2711 1040 2772 (122
1054 2725 1096 2758 av.
1109 2711 1122 2756 J
1128 2711 1187 2769 .-C.t

155 2833 158 2839 .
181 2776 319 2824 accordait
329 2775 388 2836 dtja
400 2776 424 2822 le
435 2776 507 2822 droit
518 2775 551 2821 de
561 2774 613 2821 cite
626 2775 641 2822 al
653 2777 714 2822 tout
722 2774 845 2835 etranger
855 2773 900 2834 qui
909 2773 1058 2820 accuserait
1071 2775 1098 2819 et
1110 2773 1190 2818 serait

180 2838 345 2884 condemner
361 2852 397 2883 un
412 2836 655 2884 concussionnaire.
670 2835 738 2883 Sous
749 2835 883 2896 l'Empire,
897 2835 921 2881 le
934 2835 1006 2881 droit
1021 2834 1113 2896 public
1126 2837 1153 2880 et
1165 2834 1189 2880 le

180 2899 254 2946 droit
264 2899 348 2960 prive',
360 2899 480 2944 donnont
492 2897 558 2944 ainai
566 2898 680 2944 raisond
693 2896 812 2951 Ciceron,
823 2897 963 2944 ouvrirent
971 2899 1062 2944 toutes
1075 2897 1189 2958 grandes

181 2975 233 3008 aux
246 2961 382 3021 otrangers
393 2960 432 3006 les
444 2960 535 3019 portes
548 2959 616 3006 dela
629 2959 689 3007 cite.
703 2985 730 2994 -
744 2959 808 3007 via
826 2957 870 3007 sit
884 2971 889 3004 ι
904 2957 951 3020 ily
964 2959 1037 3005 avait
1050 2957 1189 3005 dille'rents

181 3022 284 3083 degrds,
301 3023 467 3068 savamment
482 3019 607 3080 menages
623 3036 672 3082 par
691 3020 773 3067 Rome
791 3034 861 3080 pour
877 3033 1023 3066 conserver
1040 3034 1075 3067 ou
1092 3035 1191 3082 gagncr

182 3085 206 3131 la
222 3083 322 3131 fidelite'
339 3083 371 3129 de
392 3097 433 3129 ses
453 3081 536 3128 allies.
562 3081 650 3128 Parmi
669 3082 707 3129 les
726 3082 801 3128 villes
819 3081 971 3141 conquises,
990 3081 1027 3127 les
1049 3095 1115 3128 unes
1131 3096 1190 3142 gar-

182 3147 281 3202 daient,
295 3159 359 3191 sous
371 3145 394 3191 le
408 3158 470 3190 nom
483 3143 516 3190 de
531 3144 608 3189 villes
620 3143 712 3190 allie'cs
724 3143 801 3198 (Voir
811 3157 845 3190 au
859 3143 965 3204 lexique
979 3142 1085 3202 Foedus,
1098 3143 1189 3191 Foede·

182 3206 254 3267 rati),
268 3206 325 3251 lcur
338 3204 494 3252 nationalitd
511 3219 624 3265 propre3
639 3205 678 3253 les
693 3208 791 3264 autres,
806 3203 971 3266 depouillees
988 3205 1021 3251 de
1039 3205 1097 3252 leur
1112 3207 1190 3252 auto-

181 3267 269 3314 nomie
283 3267 423 3328 politique,
440 3266 540 3313 etaient
552 3267 628 3313 incor
648 3266 753 3314 ore'esa
769 3267 794 3314 la
806 3265 859 3315 cite
874 3266 994 3313 romaine
1009 3281 1072 3313 sous
1088 3266 1113 3312 le
1128 3280 1190 3312 nom

180 3329 214 3375 de
224 3327 379 3390 municipia,
386 3328 566 3392 praefectura.
576 3354 605 3362 -
644 3328 812 3378 dcete'ras.
820 3328 892 3375 Tout
899 3328 1007 3390 citoyen
1016 3328 1118 3375 romain
1127 3330 1191 3389 peut

182 3390 313 3450 echanger
334 3405 362 3436 sa
372 3390 473 3452 qualite
484 3394 576 3437 contre
590 3390 654 3436 celle
669 3391 703 3437 de
720 3391 828 3452 citoyen
840 3387 920 3437 d’une
932 3391 997 3448 ville
1008 3388 1122 3445 fdde'ree,
1139 3389 1154 3434 d
1166 3389 1191 3434 la

180 3451 254 3498 scule
274 3452 411 3499 condition
436 3452 518 3498 d'dtre
534 3451 611 3512 agre'e
628 3467 678 3512 par
695 3452 808 3499 celle-ci.
823 3479 854 3486 -
867 3450 1026 3501 Amicitia
1045 3451 1191 3498 :relations

181 3513 299 3560 d'amitie
312 3514 361 3575 (les
374 3516 444 3561 deux
468 3515 652 3560 contractants
671 3514 823 3576 s'engagent
842 3513 1046 3560 mutuellcment
1061 3512 1076 3558 a
1093 3526 1125 3558 ne
1143 3525 1190 3589 pas

181 3575 309 3622 molester
322 3576 393 3622 leurs
409 3575 483 3634 amis,
497 3574 522 3620 ni
538 3575 668 3622 seconder
680 3577 750 3624 leurs
761 3577 899 3632 ennemis).
915 3601 942 3610 -
956 3574 1092 3623 Foedere
1107 3588 1112 3620 ε
1126 3576 1192 3620 cest

181 3637 206 3684 le
224 3634 314 3696 foedus
333 3651 441 3699 aequum
455 3651 489 3683 ou
507 3636 531 3683 le
550 3634 637 3696 soedus
655 3636 788 3701 iniquum.
807 3637 875 3685 Voir
892 3651 924 3684 au
939 3637 1045 3696 leuique
1061 3636 1099 3682 les
1121 3639 1191 3680 mots

180 3697 275 3746 civitas
297 3700 322 3744 et
344 3698 440 3758 foedus.
459 3725 489 3732 -
508 3696 735 3760 Adiutoribus.
756 3699 797 3746 On
818 3699 870 3745 suit
892 3713 944 3759 que
961 3697 998 3744 les
1022 3697 1192 3757 contingente

180 3759 299 3821 impose's
316 3774 367 3806 aux
388 3760 465 3806 villas
477 3758 567 3806 allides
580 3759 712 3808 doublent
724 3760 844 3807 l'ell'ectil
859 3761 906 3806 des
925 3759 1027 3820 te'gions
1044 3759 1190 3817 romaincs,

180 3824 209 3868 ct
228 3823 336 3869 servent
352 3821 367 3868 al
384 3821 444 3868 cote
462 3819 560 3880 d'elles,
575 3835 641 3868 avec
658 3823 704 3870 des
717 3823 809 3869 cadres
822 3821 958 3884 speciaux.

604 3946 758 3996 -220-
