2698 4234
321 127 406 188 367.
424 131 482 186 Un
496 129 569 186 ami
588 131 633 187 de
652 131 687 187 o.
701 127 816 187 ce'sar
833 127 994 186 ramme
1009 127 1044 184 le
1063 127 1164 184 droit

604 218 649 273 de
662 217 697 273 le
712 217 870 286 pleurer.

266 309 299 388 (l.
313 309 434 360 Caesaris
445 310 547 360 amicus
556 311 677 376 postulat
690 312 779 360 utribi
790 313 866 361 itlius
878 313 990 362 mortem
1004 312 1099 376 lugere
1114 309 1216 376 liceat.)

189 440 228 502 2⁶
281 442 1246 523 NequeenimCaesamm'indissensione*civilisumsecutus*,

240 538 294 598 sed
306 540 465 610 amicum',
480 562 664 621 quamquam
677 561 708 599 re
718 541 905 612 ollendebar,
917 547 1093 604 tamennon
1105 540 1247 612 deserui;

241 633 341 716 neque
351 636 464 696 bellum
481 658 625 716 umquam
640 637 741 710 civile,
761 638 918 698 autetiam
935 657 1059 697 causam
1079 637 1250 696 dissensio-

240 730 289 791 nis
311 733 452 812 probavi,
482 754 573 812 quam
599 735 691 792 etiam
725 741 902 794 nascentem
936 733 1092 811 exstingui
1130 753 1251 793 summe

240 827 373 888 studui*.
405 830 512 910 Itaque
541 831 571 888 in
600 831 750 890 victoria*
779 830 912 889 hominis
938 830 1116 908 necessarii,
1150 851 1251 910 neque

240 924 376 998 honoris,
411 946 509 1006 neque
536 928 676 1005 pecuniae
700 927 863 987 dulcedine
880 947 947 986 sum
972 934 1082 1006 captus
1105 945 1112 986 ε
1136 926 1253 1006 quihus

240 1022 373 1101 praemiis
385 1022 495 1102 reliqui
505 1024 527 1093 *,
542 1023 644 1082 minus
656 1023 738 1102 apud
754 1044 823 1083 eum
837 1044 928 1103 quarn
945 1043 1002 1100 ego
1015 1043 1086 1081 curn
1107 1028 1251 1102 possent,

240 1117 440 1178 immoderate
457 1124 530 1180 sunt
555 1120 651 1179 abusi.
676 1122 778 1200 Atque
803 1120 896 1179 etiam
918 1140 965 1178 res
988 1119 1151 1178 familiaris
1169 1139 1250 1189 mea,

240 1213 307 1292 lege
324 1213 453 1275 Caesaris
465 1215 645 1275 deminuta*
665 1223 711 1274 est
728 1235 734 1278 :
754 1217 842 1296 cujus
859 1215 1009 1274 beneficio
1022 1215 1177 1296 plerique,
1198 1215 1250 1294 qui

240 1310 369 1374 Caesaris
388 1320 486 1386 morte
506 1311 660 1382 laetantur,
684 1313 914 1372 remanserunt*
937 1311 970 1369 in
994 1312 1133 1372 civitate.
1159 1311 1247 1371 Civi-

239 1407 296 1466 bus
310 1408 401 1468 victis
417 1415 450 1466 ut
463 1417 651 1489 parceretur,
663 1429 749 1488 aeque
764 1429 799 1467 ac
813 1428 869 1488 pro
890 1429 956 1466 mea
974 1407 1074 1467 salute
1090 1408 1246 1468 laboravi.
1328 1417 1329 1448 1

240 1503 368 1564 Possum
379 1489 484 1582 igitur,
502 1506 553 1584 qui
570 1525 675 1563 omnes
695 1503 841 1562 voluerim
857 1504 1038 1578 incolumes,
1053 1525 1137 1579 eum,
1155 1525 1247 1585 aquo

238 1590 482 1680 idimpetratum
498 1609 553 1673 est,
573 1601 688 1680 perisse
709 1622 769 1659 non
783 1600 957 1679 indignari?
978 1621 1050 1660 cum
1068 1602 1245 1680 praesertim

238 1695 494 1758 iidem*homines
504 1697 547 1756 illi
556 1698 605 1756 *et
617 1696 741 1754 invidiae
751 1699 762 1722 *
772 1703 802 1756 et
811 1697 1037 1756 exitiofuerint.
1050 1722 1065 1752 «
1074 1697 1247 1756 Plecteris*

239 1813 349 1872 ergo,»
375 1793 528 1872 inquiunt,
554 1819 568 1848 «
592 1794 736 1873 quoniam
756 1793 871 1853 factum
898 1802 1038 1852 nostrum
1067 1793 1248 1873 improbare

239 1889 344 1948 audes.
358 1913 373 1944 u
387 1889 412 1948 Ο
424 1890 597 1968 superbiam
610 1889 913 1958 inauditamaliosin
929 1890 1066 1966 facinore
1084 1890 1215 1968 gloriari
1223 1891 1246 1963 *,
1328 1939 1329 1948 ,

192 1973 194 1977 ’
239 1984 306 2044 aliis
320 2005 358 2043 ne
373 1985 476 2044 dolere
498 1986 622 2066 quidem
645 1986 797 2065 impunite
819 1987 925 2045 licere!
949 1986 1009 2045 Sed
1037 1987 1113 2045 nihil
1134 1994 1246 2067 agunt.

239 2080 360 2152 Nullius
371 2101 516 2160 umquam
529 2082 655 2162 periculi
667 2082 836 2141 terroribus
847 2083 884 2142 ab
893 2083 1005 2155 officie,
1017 2090 1070 2142 aut
1082 2083 1120 2141 ab
1132 2082 1246 2142 huma-

238 2177 336 2244 nitate
377 2177 555 2238 desciscam.
586 2179 761 2257 Numquam
794 2179 875 2237 enim
915 2178 1076 2238 honestam
1105 2185 1242 2238 mortem

239 2273 428 2352 fugiendam,
441 2295 521 2353 saepe
533 2275 624 2332 etiam
639 2274 845 2354 oppetendam
856 2275 975 2354 putavi.

1321 4162 1325 4184 .

269 2405 309 2459 ΒΡ
321 2405 387 2462 367
402 2419 408 2453 :
426 2404 609 2462 Caesarem,
628 2402 692 2453 c'est
707 2405 831 2453 l'hornme
867 2405 991 2466 olitique;
1012 2404 1166 2467 amicum,
1179 2403 1245 2454 c’est

237 2466 362 2515 l'homme
377 2466 462 2528 privt.
479 2493 510 2502 -
521 2463 740 2527 Dissensione,
753 2480 822 2528 pour
860 2467 930 2515 etto:
949 2466 1035 2514 litote.
1051 2491 1078 2502 —
1093 2467 1246 2518 Secutus.

238 2528 339 2578 Matius
351 2527 475 2586 Calvena,
486 2527 619 2574 chevalier
635 2529 745 2588 romain,
758 2528 821 2576 d'un
839 2542 867 2575 es
887 2529 923 2575 rit
934 2528 990 2576 tres
1007 2528 1090 2576 distin
1129 2527 1152 2588 t,
1170 2530 1248 2576 avait

243 2589 331 2640 donne
348 2589 381 2638 de
396 2590 509 2650 grandes
526 2603 640 2650 preuves
655 2589 805 2637 d'allection
825 2589 840 2636 d
879 2589 938 2636 esar
954 2589 1062 2649 vivant;
1083 2590 1091 2637 i
1123 2590 1160 2637 lui
1177 2589 1248 2638 ttait

238 2649 309 2704 reste
325 2650 403 2704 fidele
419 2650 497 2712 apres
514 2663 542 2696 sa
558 2654 636 2698 mort.
649 2651 697 2698 Les
715 2650 873 2713 Pompeiens
890 2653 917 2699 et
935 2651 973 2697 les
990 2650 1175 2712 tyrannicidas
1191 2651 1247 2700 l’en

238 2712 395 2761 bltmtrent.
412 2711 432 2758 ll
452 2712 574 2772 expliqua
591 2723 619 2758 sa
638 2713 764 2760 conduite
789 2713 908 2774 pendant
929 2711 954 2758 la
971 2726 1065 2772 guerre
1079 2713 1161 2760 civile
1174 2717 1200 2760 et
1217 2713 1246 2775 la

238 2778 332 2822 nature
349 2774 382 2820 de
399 2786 441 2820 ses
451 2772 576 2820 relations
591 2787 656 2820 avec
669 2773 749 2822 Cesar
766 2773 832 2820 dans
849 2789 901 2822 une
916 2773 995 2821 lettre
1007 2773 1054 2833 qui
1071 2773 1122 2822 fait
1137 2774 1162 2821 le
1182 2773 1246 2836 plus

239 2836 322 2897 grand
334 2835 457 2882 honneur
468 2834 483 2880 a
496 2848 543 2880 son
560 2834 703 2883 caractere.
716 2833 874 2886 -studui
890 2831 1069 2895 exstingui.
1083 2835 1124 2883 En
1136 2835 1245 2898 general

239 2911 305 2943 avec
317 2896 355 2944 les
375 2894 471 2942 verbes
502 2895 528 2941 ui
541 2895 690 2957 expriment
701 2909 738 2943 un
749 2896 837 2957 effort,
851 2911 903 2944 une
915 2894 1072 2957 aspiration,
1087 2910 1123 2944 on
1140 2898 1196 2944 met
1213 2899 1245 2943 ut

239 2971 304 3006 avec
315 2957 340 3004 16
352 2910 508 3019 sunjoncdl.
523 2956 543 3002 Il
554 2958 648 3020 peuty
659 2957 736 3005 avoir
746 2971 798 3005 une
810 2957 950 3019 exception
964 2969 1033 3026 pour
1042 2956 1148 3017 studeo,
1160 2956 1243 3026 nitor,

240 3018 348 3089 tempto.
365 3019 449 3066 -In
466 3015 618 3075 victoria,
632 3034 648 3066 a
659 3032 711 3066 une
728 3018 826 3082 grande
842 3018 928 3075 force3
939 3015 1069 3078 equivaut
1087 3017 1103 3065 d
1120 3031 1244 3081 quamuis

237 3080 352 3129 vicisset.
370 3106 396 3115 -
414 3078 554 3142 Reliqui.
573 3079 671 3127 Remar
690 3094 723 3130 ue
739 3079 860 3140 ironique
877 3079 905 3126 et
920 3079 1035 3124 souvent
1051 3077 1160 3126 verifice
1176 3078 1246 3126 dens

237 3143 365 3190 l‘histoire
378 3143 425 3190 des
437 3141 608 3190 revolutione.
624 3168 654 3178 -
701 3138 955 3190 minutatum
971 3137 1054 3196 Iulia,
1069 3153 1141 3200 pour
1157 3141 1245 3187 reme-

237 3205 296 3252 dier
307 3219 358 3252 aux
370 3203 509 3252 desordres
518 3204 551 3251 de
562 3203 587 3250 la
598 3217 693 3266 guerre
705 3202 791 3261 civile,
802 3201 871 3248 avait
886 3199 973 3247 donne
985 3199 1019 3246 de
1030 3200 1147 3260 grandes
1159 3201 1245 3248 sacili-

237 3266 279 3315 te's
288 3281 357 3328 pour
365 3267 390 3314 le
401 3266 533 3330 paiement
543 3265 590 3312 des
601 3266 697 3313 dettes.
710 3290 739 3298 -
751 3261 1001 3319 Remanserunt,
1012 3274 1094 3322 parce
1106 3275 1168 3323 que,
1183 3277 1246 3309 sons

237 3329 262 3376 la
275 3328 310 3376 loi
322 3328 404 3389 Iulia,
418 3327 609 3384 ilsln'auraient
622 3340 670 3388 pas
681 3339 717 3387 pu
732 3338 814 3386 payer
825 3323 895 3370 leurs
907 3321 1003 3381 dettes,
1021 3323 1049 3368 et
1063 3323 1189 3372 auraient
1201 3324 1245 3371 ete

238 3391 339 3452 obliges
350 3392 382 3438 de
393 3391 493 3452 quitter
501 3389 527 3437 la
537 3389 608 3437 ville.
617 3414 647 3422 -
657 3385 756 3436 Iidem
771 3400 776 3432 :
790 3384 978 3494 quelques-uns
985 3383 1032 3429 des
1043 3383 1111 3456 amig
1123 3384 1158 3432 de
1168 3384 1245 3456 Cice}

238 3467 295 3511 ron,
316 3455 330 3500 a
346 3453 391 3514 qui
409 3452 519 3500 Ce'sora
540 3447 687 3512 pardonne.
707 3474 737 3482 -
753 3447 792 3495 Ill
816 3464 847 3487 =
864 3443 980 3513 Caesari,
994 3469 1024 3513 Γ·
1035 3443 1190 3496 Invidiae
1204 3461 1209 3494 :
1224 3448 1244 3494 n

238 3514 312 3575 s'agit
329 3516 361 3562 de
381 3516 405 3561 la
418 3514 495 3561 haine
511 3513 544 3560 de
563 3527 605 3560 ses
625 3509 767 3572 partisans,
778 3506 822 3568 qui
841 3520 869 3552 se
885 3504 1047 3564 plargnarent
1067 3505 1116 3552 des
1133 3506 1245 3555 saveurs

238 3577 381 3623 accordtcs
392 3589 439 3637 par
449 3574 529 3622 Cesar
540 3575 554 3621 d
568 3587 609 3621 ses
618 3571 726 3619 enciens
739 3567 913 3616 adversaires.
928 3591 954 3599 -
968 3565 1139 3627 Flecteris,
1153 3568 1242 3617 futur:

237 3650 268 3683 ce
281 3640 337 3683 mot
356 3651 370 3682 a
391 3651 442 3682 une
462 3635 549 3696 legere
568 3630 843 3685 teinted'archalsme,
862 3639 966 3673 comme
979 3626 1039 3686 plus
1051 3626 1129 3689 haut,
1147 3631 1246 3676 studui

238 3697 375 3758 exstingui
388 3710 394 3754 ;
410 3699 437 3742 et
448 3697 503 3742 cela
516 3695 573 3741 sied
585 3694 599 3740 d
612 3707 642 3740 ce
652 3689 788 3739 caractere
799 3686 1015 3746 chevaleresque.
1032 3711 1063 3722 -
1077 3687 1241 3740 Gloriari,

237 3759 349 3804 inlinitif
359 3756 567 3804 d'exclamation.

656 3855 811 3906 -aro-
896 3887 898 3892 ,
