2658 4244
342 189 400 248 76.
416 191 556 246 Moeurs
572 189 639 246 des
653 189 823 245 Bretons.

388 294 435 356 (De
447 293 640 342 Britannorum
652 292 792 355 moribus.)

131 425 313 486 Hominum*
332 435 378 485 est
406 426 526 484 infinita
545 424 712 484 multitudo
728 424 974 504 creberrimaque
989 423 1085 482 aedifi-
1099 425 1140 488 4Θ

36 509 37 524 ’
96 522 157 596 cia*,
175 527 235 582 iere
250 524 376 584 Gallicis
390 523 598 596 consimilia*;
616 542 763 602 pecorum
776 541 906 600 magnus
926 541 1083 579 numerus,

91 617 218 679 'Utuntur
233 629 287 680 aut
303 622 380 679 aere*
395 627 448 679 aut
462 619 548 678 talis*
561 619 679 690 ferreis,
694 618 731 678 ad
747 626 864 677 certum
878 617 1000 698 pondus
1015 637 1086 676 exa-

34 757 35 766 ,
93 716 229 789 minatis*,
253 739 310 798 pro
335 738 472 776 nummo.
491 717 635 775 Nascitur
656 716 698 773 ibi
723 715 884 794 plumbum
909 714 1033 773 album*
1054 714 1084 771 in

93 814 312 873 mediterraneis
345 814 533 891 regionibuS,
571 813 602 872 in
636 813 818 871 maritimis*
858 813 996 885 serrum3
1031 810 1083 868 sed

32 947 33 954 2
92 907 172 989 hujus
188 912 315 990 exigua*
331 918 377 970 est
389 911 488 990 copia.
506 911 579 969 AEre
595 917 728 969 utuntur
741 909 917 989 importato.
936 908 1085 967 Materia*

94 1007 252 1088 cujusque*
265 1009 397 1086 generis,
416 1016 450 1066 ut
469 1008 498 1065 in
525 1007 635 1079 Gallia,
654 1015 711 1077 est,
733 1014 845 1086 praeter
869 1006 972 1083 legum
992 1012 1085 1084 atque

91 1102 219 1163 abietem.
235 1106 396 1184 Leporem,
414 1111 445 1164 et
460 1104 616 1182 gallinam,
634 1111 665 1162 et
677 1124 815 1162 anserem
830 1111 953 1180 gustare
963 1103 1083 1161 las-non

91 1208 210 1276 putant:
221 1202 287 1261 haec
301 1210 404 1260 tamen
417 1201 505 1260 alunt
514 1201 607 1260 animi
621 1200 852 1280 voluptatisque
865 1201 987 1258 causa'.
1004 1199 1084 1258 Loca

92 1306 154 1356 sunt
177 1298 395 1378 temperatiora
417 1319 509 1378 quam
531 1298 562 1356 in
582 1297 693 1368 Gallia,
714 1297 940 1356 remissioribus
960 1296 1084 1374 frigori-

28 1390 30 1404 *
90 1391 164 1454 bus*.
192 1397 236 1454 Ex
252 1396 300 1454 his
311 1395 454 1454 omnibus
471 1395 562 1473 longe
588 1401 662 1453 suut
679 1393 911 1453 humanissimi*
929 1392 1084 1475 quiCun·

27 1508 28 1528 ³
90 1489 158 1549 lium
169 1493 319 1557 incolunt,
334 1513 402 1572 quae
419 1492 502 1569 regio
516 1499 562 1550 est
580 1492 744 1550 maritima
755 1479 865 1565 omnis,
885 1511 984 1570 neque
1004 1490 1085 1549 mul-

89 1593 175 1648 tuma
190 1589 306 1649 Gallica
319 1589 466 1648 dillerunt
480 1588 735 1647 consuetudine*.
761 1588 926 1647 luteriores
945 1588 1083 1667 plerique

88 1683 252 1745 frumenta*
266 1706 328 1744 non
351 1692 468 1757 serunt,
488 1685 542 1744 sed
562 1684 640 1744 lacte
662 1692 693 1744 et
712 1686 825 1744 carne*
851 1685 972 1758 vivunt,
996 1684 1083 1764 pelli-

90 1779 197 1862 busque
219 1790 292 1841 sunt
313 1783 429 1841 vestiti.
452 1781 566 1841 Omnes
583 1801 656 1840 vero
678 1803 709 1840 se
731 1782 869 1840 Britanni
893 1782 992 1840 vitro*
1015 1782 1083 1839 infi-

88 1879 174 1951 ciunt,
188 1879 271 1960 quod
286 1879 451 1938 caeruleum
465 1879 557 1938 efficit
568 1879 714 1952 colorem,
724 1887 816 1959 atque
827 1877 1083 1938 hoc*horridiore

90 1984 154 2034 sunt
182 1977 213 2034 in
237 1996 342 2055 pugna
365 1983 507 2055 aspectu;
530 1975 703 2055 capilloque
725 1982 798 2034 sunt
819 1976 971 2054 promisso
991 1983 1082 2055 atque

90 2073 164 2130 omni
179 2080 266 2153 parte
279 2073 416 2152 corporis
428 2092 507 2145 rasa,
523 2079 735 2154 praetercaput
752 2079 783 2131 et
795 2073 913 2131 labrum
928 2071 1080 2152 superine.

22 2299 23 2302 ,
114 2245 152 2295 N⁰
174 2247 216 2296 76
241 2260 249 2297 ε
278 2246 460 2297 Hominum.
484 2246 506 2293 ll
527 2245 604 2308 s'agit
627 2248 675 2294 des
697 2247 834 2296 babitants
854 2248 887 2294 de
913 2247 938 2296 la
964 2246 1082 2295 Grande-

22 2349 23 2366 ,
88 2306 216 2369 Bretagne.
228 2336 260 2344 -
269 2308 421 2359 AEdlfioia
435 2309 567 2356 :maisons
580 2307 755 2356 d'habitution
769 2324 802 2355 ou
815 2310 921 2357 lermes.
933 2336 963 2344 -
975 2309 1082 2360 Consi-

22 2399 23 2430 ,
89 2368 172 2419 milia
186 2386 191 2417 :
205 2385 237 2418 en
256 2369 351 2430 Gaule,
368 2371 407 2417 les
425 2370 541 2417 maisons
561 2371 594 2417 de
613 2373 707 2417 maitre
727 2371 826 2418 etaient
847 2371 870 2418 le
890 2371 950 2432 plus
967 2374 1082 2418 souvent

22 2447 23 2484 l
88 2432 219 2479 entourees
237 2431 299 2478 d’un
317 2432 385 2480 bois.
402 2432 528 2492 -AEre,
542 2432 566 2478 le
579 2433 670 2479 cuivrc
687 2436 729 2480 est
743 2434 798 2479 tres
814 2432 952 2480 abondant
967 2448 999 2480 cn
1017 2432 1081 2480 Cor-

88 2495 216 2541 nouailles.
230 2519 258 2530 ·-
271 2493 364 2544 Talis
378 2507 384 2541 :
396 2493 510 2541 osselets
522 2507 557 2540 ou
573 2493 656 2541 cubes
668 2494 701 2541 de
717 2495 757 2542 ier
769 2509 829 2556 que,
843 2494 952 2542 suivant
963 2495 1081 2542 Diodoro

87 2551 125 2612 (V,
137 2556 182 2617 22),
193 2556 233 2602 les
245 2555 360 2602 Bretons
372 2555 514 2603 mettaient
524 2570 556 2602 en
570 2555 727 2602 circulation
742 2570 810 2617 pour
822 2555 928 2602 ecouler
938 2556 962 2602 le
972 2557 1081 2617 produit

87 2615 115 2661 de
132 2616 200 2664 leurs
219 2617 313 2664 mines.
326 2643 356 2652 -
373 2616 583 2666 Examinatis
599 2617 642 2678 (de
660 2631 778 2676 eramen,
792 2617 880 2680 poids)
893 2618 936 2668 ad
954 2620 1081 2668 eertum

106 2679 204 2728 nntius
223 2693 228 2728 :
246 2678 272 2726 le
312 2677 371 2725 oids
394 2677 470 2726 etant
493 2677 640 2726 determine
664 2694 696 2725 en
714 2679 861 2725 determine
887 2679 912 2726 la
932 2681 1032 2726 valcur.
1051 2707 1081 2714 —

87 2688 245 2790 {lumbum
255 2693 374 2790 album.
388 2739 429 2787 On
441 2754 456 2788 a
469 2741 502 2786 de
511 2743 572 2787 tout
583 2744 670 2802 temps
679 2740 795 2802 exploiti
806 2740 894 2788 l'etain
905 2742 972 2788 dans
982 2742 1006 2788 le
1020 2739 1071 2788 Cor

87 2801 207 2850 nouailles
224 2804 252 2849 et
268 2801 292 2849 le
309 2801 484 2850 Devonshire.
500 2800 520 2848 ll
536 2802 643 2849 formait
660 2802 719 2862 daja
738 2817 772 2848 un
790 2803 864 2864 objet
881 2803 914 2850 de
932 2817 1081 2850 commarca

87 2859 224 2936 important
237 2877 271 2910 au
290 2865 377 2924 temps
390 2863 437 2910 des
454 2861 619 2910 Phaniciens.
637 2863 677 2910 De
695 2863 720 2910 lrl
737 2864 761 2910 le
774 2877 837 2910 nom
853 2865 886 2910 de
905 2864 1081 2912 Cassiteridcs

87 2936 116 2982 qu
124 2923 155 2971 ils
177 2925 286 2972 avaient
296 2923 384 2972 donne
404 2939 457 2972 aux
475 2925 523 2971 iles
537 2925 733 2986 Britanniqucs.
747 2951 776 2959 —
788 2926 825 2975 ln
840 2925 1043 2982 maritimis:
1057 2929 1081 2973 lc

87 2986 164 3033 comte
175 2987 208 3033 de
218 2986 319 3034 Sussex
329 2989 356 3033 et
366 2987 390 3033 le
400 3001 467 3050 pays
478 2987 510 3032 de
524 2984 623 3033 Galles.
636 3015 665 3021 —
677 2987 823 3050 Exigua:
838 3002 942 3046 erreur;
953 2988 978 3035 le
988 2988 1028 3034 fer
1040 2993 1081 3036 est

87 3047 246 3107 aujourd'hui
263 3047 318 3094 tres
336 3047 474 3095 abundant
490 3062 522 3094 en
541 3048 706 3109 Angleterre.
720 3075 751 3084 -
763 3049 910 3098 Materia
921 3049 1029 3111 designe
1042 3050 1080 3098 les

87 3104 138 3155 bois
147 3111 179 3158 de
193 3112 270 3157 toute
287 3111 368 3157 sorte.
382 3135 411 3144 -
427 3109 592 3172 cujusque
605 3129 635 3152 =
648 3110 852 3174 cujuscumque.
867 3111 906 3159 Ci.
921 3112 1021 3171 Tacite,
1035 3114 1080 3174 qui

87 3183 123 3225 est
136 3180 195 3241 plus
211 3179 346 3242 explicite,
363 3178 467 3243 Apric,
486 3184 524 3228 12.
542 3206 572 3214 -
587 3179 696 3228 Animi
713 3193 839 3230 causa:
855 3174 935 3244 ψυχῆς
948 3173 1030 3244 χάριν.
1069 3209 1078 3218 -

87 3237 279 3303 Frigoribus,
291 3240 388 3288 ablatis
397 3241 493 3288 absolu
505 3241 520 3288 i
530 3256 591 3289 sens
602 3241 702 3290 causal.
719 3243 754 3290 Le
769 3243 865 3304 pluriel
878 3244 921 3304 (cs.
936 3243 1080 3306 siccitates)

87 3313 186 3363 merque
199 3302 314 3364 quelque
327 3303 407 3350 chose
420 3303 453 3350 de
465 3302 585 3351 durable.
601 3326 631 3338 ——
644 3303 890 3362 Humanissimi,
905 3306 972 3353 dans
982 3306 1006 3354 le
1019 3321 1082 3354 sens

87 3361 183 3420 gintral
193 3365 226 3412 de
238 3364 409 3412 civilisation.
421 3391 452 3400 -
461 3363 710 3414 consuetudine.
723 3365 762 3413 Cf.
775 3366 875 3424 Tacite,
887 3367 906 3413 Α
911 3367 989 3430 prio,
1002 3372 1040 3416 11.
1051 3395 1080 3403 -

88 3422 259 3476 Frumento,
271 3423 379 3486 de'signe
396 3424 555 3473 d'ordinaire
570 3426 594 3473 le
612 3426 655 3473 blo
668 3442 713 3474 sur
725 3428 803 3488 pied;
824 3428 857 3474 ici
870 3427 909 3476 les
927 3429 1081 3478 differentes

87 3490 164 3535 sortes
182 3489 215 3536 de
231 3487 302 3559 bles.
320 3513 351 3524 -
368 3486 473 3562 Cerne
493 3503 498 3534 :
516 3486 684 3564 aujourd'hui
705 3503 800 3536 encore
817 3490 850 3537 ils
863 3495 989 3551 mangent
1002 3492 1082 3539 beau·

86 3550 360 3680 illlediliildi'eii
374 3548 756 3674 ilitattttflrlit,tl
772 3551 1018 3662 {tiburtii
1028 3569 1081 3676 al

85 3673 184 3730 gnorent
197 3673 220 3720 le
234 3687 313 3732 corps
328 3687 396 3734 pour
406 3673 536 3720 certaincs
548 3672 710 3720 ceremonias
723 3675 893 3735 religieuscs;
909 3675 947 3722 les
959 3676 1080 3724 hommes

85 3730 147 3845 s'eq1
144 3735 356 3849 serqaiqntpour
365 3734 389 3782 le
401 3737 527 3795 tatouage
537 3734 631 3797 (Pline,
641 3732 727 3795 XXII,
740 3739 802 3795 1,2;
816 3736 960 3796 Herodian,
971 3737 1018 3798 ΙΙΙ,
1031 3743 1078 3799 tl).

83 3819 110 3828 -
150 3810 186 3847 oe
209 3811 235 3844 ot
251 3810 299 3850 ro,.

502 3929 643 3979 *77*-
