2756 4238
469 160 554 218 243.
574 162 779 232 L’augurat
794 164 838 220 de
850 162 950 220 Pllne

538 259 585 322 (De
598 259 625 307 G.
639 259 725 307 Plinii
735 258 893 324 auguratu.)

158 366 200 429 4Β
254 373 426 432 Gratularis
440 373 515 432 mihi
531 375 615 455 quod
633 377 802 456 acceperim
822 370 1005 455 auguratum
1015 379 1037 438 *.
1055 378 1129 438 Jure
1146 399 1217 456 gra-

215 470 341 531 tularis:
364 473 509 551 primum,
531 473 615 552 quod
637 474 829 552 gravissimi*
846 475 994 554 principis
1011 475 1165 555 judicium
1183 477 1215 534 in

214 567 384 628 minoribus
408 571 500 630 etiam
524 571 618 630 rebus
640 573 786 651 consequi
812 571 973 652 pulchrum
996 579 1058 646 est;
1089 573 1214 646 deinde,

214 666 297 745 quod
311 669 515 727 sacerdotium
531 669 644 749 ipsum,
661 689 732 728 cum
750 670 884 748 priscum
897 678 929 728 et
943 668 1131 746 religiosum,
1148 677 1213 729 tum

214 762 273 824 hoc
288 784 411 845 quoque
428 787 548 825 sacrum
569 767 659 846 plane
675 773 705 824 et
720 767 839 843 insigne
855 773 911 840 est,
927 767 1010 845 quod
1029 788 1090 825 non
1105 767 1216 826 adimi-

214 867 265 919 tur
278 861 396 921 viventi
406 865 427 923 *.
444 864 521 921 Nam
540 863 610 937 alia,
626 848 813 944 quamquam
829 864 979 941 dignitate
991 864 1213 944 propemodum

214 958 309 1036 paria,
329 967 362 1016 ut
376 958 566 1032 tribuuntur,
586 961 629 1019 sic
647 961 848 1020 auferentur:
870 961 901 1018 in
920 960 978 1019 hoc
993 961 1125 1020 fortunae
1143 962 1215 1020 hac-

215 1064 303 1114 teuus
318 1055 400 1124 licet,
424 1064 458 1115 ut
475 1057 540 1116 dari
561 1059 668 1137 possit.
688 1057 768 1116 Mihi
786 1079 859 1116 vero
877 1059 968 1116 etiam
984 1057 1061 1116 illud
1082 1057 1216 1135 gratula-

214 1152 327 1211 latione
344 1152 473 1232 dignum
499 1155 631 1220 videtur.
660 1155 742 1234 quod
770 1155 902 1213 successi
924 1153 1007 1212 Julio
1035 1153 1213 1227 Frontino*,

214 1250 346 1330 principi
365 1251 442 1320 viro,
465 1251 517 1331 qui
535 1273 583 1309 me
600 1252 821 1311 nominationis
840 1252 888 1310 die
906 1253 960 1332 per
980 1253 1036 1310 hos
1051 1252 1216 1310 continuos

214 1368 312 1406 annos
345 1348 426 1406 inter
452 1349 626 1407 sacerdotes
657 1349 847 1421 nominabat,
874 1357 1031 1428 tamquam
1059 1350 1089 1408 in
1112 1348 1213 1407 locum

214 1465 303 1504 suurn
319 1448 497 1525 cooptaret'
517 1465 523 1505 :
540 1445 623 1526 quod
639 1467 720 1504 nunc
734 1453 863 1504 eventus
881 1447 922 1504 ita
942 1445 1165 1525 comprobavit,
1180 1455 1216 1505 ut

213 1563 275 1601 non
299 1544 459 1619 fortuitum
487 1543 640 1602 videatur.
664 1544 706 1601 Te
730 1543 865 1622 quidem,
890 1550 924 1601 ut
950 1543 1070 1612 scribis,
1093 1542 1132 1601 ob
1156 1543 1215 1602 hoc

212 1641 345 1699 maxime
368 1640 501 1700 delectat
527 1648 695 1717 auguratus
720 1661 816 1710 meus,
846 1639 928 1720 quod
952 1639 1123 1699 honoribus
1147 1641 1215 1720 ejus

212 1737 351 1796 insistam
370 1758 459 1815 quern
480 1737 617 1796 aemulari
633 1737 663 1795 in
682 1738 793 1795 studiis
808 1738 930 1815 cupio*.
953 1737 1011 1795 Sed
1033 1738 1162 1808 utinam,
1181 1745 1215 1797 ut

212 1834 418 1894 sacerdotium
438 1834 531 1906 idem,
562 1843 594 1892 ut
618 1835 811 1893 consulatum
836 1834 934 1892 multo
958 1835 1050 1893 etiam
1067 1835 1216 1914 juvenior

212 1952 303 2013 quam
321 1931 369 1990 ille
387 1953 454 1990 sum
469 1940 664 2002 consecutus,
684 1933 726 1990 ita
743 1952 835 1989 senex
850 1931 956 1990 saltem
974 1932 1131 2010 ingenium
1149 1931 1215 2012 ejus

212 2029 313 2109 aliqua
329 2037 466 2108 exparte
481 2031 602 2109 assequi
618 2031 757 2109 possem!
778 2028 837 2086 Sed
856 2028 1000 2086 nimirum
1017 2049 1085 2108 quae
1100 2030 1214 2088 suntin
1245 2104 1250 2113 ί

212 2147 304 2186 manu
320 2127 479 2186 hominum
495 2127 613 2185 etmihi
633 2135 664 2185 et
683 2127 787 2185 multis
803 2126 1017 2203 contigerunt;
1033 2126 1108 2184 illud
1127 2148 1212 2204 veru,

213 2231 247 2283 ut
260 2225 354 2304 apisci
370 2225 512 2294 arduum,
532 2224 575 2283 sic
589 2224 680 2282 etiam
697 2244 818 2302 sperare
834 2224 963 2281 nimium
979 2229 1036 2296 est,
1051 2223 1134 2304 quod
1147 2224 1213 2284 dari

212 2342 273 2380 non
288 2322 346 2380 nisi
362 2321 448 2380 adiis
464 2328 576 2400 potest.

242 2445 282 2496 N⁰
295 2445 362 2496 243
375 2460 381 2492 :
395 2446 613 2508 Auguratum.
629 2445 703 2491 Pline
716 2444 756 2491 lut
771 2459 868 2505 augure
885 2458 917 2491 en
930 2449 975 2491 103
987 2459 1021 2492 ou
1037 2447 1090 2492 104.
1109 2445 1144 2492 Le
1161 2446 1215 2493 col-

210 2508 268 2569 lege
283 2509 330 2554 des
345 2522 457 2569 augures
470 2508 535 2554 etan
547 2508 571 2553 16
587 2507 749 2568 depositaire
764 2508 797 2554 de
815 2506 839 2552 la
852 2506 956 2553 science
969 2508 1001 2552 de
1015 2507 1213 2567 la‘divination,

211 2569 370 2618 c'est-a-dire
383 2572 415 2617 de
433 2569 653 2631 l'interpretation
672 2570 718 2615 des
736 2568 857 2629 auspices
870 2571 897 2614 et
910 2569 956 2615 des
969 2583 1090 2628 augures.
1108 2569 1143 2616 Ce
1161 2569 1214 2616 col-

210 2631 268 2693 lege
281 2635 388 2693 compta
406 2630 516 2679 d'abord
530 2632 605 2688 trois,
619 2631 679 2692 puis
692 2631 740 2685 six,
755 2630 825 2687 ncut',
844 2634 871 2676 et
887 2631 972 2677 11161116
991 2631 1084 2691 quinze
1102 2634 1129 2677 ct
1146 2631 1214 2678 seire

211 2693 298 2754 (apres
312 2694 386 2756 Sylla
398 2698 425 2741 et
440 2693 529 2754 Cesar)
542 2693 683 2739 membres.
698 2693 747 2738 Les
761 2692 877 2752 insignes
892 2692 938 2738 des
952 2706 1065 2753 augures
1076 2693 1176 2739 etaient
1188 2692 1214 2740 la

210 2756 331 2817 pretexte
355 2756 424 2803 elle
451 2756 532 2802 baton
554 2753 691 2810 recourbe,
717 2753 810 2815 appele
838 2753 930 2800 lituus.
951 2780 979 2788 -
1003 2753 1212 2803 Gravissimi.

213 2817 329 2879 «Trajan
354 2819 394 2863 est
414 2831 466 2863 une
487 2818 534 2864 des
550 2815 647 2877 ligures
662 2816 699 2862 les
722 2815 782 2876 plus
796 2815 999 2876 sympathiques
1018 2816 1050 2861 de
1068 2815 1213 2876 l'histoire;

211 2880 374 2939 s'ilmanque
397 2879 429 2924 de
445 2879 471 2926 la
495 2879 575 2924 haute
591 2877 793 2936 intelligenceel
818 2877 851 2922 de
875 2876 992 2923 laudace
1016 2877 1146 2938 potitique
1176 2879 1213 2923 du

210 2941 388 2987 reformateur
405 2941 449 3000 qui
468 2940 639 2993 reconstruit.
658 2938 675 2984 il
693 2940 744 2985 ala
761 2952 865 2999 sagesse
879 2941 906 2985 et
924 2939 948 2985 la
966 2938 1038 2986 lorce
1055 2939 1099 3000 qui
1117 2954 1215 2988 conso-

122 3027 124 3030 ·
210 3002 295 3049 lident
314 3007 340 3048 et
357 3005 517 3049 conservent
530 3017 542 3046 u
567 3002 681 3063 (Duruy,
696 3000 763 3048 Hisl.
779 3000 824 3048 des
838 3000 876 3058 a,
890 2999 935 3058 IV,
950 3000 1212 3062 776].-Vivenll.

211 3063 246 3109 La
267 3064 362 3124 charge
384 3063 508 3124 d'augure
524 3063 589 3111 dtait
608 3079 676 3125 pour
696 3063 721 3108 la
738 3063 789 3109 vie.
809 3088 836 3096 -
855 3061 1019 3111 Frontino.
1044 3061 1064 3108 11
1087 3061 1162 3122 s'agit
1179 3063 1213 3109 de

211 3125 329 3179 Frontin,
352 3130 447 3172 auteur
470 3126 516 3172 des
535 3125 712 3188 Stralape'mes
734 3127 761 3171 et
780 3125 827 3170 des
854 3123 1005 3186 Aqueducs,
1033 3123 1169 3182 inge'nieur
1185 3121 1228 3172 et'

214 3187 338 3233 tarticicn
357 3187 498 3246 distingue,
513 3188 557 3248 qui
577 3188 618 3233 fut
635 3187 742 3248 prltcur
754 3186 786 3232 de
800 3185 892 3242 Rome,
906 3186 1007 3242 consul,
1026 3186 1085 3246 puis
1098 3201 1214 3247 procon-

209 3249 250 3293 sul
269 3263 300 3294 en
323 3249 459 3308 Brctagne.
482 3275 511 3283 -
527 3247 711 3309 cooptaret.
730 3245 840 3308 Jusqu'a
856 3247 880 3293 la
907 3247 941 3293 loi
966 3247 1084 3294 Domitia
1107 3248 1171 3309 (104)
1188 3248 1213 3295 le

210 3310 309 3370 college
327 3311 373 3356 des
390 3325 502 3370 augures
524 3325 552 3357 se
571 3310 699 3356 recrutait
723 3309 855 3355 lui-meme
874 3323 922 3369 par
945 3308 1085 3370 cooptatio.
1100 3310 1135 3356 Le
1151 3324 1214 3357 cau.

210 3372 285 3418 didat
299 3371 365 3418 erait
387 3371 492 3418 nomme
512 3387 559 3433 par
576 3387 611 3418 un
631 3371 749 3418 membre
772 3372 807 3417 du
827 3370 926 3431 college
944 3371 997 3432 qui,
1019 3386 1068 3432 par
1085 3374 1211 3430 serment,

209 3447 237 3478 se
255 3434 354 3493 portait
371 3438 464 3494 garant
484 3448 552 3494 pour
570 3434 614 3490 lui,
634 3435 693 3494 puis
706 3431 797 3494 coepte
813 3447 861 3493 par
882 3432 906 3478 le
926 3433 1036 3492 college,
1052 3433 1213 3480 6111ιηί11611-

208 3495 278 3556 911νρ
301 3509 345 3555 par
373 3509 406 3540 un
429 3496 461 3541 de
481 3509 523 3542 ses
546 3495 688 3554 collegucs.
712 3495 747 3540 La
769 3494 803 3540 loi
828 3494 945 3541 Domitia
969 3494 1063 3541 decide
1087 3516 1097 3536 a
1113 3509 1165 3556 que
1189 3495 1213 3542 le

209 3557 303 3616 peuple
317 3555 429 3602 crlcrait
441 3556 479 3602 les
490 3559 601 3618 premes,
616 3559 780 3617 auparavant
792 3555 890 3602 choisis
902 3571 951 3617 par
960 3556 1031 3603 leurs
1044 3557 1178 3617 collegues
1190 3577 1211 3606 υ.

208 3643 239 3650 -
261 3617 369 3678 Cupio.
395 3618 469 3664 Pline
497 3622 538 3665 est
566 3619 620 3665 tres
641 3619 764 3664 desireux
789 3618 821 3663 de
846 3618 1006 3664 ressembler
1040 3619 1055 3665 a
1090 3619 1212 3676 Ciceron,

209 3681 302 3725 autaut
316 3693 382 3739 pour
394 3680 432 3726 les
457 3679 590 3726 honneurs
607 3679 698 3740 (chose
716 3679 792 3725 facilc
805 3679 820 3724 a
832 3694 867 3724 un
878 3679 963 3726 favori
976 3681 1008 3726 de
1026 3681 1142 3742 Trajan),
1161 3694 1214 3742 que

210 3754 278 3800 pour
288 3739 449 3800 l'lloquence
460 3743 499 3802 (ce
511 3741 558 3801 qui
571 3741 638 3788 eluit
650 3741 756 3787 louable
767 3755 829 3788 saus
841 3741 932 3800 doute,
946 3741 1012 3788 mais
1029 3741 1091 3789 bien
1108 3742 1213 3804 preten-

206 3801 281 3847 .tieux
294 3802 326 3847 de
339 3816 368 3848 sa
380 3801 459 3863 part).

634 3917 788 3970 -246-
