2696 4244
320 163 401 221 198.
420 165 474 220 La
487 127 603 232 petite
617 163 741 232 patrie
757 164 848 220 et‘la
863 165 1015 232 grande.

430 267 477 330 (De
485 267 578 331 patria
592 267 653 328 toci,
668 269 699 316 de
713 267 806 332 patrie
814 267 908 330 juris.)

111 421 153 484 4³
207 424 267 482 Sed
279 425 355 484 illud
368 426 576 508 tamenquale
600 435 657 498 est,
675 427 718 485 ait
743 427 875 496 Atticus,
895 426 978 506 quod
994 426 1085 505 paulo
1101 433 1171 484 ante

124 534 126 538 “
168 521 272 580 dixisti
290 541 297 582 1
322 524 403 594 hune
421 523 536 597 locum,
553 509 671 583 scilicet
692 523 856 602 Arpinum,
874 523 930 581 tihi
954 523 1102 602 fratrique
1117 530 1171 580 tuo

167 638 344 694 germanam
372 641 437 678 esse
463 621 617 701 patriam?
651 620 810 699 Numquid
847 641 903 677 vos
938 620 1013 679 duas
1052 618 1172 677 hahetis

169 715 304 793 patrias?
315 737 352 774 an
364 725 411 775 est
423 717 475 775 illa
489 739 548 776 una
565 718 663 796 patria
674 717 933 776 communislnisi
945 716 1024 775 forte
1040 716 1172 796 sapienti

168 811 212 868 illi
228 811 340 871 Catoni
357 813 416 872 luit
439 815 539 894 patria
562 835 624 871 non
640 813 750 885 Roma,
768 813 820 871 sed
840 813 1036 872 Tusculum*.
1053 848 1093 856 -
1108 811 1173 890 Ego

152 909 153 912 ’
169 908 359 982 mehercule,
371 911 473 990 inquit
489 911 609 984 Cicer0,
629 917 659 970 et
674 909 718 968 illi
737 917 767 969 et
786 910 929 968 omnibus
944 909 1173 988 municipibus*

167 1004 244 1063 duas
257 1026 322 1064 esse
338 1028 448 1065 censeo
463 1009 581 1086 patrias
598 1028 604 1067 :
622 1028 714 1066 unam
732 1015 860 1078 naturae,
877 1007 1003 1066 alteram
1019 1006 1172 1078 civitatis;

169 1110 204 1160 ut
218 1102 269 1161 ille
294 1103 381 1174 Cato,
398 1125 467 1162 cum
495 1113 574 1163 esset
591 1105 716 1162 Tusculi
741 1113 849 1175 natus,
875 1104 905 1162 in
930 1103 1037 1187 populi
1054 1105 1173 1161 romani

168 1199 326 1257 civitatem
342 1207 504 1279 susceptus
517 1209 573 1260 est.
589 1202 706 1280 ltaque,
717 1222 786 1258 cum
799 1208 867 1259 ortu
876 1200 1068 1259 Tusculanus
1081 1206 1173 1272 esset,

168 1302 200 1353 et
211 1296 336 1355 civitate
352 1297 523 1372 RomanuS,
545 1297 655 1356 habuit
667 1297 793 1356 alteram
811 1297 870 1355 loci
884 1298 1030 1376 petriam,
1047 1297 1173 1355 alteram

166 1391 245 1471 juris
273 1410 280 1452 ε
304 1401 339 1451 111
353 1394 460 1466 Attici,
487 1401 651 1473 postquam
680 1395 816 1452 Theseus
844 1393 966 1452 eosdem
992 1394 1123 1471 migrare
1137 1390 1176 1450 ex

170 1489 262 1566 agris,
276 1490 350 1548 etin
366 1498 436 1549 estu
448 1490 530 1570 quod
544 1491 717 1571 appellatur
733 1511 839 1548 omnes
854 1511 886 1549 se
901 1491 1040 1548 conterre
1052 1489 1173 1568 jussit*,

169 1585 212 1644 sic
239 1606 295 1644 nos
319 1595 350 1646 et
375 1607 440 1646 earn
466 1588 596 1666 petriam
621 1587 750 1648 dicimus
773 1588 824 1644 uhi
851 1588 926 1657 nati,
957 1594 987 1645 et
1008 1587 1090 1644 illam
1115 1607 1176 1664 qua

170 1683 290 1761 excepti
305 1704 421 1742 sumus.
439 1683 497 1742 Sed
517 1704 639 1742 necesse
664 1693 710 1742 est
734 1685 860 1743 caritate
887 1705 953 1742 eam
980 1691 1126 1762 praestare
1144 1683 1175 1738 in

169 1800 230 1858 qua
246 1780 423 1859 reipublicae
436 1801 548 1838 nomen
563 1781 718 1839 universae
731 1781 866 1840 civitatis
881 1789 938 1852 est,
955 1800 1011 1859 pro
1022 1801 1080 1860 qua
1096 1779 1174 1836 mori

170 1884 200 1935 et
215 1879 265 1936 cui
281 1898 336 1935 nos
353 1886 435 1936 totos
448 1877 571 1951 dedere,
593 1884 624 1936 et
646 1879 676 1935 in
702 1899 760 1958 qua
778 1887 882 1936 nostra
898 1878 1000 1936 omnia
1017 1896 1129 1956 ponere
1145 1884 1176 1934 et

170 1976 256 2053 quasi
273 1977 470 2033 consecrare*
486 1975 643 2034 debemus
665 1975 771 2033 Dulcis
787 1983 887 2034 autem
907 1974 1075 2032 nonmulto
1088 1993 1176 2030 secus

171 2079 217 2128 est
232 2092 266 2129 ea
284 2092 353 2150 quae
368 2072 476 2148 genuit
489 2093 579 2151 quam
597 2073 647 2130 illa
666 2093 734 2150 quae
754 2073 888 2150 excepit.
911 2072 1018 2149 ltaque
1041 2090 1097 2146 ego
1110 2091 1176 2128 esse

171 2167 363 2226 hancmeam
379 2169 508 2246 patriam
535 2190 660 2248 prorsus
687 2189 854 2248 numquam
881 2167 1009 2246 negabO,
1034 2166 1175 2244 dumille

171 2265 211 2322 sit
224 2265 332 2344 major,
347 2273 378 2322 et
390 2265 455 2323 haec
471 2266 501 2323 in
524 2286 558 2324 ea
574 2267 783 2326 contineatur.
984 2256 985 2259 ¹

202 2415 244 2464 111ο
261 2413 325 2464 198
340 2428 345 2461 1
359 2415 546 2472 Tusculum,
561 2414 623 2462 ville
643 2414 678 2462 du
698 2415 812 2472 Latium,
826 2415 888 2476 pres
908 2415 941 2462 de
961 2415 1090 2461 Frascati.
1106 2414 1176 2462 C’est

171 2477 196 2524 lu
208 2477 295 2538 patrie
308 2477 341 2523 de
355 2475 447 2524 Caton.
466 2476 485 2522 ll
499 2492 516 2537 y
529 2491 544 2523 a
560 2477 625 2524 dans
637 2477 675 2523 les
688 2478 814 2523 environs
831 2477 878 2524 des
901 2475 998 2524 valldes
1019 2475 1177 2523 de'licicuses

172 2539 207 2586 011
220 2539 258 2585 les
271 2538 359 2585 riches
371 2537 497 2584 Romains
511 2537 589 2584 tinent
602 2539 672 2585 batir
682 2540 729 2584 des
750 2539 867 2585 maisons
886 2539 919 2584 (16
937 2550 1090 2598 cninpagne.
1106 2536 1177 2582 C'est

171 2601 197 2649 111
207 2615 258 2662 que
275 2599 385 2647 Ciceron
400 2614 427 2646 se
441 2600 522 2646 retira
532 2600 598 2646 dans
619 2615 669 2646 une¹
687 2601 719 2646 tle
739 2615 781 2647 ses
801 2601 886 2653 villas,
906 2599 982 2660 apres
1001 2599 1025 2645 le
1042 2598 1176 2658 triumphe

172 2663 205 2709 de
224 2661 315 2720 Cesar,
342 2675 410 2721 pour
428 2675 446 2739 p
467 2661 551 2707 ecrire
574 2676 615 2708 scs
642 2661 811 2709 Tusculanos.
838 2689 866 2696 -
887 2659 1121 2721 Municipibus.
1140 2659 1176 2705 Le

174 2723 360 2785 municipium,
385 2723 399 2768 11
419 2721 546 2784 lorigine,
570 2723 635 2770 dlait
659 2737 709 2770 une
736 2724 796 2769 ville
821 2739 873 2769 non
900 2723 1027 2779 romaine,
1053 2721 1120 2767 mais
1143 2735 1175 2765 cn

173 2787 242 2834 train
254 2786 286 2832 de
303 2785 327 2831 le
347 2784 466 2841 devenir,
482 2784 585 2844 d'apr'es
599 2785 636 2830 les
655 2787 752 2831 termes
770 2786 806 2830 (111
825 2784 920 2844 foedus
939 2785 984 2845 qui
1006 2783 1098 2829 l'evait
1114 2782 1176 2828 unie

173 2849 229 2895 116
249 2845 302 2894 61ῖὸ
324 2841 470 2892 mattre'sse.
492 2845 539 2892 Ses
562 2846 708 2901 habitants,
732 2846 986 2906 prdsentsdllome,
1009 2846 1070 2894 sont
1091 2843 1177 2890 admis

173 2911 188 2956 11
203 2914 292 2966 votem
304 2909 336 2954 ils
348 2909 396 2954 ont
409 2907 569 2955 d'ordinaire
585 2909 607 2954 lc
617 2907 665 2969 jus
685 2907 795 2954 conubii
812 2913 839 2955 et
855 2909 879 2955 le
892 2907 940 2969 jus
957 2903 1116 2953 commercii.
1136 2904 1177 2951 Dc

174 2971 262 3018 bonne
294 2970 383 3024 heure,
414 2969 452 3014 les
479 2970 601 3032 citoyens
635 2971 681 3017 des
711 2971 860 3031 municipes
880 2969 925 3031 qui
954 2969 1060 3015 avaient
1082 2966 1177 3014 exerce

174 3033 236 3079 chez
258 3047 308 3078 eux
321 3031 358 3077 les
372 3030 518 3090 premieres
536 3032 646 3092 charges
665 3033 825 3079 devenaient
838 3033 870 3078 de
884 3031 954 3092 plein
972 3031 1042 3076 droit
1054 3029 1178 3090 citoyens

174 3094 300 3148 romains,
326 3091 427 3154 optimo
456 3091 520 3140 ure.
544 3093 614 3141 C'est
638 3094 705 3140 ainsi
735 3109 786 3155 que
809 3094 833 3140 le
858 3093 999 3139 devinrent
1020 3093 1058 3138 les
1082 3089 1177 3149 Caton,

174 3156 213 3202 les
237 3155 346 3212 Marius,
373 3153 412 3200 les
436 3107 556 3202 (iicc'ron.
582 3157 605 3202 A
626 3158 648 3203 la
674 3155 709 3201 fin
735 3156 766 3202 de
784 3155 810 3202 la
828 3169 922 3216 guerre
945 3154 1042 3200 sociale
1074 3151 1173 3212 (89-90)

174 3220 266 3264 tontes
278 3216 316 3261 les
326 3215 402 3261 villes
414 3215 533 3263 lede'rees
547 3217 648 3264 d'ltalie
662 3218 751 3264 lurent
764 3217 879 3263 adniises
891 3231 923 3262 en
934 3215 996 3262 bloc
1009 3216 1075 3261 dans
1087 3213 1113 3259 la
1124 3211 1177 3260 cite

175 3278 302 3324 romaine.
316 3303 343 3310 —
356 3277 378 3325 J
381 3277 474 3327 ussit.
489 3278 601 3339 D'apres
612 3279 638 3326 la
650 3279 769 3339 legende,
781 3277 883 3326 The'see
896 3278 983 3324 tondit
996 3291 1027 3323 en
1041 3290 1092 3322 une
1105 3275 1177 3321 seule

175 3339 268 3386 nation
281 3339 320 3385 les
331 3339 418 3385 trihus
429 3353 464 3385 ou
478 3341 577 3387 classes
590 3341 622 3387 de
639 3340 779 3401 l'Attique.
795 3367 824 3374 -
842 3340 1051 3389 consecrare.
1065 3336 1177 3384 Ciceron

175 3401 290 3462 (comme
305 3401 493 3462 Montesquiru
505 3402 566 3448 chez
576 3402 653 3462 nous)
667 3417 682 3449 6
692 3402 716 3449 16
726 3405 833 3464 respect
841 3403 873 3448 de
882 3401 1052 3448 l'institution
1066 3398 1176 3445 sociale:

175 3463 194 3509 il
206 3462 240 3509 l’a
251 3463 353 3522 prouve
364 3478 413 3524 par
424 3477 452 3509 sa
471 3463 514 3509 vie
530 3467 556 3510 et
572 3479 622 3524 par
634 3478 663 3510 sa
675 3467 755 3512 mort.
770 3464 791 3510 ll
803 3480 822 3526 y
834 3464 907 3510 avait
918 3464 1052 3510 vralment
1064 3460 1178 3522 quelque

175 3524 257 3571 chose
277 3524 309 3570 de
332 3525 460 3585 religieux
479 3525 549 3572 etde
566 3525 640 3572 sacre
651 3525 718 3572 dans
730 3526 844 3573 l’amour
859 3525 906 3572 des
920 3525 1028 3571 enciens
1041 3537 1110 3583 pour
1121 3523 1179 3568 leur

176 3585 263 3646 patrie
289 3584 367 3645 (Voir
390 3586 416 3632 16
440 3584 497 3632 cm
522 3587 634 3650 antique
657 3586 690 3633 de
714 3589 805 3635 Fustel
828 3588 861 3633 de
887 3586 1043 3646 Coulunges.
1067 3582 1134 3630 Voir
1154 3583 1176 3630 la

176 3647 298 3693 dernitre
312 3650 373 3694 note
386 3648 419 3694 de
429 3647 455 3693 16
468 3648 574 3695 version
597 3648 777 3712 precedente).
796 3648 835 3697 Cs.
860 3648 980 3707 Ciceron,
1001 3646 1031 3692 de
1056 3644 1178 3703 Finibus,

176 3707 210 3766 V,
236 3713 264 3754 23
290 3723 296 3757 ς
321 3727 333 3750 «
352 3708 422 3756 1111111
446 3710 485 3756 est
508 3710 580 3771 quod
605 3709 686 3758 tatius
709 3713 802 3773 pateat
823 3724 905 3773 quam
928 3706 1083 3770 conjunctio
1108 3705 1179 3754 inter

175 3768 305 3827 hominm,
318 3771 342 3816 et
359 3769 439 3832 quasi
460 3771 592 3832 quaedam
608 3771 722 3820 societas
735 3774 760 3819 et
773 3769 980 3820 communicatio
995 3768 1178 3816 utilitatum».

534 3901 545 3924 '·
599 3915 756 3966 -200-
817 3922 824 3932 ·
