2756 4238
143 128 228 222 250.
245 128 420 185 conduite
433 129 477 189 de
485 131 596 186 Rome
610 141 745 187 envers
754 129 811 186 les
821 129 982 187 colonias
995 129 1144 187 letines.

249 224 396 287 (Quomodo
407 224 526 273 coloniae
539 225 648 274 Latinae
659 225 692 274 ab
705 225 950 275 Romanis‘habitae
962 224 1037 289 sint.)

183 339 262 398 Cum
286 339 438 400 coloniae*
461 339 563 399 latinae
583 340 746 400 duodecim
764 340 942 400 consulibus
963 339 1143 400 abnuissent
1158 341 1198 405 3·

41 427 43 431 ¹
141 436 256 496 milites
273 436 357 510 dare,
381 438 535 517 principes
557 439 876 515 earum'magistratus
897 439 1027 496 Romam
1051 438 1143 496 exciti

143 540 232 606 sunt;
258 534 358 614 iisque
390 534 574 613 imperatum
598 557 615 594 a
645 535 785 595 Patribus
812 543 988 614 «quantum
1015 555 1144 616 quaeque

142 650 247 690 earum
277 631 467 690 coloniarum
500 632 632 691 militum
671 632 836 711 plurimum
867 632 1002 691 dedisset
1028 631 1145 711 populo

141 727 294 801 Romano,
311 749 347 786 ex
363 749 425 808 quo
441 729 544 787 hostes
555 730 586 786 in
601 729 688 787 ltalia
698 735 810 788 essent.
824 730 854 786 Si
866 730 918 808 qui
929 749 967 788 ex
977 729 1013 787 iis
1024 749 1145 787 recusa·

140 833 219 897 rent,
235 826 360 892 retineri
374 826 441 906 ejus
453 826 582 884 coloniae
598 827 793 904 magistratus
804 826 981 906 legatosque
991 826 1111 905 placere
1120 827 1143 908 *‚

141 943 252 1002 neque,
272 923 297 980 si
316 923 519 1002 postularent,
532 932 671 982 senatum
681 924 693 947 *
707 923 783 990 dari,
800 924 980 1003 priusquam
995 924 1145 1002 imperata

140 1020 295 1079 iecissent.
313 1019 506 1099 Stipendium
525 1028 671 1099 praeterea
693 1020 729 1078 iis
744 1020 874 1079 coloniis
893 1021 923 1078 in
948 1020 1056 1078 milia*
1076 1018 1148 1079 aeris'
1233 1066 1235 1080 .

140 1137 222 1175 asses
244 1117 382 1194 singulos
402 1116 566 1195 imperari*
591 1117 733 1197 exigique
753 1117 929 1196 quotannis,
956 1138 1144 1198 censumque

140 1214 171 1272 in
201 1214 237 1272 iis
265 1214 395 1273 coloniis
424 1214 472 1291 agi
499 1235 536 1272 ex
563 1214 696 1273 formula
720 1213 757 1272 ab
788 1215 934 1272 Romanis
964 1215 1144 1274 censoribus

140 1311 253 1369 data».
271 1311 314 1368 Ex
331 1311 389 1370 hoc
402 1319 526 1370 senatus
544 1312 686 1370 consulto
706 1311 810 1370 accitis
834 1312 963 1369 Romam
985 1311 1145 1389 magistra-¹

139 1407 485 1488 tibus‘primoribusque
498 1428 602 1467 earum
613 1407 814 1479 coloniarum,
829 1409 970 1468 consules
981 1429 1051 1466 cum
1064 1409 1144 1467 mili-

139 1512 202 1563 tem
222 1503 472 1584 stipendiumque
489 1505 702 1584 imperassent,
724 1505 773 1562 alii
796 1505 862 1563 aliis
883 1505 978 1582 magis
998 1526 1143 1565 recusare

140 1622 175 1660 ac
205 1601 382 1674 reclamare,
414 1623 556 1680 «negare
580 1609 701 1660 tantum
725 1601 858 1660 militum
889 1602 991 1661 elfici*
1024 1622 1142 1682 posse;

140 1719 227 1758 orare
243 1706 335 1778 atque
350 1699 520 1770 obsecrare,
539 1706 573 1757 ut
594 1699 651 1757 sibi
674 1708 812 1758 senatum
831 1699 914 1757 adire
932 1721 967 1758 ac
984 1698 1142 1779 deprecari

140 1795 257 1856 liceret.
273 1796 355 1853 Nihil
372 1817 415 1868 se,
434 1816 528 1874 quare
544 1797 643 1874 perire
661 1796 771 1854 merito
791 1795 948 1866 deberent,
968 1796 1140 1868 admisisse;

140 1892 205 1964 sed,
241 1893 264 1951 si
291 1892 482 1972 pereundum
512 1893 603 1951 etiam
629 1892 718 1964 foret,
751 1914 849 1972 neque
883 1914 972 1951 suum
996 1893 1141 1951 delictum

141 2010 239 2070 neque
256 1990 332 2048 iram
348 1989 454 2070 populi
473 1989 615 2060 Romani,
642 1989 759 2069 utplus
777 1991 908 2049 militum
923 1990 1032 2050 darent
1050 2011 1141 2070 quam

143 2088 302 2159 haberent,
320 2107 408 2166 posse
428 2087 587 2145 efficere.»
610 2086 760 2145 Consules
779 2086 924 2145 obstinati
946 2087 1142 2165 magistratus

142 2185 185 2243 ire
211 2184 335 2243 domum
356 2183 467 2263 jubent
490 2183 528 2242 ad
554 2182 684 2243 dilectus
704 2182 861 2242 habendos
885 2203 892 2244 z
915 2185 1000 2242 «nisi
1023 2205 1143 2254 summa

142 2282 287 2355 militum,
305 2301 373 2360 quae
395 2281 543 2359 imperata
557 2289 646 2353 esset,
674 2281 805 2340 Romam
822 2280 966 2354 adducta,
987 2283 1141 2360 neminem

143 2380 180 2437 iis
196 2386 335 2438 senatum
349 2378 402 2436 da
390 2386 505 2438 turum.
525 2404 536 2431 ι

171 2513 212 2562 N
229 2511 318 2562 250
334 2509 485 2560 Coloniae
505 2509 639 2559 latinae
659 2509 699 2556 On
716 2511 833 2572 appelait
855 2509 978 2558 coloniae.
995 2509 1141 2560 latinorum

140 2590 174 2622 ou
189 2573 296 2633 latinae,
309 2574 347 2620 les
360 2573 478 2620 colonies
493 2571 648 2642 compesces
666 2573 697 2618 de
717 2571 810 2618 colons
829 2573 873 2633 qui
891 2573 1017 2620 devaient
1034 2587 1142 2622 exercer

140 2637 207 2683 dans
219 2636 244 2681 la
257 2610 379 2682 noiivelle
397 2635 433 2681 cit
424 2634 449 2681 te
468 2635 506 2681 les
528 2634 612 2681 dreis
632 2633 768 2680 inherents
788 2635 801 2680 ιι
820 2634 844 2680 la
863 2635 901 2681 lat
902 2634 967 2680 inite
990 2633 1140 2697 (latinitas),

140 2699 194 2744 soit
211 2696 288 2758 quils
305 2697 408 2743 sussen
425 2696 516 2742 Latins
537 2711 569 2742 an
572 2695 770 2753 crieurement
794 2696 847 2742 soit
859 2711 894 2756 qu
897 2694 936 2742 ils
956 2701 1064 2743 eussent
1078 2711 1140 2767 recu

140 2759 373 2806 fictivtementcet
375 2757 501 2864 efqualitc'¹
519 2756 671 2827 (justelli).
688 2757 757 2804 Elles
776 2758 960 2804 datentdela
979 2758 1140 2805 dissolution

140 2821 393 2867 del'anciennecon
422 2819 542 2866 deration
552 2819 632 2866 lame
646 2819 699 2866 (493
717 2834 758 2866 av.
778 2819 814 2866 J.-
805 2818 864 2881 -..C)
883 2820 918 2866 Le
937 2819 986 2866 but
998 2821 1030 2866 de
1047 2821 1139 2880 Rome,

140 2898 172 2929 en
193 2883 230 2928 les
254 2881 374 2939 tondant,
397 2880 463 2927 etan
488 2881 520 2927 de
539 2867 653 2943 peupler
671 2881 710 2928 les
731 2895 814 2988 ριιέε
816 2881 1078 2929 nouvellemcntcon
1099 2883 1140 2930 uis

140 2946 156 2990 d
160 2943 266 2990 altres
255 2917 387 3004 eprouids
404 2956 452 3002 par
463 2942 520 2990 leur
532 2957 645 3003 coniage
658 2947 686 2990 et
697 2942 754 2988 leur
785 2943 836 2989 deli
840 2943 865 2990 te
840 2947 905 2990 tet
917 2945 983 2990 dont
994 2943 1019 2990 le
1029 2958 1090 2990 nom
1112 2959 1141 2992 re

140 3006 215 3052 dei
193 3009 230 3052 ιιιι
241 3019 346 3051 assurer
356 3005 402 3050 des
415 3004 570 3062 contingent
572 3018 583 3050 s
560 3004 794 3052 tconsiderables
807 3020 857 3051 aux
870 3005 972 3052 armdes
981 3005 1014 3052 de
1027 3006 1052 3052 la
1064 3006 1142 3066 repu-

140 3067 239 3127 blique
255 3070 294 3112 Au
309 3067 384 3127 point
374 3065 644 3142 tdevuepolitique
658 3065 757 3112 lamlle
768 3067 890 3113 nouvelle
903 3067 969 3114 etait
985 3067 1140 3118 considente

140 3143 243 3176 connne
265 3143 300 3174 un
319 3128 445 3188 petitt
412 3115 474 3174 Erat
495 3128 539 3173 uni
564 3127 578 3172 ιι
604 3127 687 3174 Rome
710 3142 758 3188 pur
779 3128 817 3173 les
837 3128 903 3175 liens
928 3127 1006 3175 d'une
1029 3129 1140 3176 alliance

60 3244 63 3250 Α
139 3189 292 3250 (soederatil
306 3190 342 3236 La
361 3188 480 3249 formula
492 3188 610 3236 coloniae
625 3188 795 3236 determinai
813 3190 851 3236 les
870 3190 1040 3250 contingente
1052 3205 1102 3251 que
1115 3191 1140 3238 la

139 3252 243 3299 colonie
265 3252 356 3298 devait
380 3251 482 3297 lournir
505 3252 518 3298 a
539 3251 621 3297 Rome
639 3265 672 3298 en
689 3251 842 3307 lantassins,
863 3266 895 3298 en
913 3251 1042 3298 ιιιιιιιιιειε
1059 3255 1087 3299 et
1107 3267 1139 3299 en

139 3317 231 3422 oigept
235 3313 319 3422 .bVoir
336 3313 505 3420 versiqn246.
482 3313 665 3420 Ιέιῗοθιθ.
679 3311 823 3359 Cetinllnit
811 3287 1140 3423 tgdpenglildel'lideqqe

138 3391 153 3422 a
189 3389 243 3422 ari
265 3389 345 3422 usim
364 3389 408 3421 era
425 3389 509 3420 um=
544 3375 840 3422 arescensuerunt-
876 3387 940 3423 ena
956 3388 976 3422 u
1050 3390 1140 3423 enne

138 3453 172 3483 ιιιι
186 3438 262 3483 senat
271 3389 362 3498 (pourp
363 3451 390 3482 se
404 3436 583 3497 plaindrela-
558 3435 633 3483 -In
647 3436 747 3492 milia,
761 3451 796 3482 un
807 3451 835 3483 as
845 3451 893 3497 par
903 3383 1018 3483 nnllelails
1027 3438 1060 3483 de
1070 3452 1141 3498 capi·

138 3500 226 3547 tul.-
197 3497 407 3568 -Imperari
421 3498 494 3544 Dans
507 3498 543 3544 les
557 3497 674 3544 colonies
688 3497 783 3544 latines
796 3501 823 3544 et
846 3498 883 3544 les
897 3498 972 3544 villes
990 3498 1088 3553 allides,
1101 3499 1139 3546 les

138 3560 227 3608 levdes
247 3561 353 3606 avaient
343 3559 463 3606 tlieuen
480 3559 628 3606 vertudun
641 3559 697 3606 edit
709 3559 858 3606 consulaire
871 3575 915 3620 qui
929 3559 1002 3607 fixa}
992 3558 1138 3620 t’lepoque

139 3620 220 3669 dela
240 3622 328 3682 pelet
318 3621 754 3680 ιιεςιιιι1“ιιιιιιιοοιιιιιιιζειιι.-
727 3620 875 3678 -Effiei,
892 3622 1044 3682 expression
1062 3622 1139 3668 lami-

139 3685 210 3730 liere.
222 3637 274 3729 lies
297 3683 331 3729 La
335 3682 508 3732 insieulent
520 3683 577 3728 dire
596 3696 648 3728 non
668 3682 867 3742 seulementqu
870 3682 901 3729 ils
915 3698 946 3729 ne
977 3697 1062 3729 euven
1091 3698 1139 3744 pas

139 3745 241 3792 seurnir
251 3759 285 3791 un
303 3742 501 3808 parcileffectif,
516 3743 582 3793 mais
595 3758 630 3804 qu
633 3742 671 3790 ils
685 3758 717 3790 ne
730 3748 848 3805 peuvent
864 3759 911 3805 pas
928 3687 1075 3808 fabriquer
1091 3746 1137 3792 des

138 3808 246 3854 soldals.

560 3924 593 3933 —
613 3895 663 3945 ‘253
683 3924 716 3944 -.
