2756 4238
324 137 407 196 277.
426 139 497 196 Les
515 139 756 208 legislateurs
771 141 809 196 et
823 140 879 197 les
893 138 1140 208 philosophos.
1157 175 1160 183 .

395 241 399 249 ’
470 235 518 298 (De
532 235 758 299 legumlatoribus
768 237 794 283 et
803 235 995 299 philosophis.)

5 365 6 368 ’
75 385 77 390 ·
177 348 218 412 2Θ
272 349 379 408 Virtus
398 350 429 408 in
447 352 525 408 usu*
542 351 588 410 sui
608 359 674 410 tota
692 352 793 430 posita
811 358 873 421 est;
899 373 971 410 usus
986 359 1088 410 autem
1108 351 1175 429 ejus
1191 357 1237 410 est

233 446 395 519 maximus
412 448 546 506 civitatis
561 448 743 526 gubernatio
755 451 777 521 *,
797 456 828 507 et
845 469 951 507 earnm
973 449 1109 528 ipsarum
1130 468 1235 506 rerum

233 565 308 625 quas
325 543 500 624 philosophi
515 545 546 602 in
561 546 702 624 angulis*
718 553 886 625 personant
901 566 1007 624 reapse
1021 566 1083 604 non
1097 545 1237 604 oratione

233 641 392 720 perfectio.
416 641 498 700 Nihil
514 643 593 700 eninr
614 643 763 702 dicitura
785 643 989 722 philosophis,
1010 641 1094 722 quod
1109 641 1236 721 quidem

232 745 315 797 reete
335 738 523 818 honesteque
545 739 675 812 dicatur,
697 741 771 819 quin
796 739 834 797 ab
859 740 907 798 his
931 747 1053 820 partum
1073 739 1230 798 confirma·

232 843 361 914 tumque
374 837 424 907 sit,
442 837 584 916 aquibus
599 837 776 895 civitatibus
791 837 861 916 jura
873 836 1029 916 descripta
1046 842 1129 895 sunt.
1148 836 1238 895 Unde

233 933 315 990 enim
331 933 448 1012 pietas*
462 942 516 993 aut
532 955 548 992 a
564 934 675 1013 quibus
696 934 827 1012 religio?
847 933 928 992 unde
946 934 999 1013 jus
1016 941 1069 992 aut
1084 932 1235 1010 gentium,

232 1035 287 1088 aut
306 1030 364 1088 hoc
383 1031 483 1110 ipsum
506 1031 595 1090 civile
616 1031 698 1111 quod
718 1031 853 1090 dicitur?
871 1031 952 1090 unde
971 1031 1093 1111 justitia
1102 1031 1125 1103 *‚
1147 1029 1236 1090 fides

234 1127 383 1206 aequitas?
410 1127 490 1186 unde
523 1128 654 1207 pudor*,
689 1128 891 1200 continentia,
919 1129 991 1206 fuga
1023 1127 1238 1208 turpitudinis,

235 1225 429 1303 appetentia*
443 1226 541 1283 laudis
554 1226 786 1284 ethonestatis?
800 1225 881 1284 unde
894 1225 926 1283 in
942 1225 1100 1284 laboribus
1115 1231 1146 1283 et
1158 1225 1240 1303 peri-

234 1321 312 1380 culis
325 1321 496 1380 fortitudo?
515 1323 632 1402 Nempe
650 1323 687 1381 ab
708 1323 765 1394 his,
789 1323 840 1403 qui
863 1320 929 1381 haec
947 1321 1120 1402 disciplinis
1142 1320 1239 1379 insor-

235 1418 346 1488 mata*,
370 1419 428 1476 alia
450 1420 587 1478 moribus
607 1421 839 1493 confirmarunt,
866 1425 1034 1478 sanxerunt
1054 1427 1158 1477 autem
1178 1417 1239 1476 alia

234 1515 382 1593 legibus*.
403 1516 483 1582 Quin
503 1517 594 1575 etiam
611 1517 816 1575 Xenocratem
839 1517 953 1589 ferunt,
976 1516 1111 1575 nobilem
1129 1515 1160 1572 in
1176 1515 1240 1594 pri-

235 1613 293 1670 mis
306 1613 535 1692 philosophum,
551 1633 621 1671 cum
638 1621 829 1692 quaereretur
840 1604 880 1672 'ex
897 1633 933 1672 eo
951 1612 1026 1692 quid
1039 1632 1241 1692 assequeren-

236 1717 287 1768 tur
301 1709 367 1789 ejus
384 1710 539 1790 discipuli,
561 1711 769 1789 respondisse,
790 1718 823 1769 ut
842 1711 873 1768 id
888 1731 942 1769 sua
961 1717 1071 1789 sponte
1088 1709 1239 1780 facerent,

236 1807 321 1886 quod
343 1816 527 1884 cogerentur
546 1807 647 1866 facere
671 1807 801 1885 legibus,
826 1808 908 1886 Ergo
931 1807 983 1866 ille
1010 1807 1098 1878 civis,
1127 1805 1180 1886 qui
1207 1804 1240 1862 id

236 1903 321 1981 cogit
345 1924 451 1962 omnes
476 1903 605 1984 imperio
627 1903 791 1985 legumque
818 1926 920 1984 poena,
947 1903 1030 1986 quod
1055 1904 1108 1962 vix
1132 1902 1241 1982 paucis

237 2000 420 2081 persuadere
436 2001 574 2060 oratione
588 2002 764 2081 philosophi
781 2009 920 2082 possunt,
937 2001 1030 2061 etiam
1045 2000 1093 2058 his
1115 2000 1169 2080 qui
1190 1999 1244 2057 illa

237 2098 398 2176 disputant
411 2099 485 2177 ipsis
504 2105 551 2156 est
570 2098 778 2177 praelerendus
794 2099 983 2158 doctoribus,
1003 2098 1078 2165 Quae
1095 2104 1142 2156 est
1156 2096 1240 2156 enim

181 2231 182 2234 =
237 2196 367 2254 istorum
389 2195 487 2254 oratio
507 2203 569 2254 tam
591 2196 752 2276 exquisita,
777 2216 845 2275 quae
868 2196 907 2254 sit
926 2193 1142 2274 anteponenda
1162 2193 1243 2250 bene

238 2292 414 2352 constitutae
429 2293 547 2352 civitati
565 2293 688 2372 publico
697 2293 768 2372 jure
782 2301 812 2351 et
826 2293 1008 2352 moribus*‘l

258 2416 406 2463 atriotisme
420 2431 425 2465 :
441 2435 452 2459 α
472 2416 492 2462 ΙΙ
505 2417 562 2464 taut
574 2415 656 2463 almer
667 2417 693 2463 la
724 2416 791 2464 atrie
806 2430 909 2463 comme
926 2431 960 2462 on
974 2415 1042 2462 aime
1055 2430 1107 2462 une
1119 2414 1245 2475 religion,

238 2431 275 2525 liri
288 2478 363 2525 obeir
373 2493 476 2525 comme
488 2491 523 2526 on
542 2478 617 2525 obeit
628 2479 643 2526 t
655 2493 690 2524 un
729 2479 780 2526 ieu.
796 2478 918 2525 L'amour
934 2479 966 2524 de
983 2478 1008 2524 la
1025 2477 1120 2538 patrie,
1139 2474 1205 2524 c'est
1218 2476 1248 2523 la

239 2539 310 2601 pie'te
320 2541 366 2586 des
380 2541 496 2588 Anciens
509 2559 519 2582 »
534 2540 644 2600 (Fustel,
657 2540 682 2587 la
696 2539 753 2588 Gite'
764 2538 884 2602 antique,
899 2553 965 2601 page
978 2541 1041 2601 234).

270 2629 310 2677 N⁰
322 2628 388 2678 277
402 2643 407 2675 z
423 2629 500 2678 Usu.
514 2629 554 2675 On
568 2629 626 2676 voit
638 2629 673 2676 ici
688 2629 711 2676 le
724 2629 859 2676 caractere
872 2629 994 2704 pratique
1008 2627 1044 2690 (et
1057 2642 1110 2674 non
1126 2625 1249 2688 specula-

239 2691 281 2750 tif)
293 2690 358 2737 dela
369 2691 537 2751 philosophie
548 2691 580 2736 de
591 2690 711 2738 Cice'ron.
722 2691 771 2738 Les
783 2690 915 2738 Stoiciens
925 2689 1108 2736 definissaient
1116 2689 1141 2734 la
1149 2690 1227 2735 vertu
1239 2703 1246 2734 :

240 2767 282 2798 ars
296 2752 363 2798 bene
373 2753 489 2798 vivendi.
502 2751 753 2811 —Gubernatim
766 2752 879 2800 allusion
891 2767 925 2798 nu
935 2767 997 2798 voeu
1009 2752 1041 2798 de
1054 2751 1148 2797 Platon
1159 2749 1245 2812 (nep,

240 2813 273 2871 V,
292 2814 330 2875 18)
348 2813 392 2874 qui
411 2815 491 2860 disuit
508 2828 559 2874 que
572 2813 610 2860 les
623 2815 699 2860 Etets
717 2828 749 2860 ne
765 2815 881 2861 seruient
893 2814 1011 2860 heureux
1031 2827 1082 2874 qne
1100 2813 1189 2872 quand
1209 2811 1245 2858 ils

241 2875 357 2922 seruiunt
370 2874 517 2936 gouverne's
531 2890 579 2935 par
594 2876 640 2922 des
656 2875 838 2937 philosophos.
850 2902 879 2909 —
893 2874 1042 2936 AnguHs,
1057 2874 1223 2934 dedaignenx
1238 2888 1244 2918 :

240 2938 259 2983 il
272 2936 348 2997 s'agit
359 2938 405 2983 des
414 2936 509 2984 ecoles
523 2963 550 2971 -—
563 2937 685 2994 Pietas,
699 2935 764 2984 c’est
775 2939 798 2984 le
811 2952 856 2984 cas
867 2938 899 2983 de
913 2937 998 2982 Numa
1009 2941 1036 2983 et
1048 2936 1081 2982 de
1094 2936 1245 2996 Lycurgue.

240 3025 271 3033 -
286 2998 437 3048 Justitia.
457 2997 567 3045 Ciceron
585 3013 618 3044 va
638 2998 777 3046 enumerer
799 3000 964 3046 maintenant
983 2997 1021 3044 les
1046 3002 1137 3044 vertus
1150 2997 1248 3042 indivi-

241 3061 342 3107 duelles
355 3063 382 3106 et
395 3060 506 3106 sociales
523 3059 656 3107 resultant
673 3061 705 3107 de
723 3061 747 3107 la
765 3061 876 3122 religion
897 3063 923 3106 et
940 3061 987 3106 des
1004 3060 1062 3107 lois.
1082 3085 1109 3093 -
1126 3059 1244 3108 Pudor.

242 3122 316 3168 Dans
329 3122 353 3168 le
367 3121 398 3168 de
413 3120 472 3184 Off„
488 3121 521 3182 ΙΙ,
535 3124 557 3181 t,
576 3122 687 3168 Ciceron
705 3122 822 3170 attribue
835 3137 865 3169 ce
877 3122 1021 3169 sentiment
1033 3124 1060 3168 et
1074 3121 1112 3167 les
1124 3121 1247 3168 suivants

242 3184 294 3232 alle
306 3184 349 3230 vie
362 3184 394 3230 de
408 3182 516 3230 sociere.
530 3211 560 3218 —
572 3182 800 3244 Appetentiaa
815 3185 874 3244 plus
889 3188 1004 3230 souvent
1016 3198 1051 3229 un
1064 3197 1124 3230 sens
1134 3182 1247 3228 desavo—

241 3246 323 3293 rable.
337 3272 367 3279 -
384 3244 568 3294 Informata
579 3264 610 3287 z
623 3245 777 3292 constituta.
794 3245 834 3293 Ct'.
849 3245 880 3292 de
899 3244 1024 3308 Legibus,
1040 3245 1059 3302 Ι,
1074 3250 1096 3292 9.
1109 3271 1140 3279 -
1153 3242 1247 3305 Legi-

242 3308 312 3357 bus.
327 3306 443 3364 Servius‚
456 3307 521 3354 dans
532 3322 579 3354 son
591 3307 786 3354 Commentaire
797 3308 829 3354 de
838 3306 954 3354 l'Ene‘ide
966 3307 1035 3367 (Vll,
1049 3308 1102 3366 tol)
1116 3307 1180 3352 dita
1193 3319 1246 3366 peu

242 3367 1246 3492 ttt⁸ltttttttutent'f0ttt-‘tttlttttt³ltt‘tttttltttlttta

243 3494 387 3556 coguntur.
404 3513 414 3535 u
430 3492 588 3549 xenocrate,
603 3492 712 3553 disciple
726 3493 758 3538 de
770 3492 873 3550 Platon,
888 3493 985 3552 diriges
996 3491 1157 3538 l'Acutle'mie
1168 3491 1248 3552 apres

242 3553 398 3616 Speusippe.
414 3554 453 3600 Cf.
467 3555 491 3600 le
507 3556 563 3601 mot
596 3555 692 3600 rolond
705 3554 737 3600 de
752 3553 898 3608 Quintilien
912 3569 958 3600 sur
970 3552 1131 3600 l'e'ducation
1143 3553 1186 3614 (ll,
1201 3553 1224 3613 5)
1239 3566 1245 3598 :

243 3635 255 3658 «
271 3615 339 3672 Quid
352 3615 427 3662 atiud
445 3615 551 3677 opimus
585 3616 684 3662 orendo
700 3615 847 3677 discipulos
865 3631 946 3679 quum
965 3629 996 3661 ne
1015 3613 1128 3662 docendi
1142 3628 1247 3676 semper

243 3676 319 3726 sint?
335 3697 346 3718 n
365 3704 394 3712 -—
408 3677 565 3733 Moribus,
579 3677 617 3723 les
636 3691 736 3723 moeurs
752 3677 827 3738 publi
849 3693 895 3724 ues
908 3679 970 3723 sont
986 3678 1010 3723 le
1028 3677 1184 3722 l'ondenrent
1199 3676 1247 3721 des

242 3738 301 3796 lois,
315 3739 359 3800 qui
373 3753 405 3784 ne
423 3741 540 3799 peuvent
551 3739 608 3784 rien
626 3753 686 3785 sans
704 3739 766 3785 elles
780 3753 785 3786 ε
804 3758 814 3780 u
829 3695 850 3784 ll
863 3754 895 3785 ne
909 3739 966 3784 faut
981 3739 1058 3799 point
1070 3738 1135 3784 faire
1147 3751 1195 3798 par
1208 3736 1247 3782 les

242 3799 292 3847 lois
305 3815 334 3847 ce
347 3799 425 3861 qu'on
437 3801 501 3860 peut
513 3799 577 3846 faire
590 3799 687 3861 parles
698 3814 797 3846 moeurs
810 3820 821 3842 »
834 3800 1052 3862 (Montesquieu).

665 3898 822 3948 -280-
