2696 4244
283 124 363 179 143.
379 123 613 194 L’empereur
628 122 816 180 Theodose
832 91 992 192 reprime
1007 125 1063 180 les
1079 93 1189 180 erices

657 221 705 277 du
719 221 814 276 luxe.

400 323 594 387 (Theodosius*
607 324 780 373 immodicum
798 325 892 373 lucum
905 324 1077 389 comprimit.)

180 491 222 554 4⁶
266 494 302 572 ,Α
318 500 347 550 te
362 492 486 551 voluisti
506 493 640 573 incipere
662 514 822 553 censuram
841 512 847 553 :
865 500 896 551 et
908 492 1062 572 impendia
1087 491 1245 572 palatina*

236 583 414 659 minuendo,
430 590 599 648 emendasti
614 590 783 650 volentes*.
800 594 849 648 An
863 590 930 670 quis
943 591 1038 648 ferret
1059 590 1186 648 moleste
1202 588 1244 648 ad

236 686 382 765 principis
397 694 493 745 semet
508 687 634 745 modum
646 687 802 746 coerceri?
823 694 876 746 aut
896 687 1087 746 subtractum
1108 686 1165 745 sibi
1187 686 1244 744 ali·
1329 757 1330 760 Ἰ

236 783 309 860 quid
340 782 606 862 doleret'privata
632 783 762 852 luxuria,
787 805 857 843 cum
879 783 998 842 videret
1021 783 1243 862 imperatorem
1329 775 1330 778 ¹

236 900 337 937 rerum
354 887 523 958 potentem,
540 887 692 939 terrarum
712 881 933 960 hominumque
952 880 1123 952 dominum,
1150 900 1244 958 parce
1329 905 1330 934 ς

236 969 441 1055 contenteque
469 977 637 1049 viventem,
658 977 780 1036 modico
805 973 835 1036 et
854 977 1003 1036 castrensi
1018 977 1087 1035 cibo
1106 976 1245 1055 jejunia*
1329 999 1330 1054 3

235 1071 326 1155 longa
342 1073 513 1136 solantem?
528 1074 605 1132 Nam
620 1074 741 1133 delicati
760 1074 804 1132 illi
826 1095 861 1133 ac
876 1075 1007 1147 fluentes
1016 1074 1159 1168 *pquales
1171 1073 1246 1132 tulit
1329 1083 1330 1086 ’

179 1194 182 1202 “
236 1189 317 1248 saepe
334 1191 380 1227 res
397 1169 530 1249 publica,
553 1192 661 1251 parum
684 1192 715 1229 se
739 1171 840 1230 lautos
854 1171 1017 1250 putabant,
1040 1171 1098 1229 nisi
1122 1171 1246 1228 luxuria

236 1267 377 1324 vertisset
406 1288 532 1339 annum,
557 1267 615 1326 nisi
638 1267 774 1326 hibernae
799 1267 918 1347 poculis
942 1288 1020 1326 rosae
1038 1267 1245 1336 innatassent,
1329 1341 1330 1350 ἵ

236 1361 293 1420 nisi
309 1363 446 1422 aestivam
462 1364 493 1420 in
511 1363 639 1441 gemmis
660 1357 824 1445 capacibus
850 1365 978 1442 glaciem
999 1364 1115 1423 falerna
1134 1363 1248 1442 fregis-
1329 1441 1330 1444 Ἰ

237 1467 315 1518 sent.
340 1460 458 1546 Horum
482 1461 582 1539 gulae*
596 1468 746 1539 angustus
767 1470 832 1521 erat
856 1469 961 1520 noster
984 1461 1083 1532 orbis;
1110 1481 1247 1539 namque

237 1557 392 1636 appositas
409 1557 503 1637 dapes
522 1579 584 1615 non
609 1579 728 1638 sapore,
753 1558 805 1619 sed
824 1565 960 1639 sumptu,
979 1557 1170 1638 judicabant.
1202 1557 1248 1616 Ut

237 1661 351 1711 taceam
366 1655 472 1713 infami
488 1676 569 1734 saepe
584 1655 698 1715 dilectu
714 1656 845 1735 scriptos
859 1655 891 1713 in
913 1655 1080 1734 provinciis
1095 1673 1245 1732 aucupes,

236 1751 406 1830 ductasque
422 1752 478 1810 sub
493 1751 587 1829 signis
600 1759 782 1811 venatorum
805 1753 947 1811 cohortes
967 1751 1113 1810 militasse
1136 1751 1247 1809 couvi-

237 1847 293 1905 viis
316 1867 322 1907 1
343 1869 444 1906 nonne
469 1849 670 1926 cognovimus
693 1849 853 1930 cujusdam
876 1856 958 1907 retro
980 1848 1150 1928 principis*
1178 1868 1245 1907 non
1329 1865 1330 1928 g

237 1945 375 2022 prandia,
402 1945 455 2002 sed
477 1945 594 2004 fercula
623 1967 704 2025 saepe
731 1946 905 2004 sestertium
932 1942 1051 2004 milies*
1078 1944 1243 2017 aestimata,
1329 1971 1330 1974 ¹

237 2025 492 2120 patrimoniorum
509 2043 696 2124 equestrium
711 2043 809 2122 pretia
829 2042 980 2102 traxisse?
1001 2043 1085 2114 Tuae,
1109 2042 1246 2121 impera·
1329 2049 1330 2088 ἰ

237 2145 295 2207 tor,
313 2139 411 2217 epulae
427 2139 539 2197 mensis
555 2140 771 2199 communibus
784 2140 951 2219 parciores,
963 2139 1102 2198 locorum
1118 2159 1154 2198 ac
1167 2145 1247 2197 tem·

238 2255 347 2314 porum
377 2235 529 2294 fructibus
558 2236 766 2295 instruuntur.
795 2237 877 2295 Hinc
899 2236 1058 2294 certatim*
1084 2236 1246 2295 invomnes
1329 2243 1330 2314 ᾗ

237 2321 366 2390 Ιιιάωιήω
381 2332 493 2413 pudor,
509 2333 705 2412 parsimoniae
727 2334 828 2393 cultus
853 2333 993 2405 inolevit,
1018 2340 1058 2408 et,
1083 2332 1246 2413 quiescen-

237 2429 318 2508 tibus
333 2429 435 2507 legum
449 2429 551 2502 miniS,
569 2430 665 2489 subiit
682 2451 836 2511 quemque
858 2431 1005 2510 privatim
1029 2430 1076 2490 sui
1095 2429 1246 2510 paeniten-
1329 2465 1330 2484 r

237 2526 289 2586 tia.
680 2516 684 2526 ⁴
1329 2513 1330 2536 ;

268 2694 309 2743 N⁰
326 2692 389 2743 143
403 2707 409 2742 :
423 2692 624 2744 Theodosius
638 2694 769 2757 (ara-395).
785 2713 796 2737 u
805 2694 922 2756 L'Eglise
934 2693 1087 2755 catholique
1100 2708 1116 2741 a
1127 2693 1246 2742 donndd
1329 2655 1330 2738 l

237 2755 376 2803 Theodose
388 2756 412 2802 le
426 2770 535 2803 surnom
548 2755 580 2802 de
594 2755 693 2804 Grand.
710 2756 861 2815 L'histoire,
878 2756 964 2803 moins
975 2755 1129 2817 ge'nereuse,
1141 2769 1174 2802 ne
1184 2757 1246 2803 voit
1329 2803 1330 2816 1

237 2831 270 2864 en
280 2817 318 2864 lui
326 2815 406 2878 qu‘un
419 2818 511 2878 prince
526 2817 671 2878 ordinaire,
682 2831 762 2878 parce
773 2818 836 2878 qu'il
848 2833 881 2864 ne
894 2817 925 2864 fit
937 2817 994 2864 rien
1007 2817 1041 2864 de
1056 2816 1245 2864 considerable
1329 2845 1330 2858 l

236 2892 306 2940 pour
319 2879 406 2926 l'Etat.
421 2879 443 2926 Il
453 2879 552 2940 grossit
561 2879 586 2925 le
595 2879 666 2927 Code
680 2879 742 2926 d'un
751 2879 834 2940 grand
854 2879 966 2926 nombre
987 2878 1020 2926 de
1039 2877 1245 2940 constitutions

238 2941 304 2987 mais
313 2941 331 2987 il
343 2955 377 2987 ne
389 2940 438 2986 mit
447 2954 495 3001 pas
507 2941 633 3001 l'Empire
645 2941 712 2987 dans
727 2955 779 2987 une
798 2941 859 2987 voie
875 2941 1011 2988 meilleure
1023 2959 1034 2983 υ
1053 2940 1167 3002 (Duruy‚
1181 2939 1245 2999 vll,
1329 2983 1330 2996 2

165 3056 168 3067 Ι
238 3002 301 3062 500),
319 3029 349 3037 -
364 3000 529 3053 Palatina.
549 3002 651 3110 Depuis
668 3002 818 3049 Diocletien
839 3005 955 3061 surtout,
976 3002 1001 3048 le
1018 3001 1103 3062 pelais
1120 3000 1246 3063 impe'rial
1329 3013 1330 3030 ¹

18 3809 19 3816 r

18 3827 19 3840 l

18 3861 19 3874 l

18 3909 20 3920 Ι

18 3941 20 3954 l

18 4027 217 4184 ι

239 3063 305 3111 etait
322 3064 425 3111 devenu
438 3079 490 3110 une
502 3063 588 3111 verita

237 3680 467 3728 Humauoaedicia
479 3681 568 3728 valent
586 3695 668 3744 quam
683 3679 739 3727 uita
752 3678 879 3742 repentis.
892 3679 991 3727 Mobile
1005 3679 1128 3726 mutatur
1139 3693 1248 3744 semper
1329 3723 1330 3728 ,

238 3755 298 3817 cum
307 3741 431 3805 principe
441 3741 540 3805 vulqus
554 3761 574 3787 n.
1329 3753 1330 3760 ¹

658 3883 816 3934 -144-

609 3064 633 3111 le
657 3079 723 3110 cour
735 3064 863 3111 orientale
879 3065 940 3110 d'un
956 3063 1017 3110 luxe
1032 3063 1115 3124 innui,
1131 3077 1197 3110 avec
1207 3078 1246 3110 un
1329 3075 1330 3120 ξ

237 3126 335 3172 monde
354 3126 387 3173 de
407 3125 433 3172 di
453 3126 563 3172 nitaires
582 3126 658 3172 civils
677 3127 705 3172 ct
721 3125 868 3172 militaires.
888 3125 955 3172 Voir
969 3140 1002 3172 au
1019 3125 1125 3186 texique
1144 3123 1169 3172 le
1186 3129 1247 3172 mot
1329 3163 1330 3182 2

238 3186 359 3235 adorare.
382 3214 412 3222 -
467 3187 599 3246 olentes,
613 3188 806 3235 sous-entendu
817 3185 962 3235 emendari.
982 3213 1012 3222 -
1026 3184 1172 3248 munia,
1187 3201 1248 3234 sur·
1329 3185 1330 3238 l

237 3250 298 3296 tout
315 3249 392 3311 apres
416 3250 442 3296 lu
462 3248 603 3309 pe'nit'ence
624 3249 753 3310 publique
773 3263 825 3309 que
839 3249 876 3295 lui
887 3249 990 3310 imposa
1003 3249 1075 3294 seint
1088 3247 1244 3297 Ambroise.
1329 3265 1330 3300 3

237 3336 267 3344 -
277 3310 441 3369 Fluentes,
459 3311 667 3357 sous-entendez
687 3309 761 3358 tucn
775 3337 804 3344 —
818 3309 922 3360 Gulae
937 3325 943 3357 :
960 3309 1031 3370 sujet
1053 3309 1168 3356 familier
1192 3325 1247 3357 aux
1329 3315 1330 3364 ξ

237 3372 388 3420 moralistes
401 3375 428 3419 et
441 3387 492 3418 aux
501 3373 594 3433 poetes
607 3372 725 3419 romains
736 3372 830 3432 depuis
841 3368 868 3418 la
880 3373 1013 3432 conquete
1032 3371 1065 3419 de
1077 3370 1104 3418 la
1118 3369 1204 3418 Grece
1219 3375 1247 3420 et
1329 3387 1330 3428 f

238 3433 401 3482 del'Orient.
416 3433 482 3480 Voir
494 3435 554 3495 plus
575 3434 623 3480 bas
642 3435 680 3480 les
699 3434 821 3480 versinus
840 3437 884 3480 355
904 3436 931 3480 et
948 3436 1001 3480 358.
1019 3459 1049 3467 —
1067 3431 1245 3496 Principis.
1329 3447 1330 3482 l

237 3495 304 3542 Voir
322 3497 347 3542 la
365 3496 472 3542 version
493 3505 521 3542 n⁰
545 3500 599 3556 112,
624 3511 670 3543 sur
690 3495 824 3542 Vitellius.
851 3522 881 3530 -—
902 3493 1021 3554 Milies,
1047 3496 1247 3542 sous-entendu
1329 3499 1330 3528 ³

238 3558 348 3604 centena
357 3556 441 3603 milia.
453 3585 484 3591 -
497 3556 664 3608 Certatim.
679 3556 718 3604 Cf.
731 3556 859 3603 Claudien
874 3555 1025 3619 (4⁶‚ConsuL
1040 3555 1148 3616 d'Hon.‚
1167 3558 1223 3618 300)
1239 3571 1245 3604 ε
1329 3557 1330 3562 ’

239 3617 439 3680 «Compouitur
455 3618 529 3666 orbis
544 3617 624 3682 Repis
643 3618 676 3666 ad
696 3617 855 3680 ecemplnm,
875 3633 921 3665 nec
936 3617 975 3666 sic
996 3616 1132 3680 inflectere
1150 3632 1246 3666 seusus
1329 3623 1330 3664 ἒ
