2698 4242
415 164 473 222 21.
494 164 733 223 Cincinnatus
748 165 887 223 nomme'
906 167 1101 224 dictateur.

489 275 676 338 (Cincinnatus
694 275 810 325 dictator
825 278 1031 342 consalutatur.)

198 428 240 490 4⁰
296 425 404 505 Operae
430 427 564 506 pretium
587 435 634 485 est
658 427 777 503 audire,
812 429 864 508 qui
900 430 1004 488 omnia
1038 451 1102 509 prae
1143 430 1262 488 divitiis

249 523 389 582 bumana
418 531 578 604 spernunt,
610 544 710 604 neque
736 525 847 583 honori
878 547 989 604 magno
1018 527 1132 595 locum,
1164 547 1264 607 neque

256 619 364 678 virtuti
386 629 497 700 putant
517 642 592 692 esse,
617 622 676 679 nisi
699 622 751 680 ubi
774 625 877 681 ellusae
899 623 1036 682 adlluant
1052 629 1138 703 opes*
1163 643 1170 683 τ
1196 645 1265 704 spes

256 718 346 774 unica
362 717 482 797 imperii
498 718 605 797 populi
623 719 754 778 Romani
773 721 806 778 L.
825 719 1002 786 Quinctius'
1017 727 1102 779 trans
1117 721 1262 792 Tiberim,

245 823 363 872 eontra
375 834 445 872 eum
458 815 559 894 ipsum
575 814 687 888 locum,
707 815 756 874 ubi
774 837 856 874 nunc
877 817 1005 875 Navalia
1024 826 1106 888 sunt,
1130 827 1266 898 quatuor

253 911 411 990 jugerum*
435 913 555 971 colebat
588 933 707 990 agrum,
734 933 802 992 quae
826 921 915 992 prata
928 914 1071 980 Quinctia
1097 925 1260 974 vocantur.

258 1009 302 1065 lbi
319 1008 356 1066 ab
371 1009 491 1086 legatie,
510 1030 563 1068 seu
581 1009 694 1068 fossam
717 1009 838 1068 fodiens
860 1010 937 1090 palae
958 1012 1093 1082 innixus,
1117 1032 1170 1070 seu
1194 1033 1264 1071 cum

243 1109 367 1178 -arar'et,
381 1106 467 1184 operi
482 1114 576 1178 certe,
592 1106 623 1163 id
634 1106 718 1184 quod
730 1115 863 1179 constat,
877 1110 987 1185 agresti
1005 1108 1155 1178 intentus,
1166 1109 1265 1166 salute

243 1203 326 1260 >data
338 1203 370 1260 in
385 1203 483 1261 vicem
502 1202 696 1281 redditaque,
715 1212 841 1281 rogatus
862 1211 905 1275 ut,
926 1205 1008 1282 quod
1032 1205 1109 1262 bene
1130 1213 1265 1264 verteret

256 1299 314 1379 ipsi
338 1300 444 1379 reique
468 1300 611 1379 publicae,
643 1303 777 1376 togatus*
807 1301 949 1359 mandata
985 1309 1109 1360 senatus
1130 1304 1262 1374 audiret,

256 1397 424 1456 admiratus
442 1398 642 1476 rogitansque
660 1421 673 1450 (ε
691 1398 781 1455 satin'
798 1398 919 1456 salve*?
936 1423 963 1469 u,
979 1408 1083 1476 togam
1105 1420 1265 1479 properae

256 1494 380 1571 tugurio
405 1495 542 1573 prolerre
563 1514 690 1552 uxorem
711 1494 861 1553 Raciliam
878 1495 978 1573 jubet.
996 1495 1062 1561 Qua
1085 1497 1176 1555 simul
1197 1497 1265 1556 abs-

255 1600 337 1650 terso
354 1590 526 1671 pulvereae
541 1593 652 1650 sudore
668 1593 788 1650 velatus
804 1593 966 1671 processit,
982 1593 1180 1652 dictatorem*
1194 1615 1263 1653 eum

255 1689 347 1766 legati
364 1687 552 1766 gratulantes
567 1689 774 1760 consalutant,
792 1689 823 1746 in
837 1690 944 1748 urbem
961 1700 1084 1760 vocant,
1098 1692 1151 1770 qui
1165 1699 1266 1750 terror

239 1787 341 1844 sitin
357 1786 493 1844 exercitu
516 1794 686 1864 exponunt.
705 1786 798 1844 Navis
822 1786 968 1853 Quinctio
1000 1787 1124 1866 publice
1151 1798 1259 1867 parata

255 1883 325 1953 luit,
343 1891 618 1962 transvectumque
636 1892 706 1942 tres
729 1882 852 1942 obviam
876 1883 988 1960 egressi
1008 1884 1062 1941 filii
1085 1885 1263 1964 excipiunt;

255 1981 326 2038 inde
344 1981 395 2039 alii
413 1980 579 2060 propinqui
600 1989 692 2059 atque
715 1981 816 2052 amici,
834 1989 900 2039 tum
920 1988 1042 2060 patrum
1064 1982 1164 2060 major
1181 2005 1262 2062 pars.
1333 2003 1334 2034 1

256 2079 298 2136 Ea
315 2077 486 2157 frequentia
500 2078 642 2156 stipatus,
659 2078 912 2136 antecedentibus
923 2077 1095 2150 lictoribuS,
1108 2079 1263 2138 deductus

255 2184 303 2234 est
324 2175 460 2233 domum.
486 2174 590 2232 Plebis
614 2195 782 2232 concursus
805 2175 913 2251 ingens
933 2174 1001 2244 suit,
1020 2183 1049 2234 et
1066 2175 1117 2233 illa
1136 2177 1264 2256 quidem

255 2280 345 2330 nocte
362 2270 437 2330 nihil
453 2279 659 2351 praeterquam
675 2271 841 2348 vigilatum
857 2279 904 2329 est
919 2271 951 2328 in
966 2272 1052 2330 urbe.

285 2421 326 2472 N⁰
341 2399 380 2471 2'1
402 2433 408 2469 ε
423 2420 516 2482 Opes.
532 2419 573 2468 On
586 2421 644 2467 voit
656 2422 670 2466 a
684 2421 756 2482 plein
771 2421 804 2467 ici
817 2417 921 2481 l’esprit
938 2421 1004 2467 dans
1019 2421 1106 2482 lequel
1122 2421 1266 2471 Tite-Livc
1332 2382 1333 2462 l

255 2485 322 2532 ecrit
334 2482 470 2531 l'histoire.
488 2483 508 2529 ll
523 2483 563 2529 dit
575 2483 641 2528 dans
656 2496 685 2529 sa
702 2482 808 2543 pre'lace
824 2497 829 2530 :
846 2501 858 2524 «
876 2483 930 2529 Hoc
944 2481 1015 2529 ittucl
1026 2486 1065 2529 est
1079 2483 1218 2546 praecipue
1235 2485 1264 2532 in

255 2545 409 2609 cognitione
424 2559 516 2591 rerum
532 2543 641 2591 salubre
658 2558 688 2590 ac
703 2543 880 2605 frugiferum,
899 2543 985 2591 omnis
1004 2545 1028 2590 te
1046 2545 1162 2606 exempli
1180 2547 1264 2593 docu-

255 2610 343 2655 menta
357 2607 384 2653 in
399 2605 502 2653 illustri
510 2604 599 2667 posito
613 2607 785 2653 monumento
799 2605 901 2652 intueri
914 2625 935 2652 r.
951 2633 982 2640 —
994 2605 1176 2664 Quinctius.
1193 2607 1264 2656 C'est
1331 2648 1332 2660 i

255 2684 287 2717 en
300 2672 343 2716 458
359 2683 409 2730 que
424 2668 598 2715 Cincinnatus
612 2667 654 2713 t'ut
671 2667 778 2713 nomme'·
796 2668 929 2714 dictatcur
948 2682 1016 2728 pour
1028 2667 1142 2728 de'gager
1155 2667 1265 2717 l'armee
1331 2671 1332 2678 ’

255 2732 373 2779 romaine
385 2729 479 2777 cernee
494 2744 541 2790 par
558 2729 595 2774 les
611 2729 698 2788 Eques
708 2732 740 2786 ¹et
751 2728 788 2775 les
802 2729 942 2789 Volsques.
956 2754 988 2763 -
1002 2729 1025 2778 J
1028 2741 1164 2790 ugerum
1183 2732 1265 2792 (geni-

256 2794 290 2841 tu
302 2793 390 2854 plum),
411 2792 499 2838 racine
513 2790 634 2852 J'upunt:
652 2788 783 2837 l'etendue
797 2791 829 2836 de
844 2794 912 2838 terre
926 2789 1022 2850 qu'une
1035 2792 1108 2850 paire
1121 2792 1153 2838 de
1173 2792 1265 2840 boeufs

255 2858 320 2916 peut
341 2854 465 2900 labourer
488 2867 520 2899 en
545 2867 579 2898 un
598 2853 667 2912 J'our.
689 2851 724 2898 Le
744 2851 876 2915 jugerum
899 2856 939 2898 est
959 2851 1050 2898 lunite
1073 2853 1120 2898 des
1142 2868 1266 2902 mcsures

255 2917 370 2978 agraires
389 2929 394 2960 :
409 2916 423 2961 el
436 2929 488 2976 peu
503 2914 564 2975 prbs
577 2918 605 2960 25
620 2928 687 2960 ares.
706 2914 782 2959 Deux
794 2913 895 2976 jugera
912 2914 1078 2960 constituent
1092 2914 1115 2960 le
1133 2914 1172 2961 lot
1187 2917 1265 2963 here-

255 2980 350 3026 ditaire
363 2977 467 3037 assignet
483 2978 497 3022 a
510 2975 628 3035 l'origine
639 2989 687 3036 par
702 2975 830 3022 Romulus
841 2991 892 3022 aux
904 2976 1035 3036 citoycns.
1050 2975 1099 3021 Les
1111 2978 1266 3038 proprietes
1330 2989 1331 3030 t

255 3054 401 3101 moyennes
419 3039 526 3084 avaient
542 3039 574 3083 de
591 3042 619 3082 20
632 3038 647 3082 a
662 3041 690 3081 50
702 3036 811 3099 jugera.
826 3065 855 3071 —
875 3037 919 3085 Το
945 3039 1029 3085 atus.
1045 3035 1115 3084 C'est
1128 3038 1151 3084 le
1167 3041 1266 3086 sorma-

256 3104 330 3149 lisme
349 3101 459 3155 romain,
473 3099 538 3146 mais
552 3097 617 3146 c'est
630 3099 701 3146 aussi
719 3098 743 3144 le
756 3100 861 3159 respect
875 3099 907 3145 de
921 3098 1054 3145 lautorite
1069 3103 1096 3146 et
1111 3099 1143 3145 de
1159 3104 1221 3148 tout
1233 3116 1265 3148 ee

254 3165 299 3224 qui
322 3163 451 3210 toucheel
474 3161 643 3224 l’institution
666 3159 771 3207 sociale.
792 3188 822 3194 —
839 3159 941 3208 Satin'
961 3161 1055 3209 salve
1073 3175 1078 3207 :
1095 3161 1210 3209 lormule
1231 3165 1264 3209 de

227 3245 229 3250 ·
256 3225 399 3272 salutatico
411 3233 451 3277 t:
461 3222 526 3270 satis
541 3237 571 3269 ne
585 3223 645 3282 (est)
656 3221 745 3280 salve),
756 3222 789 3268 ob
802 3221 874 3268 ealce
887 3221 987 3268 semble
1002 3223 1057 3268 etre
1070 3223 1125 3282 pris
1137 3223 1265 3271 substan-

257 3289 395 3339 moment,
413 3287 427 3331 ir
445 3300 496 3346 peu
515 3286 576 3344 pres
593 3298 696 3330 comme
711 3284 800 3342 quand
818 3298 885 3329 nous
903 3283 996 3329 disons
1016 3298 1020 3329 :
1040 3288 1177 3332 comment
1192 3301 1225 3332 va
1239 3288 1265 3333 la
1329 3293 1330 3344 ξ

256 3349 348 3395 sante?
361 3374 389 3380 -
406 3345 619 3396 Dictatorem.
636 3345 671 3390 Le
684 3345 817 3391 dietatem·
833 3345 898 3392 eluit
913 3360 947 3390 un
961 3345 1100 3405 magistrat
1113 3349 1264 3394 entraordi-

256 3413 328 3456 uaire
341 3424 391 3470 quc
409 3407 460 3455 l'on
476 3408 559 3454 creuit
574 3422 605 3453 en
629 3410 716 3467 temps
734 3407 766 3452 ele
784 3408 860 3462 erise,
879 3407 966 3466 etqui
985 3406 1051 3452 etait
1066 3407 1163 3454 investi
1184 3407 1265 3456 d'une

255 3471 369 3518 autorite'
390 3471 499 3517 absolue
521 3471 587 3515 (lans
610 3467 693 3514 Rome
713 3471 740 3514 et
763 3468 825 3514 hors
847 3469 879 3513 de
904 3467 995 3522 Rome,
1021 3469 1087 3514 mais
1113 3469 1265 3518 seulement

229 3539 230 3544 ’
255 3534 322 3580 daus
337 3534 375 3579 les
392 3532 490 3579 limites
507 3533 538 3578 ue
554 3531 654 3576 l'ltalie.
669 3529 702 3576 Sa
721 3530 885 3576 nomination
902 3530 1059 3589 suspendait
1078 3530 1116 3576 les
1132 3533 1263 3590 pouvoirs

255 3596 287 3642 de
308 3600 395 3642 tontes
418 3596 455 3640 les
471 3596 670 3652 inagistraturcs
686 3591 835 3650 re'gulieres,
853 3604 956 3637 comme
971 3594 1058 3637 toutes
1074 3591 1112 3638 lcs
1127 3595 1264 3652 garanties

255 3658 302 3704 des
323 3658 444 3718 citoycus
465 3658 589 3702 romains.
607 3653 654 3700 Ses
669 3653 802 3699 decisions
817 3653 917 3698 etaient
932 3665 992 3698 sans
1010 3653 1097 3712 appel.
1112 3653 1132 3698 ll
1147 3655 1263 3702 choisis-
1328 3673 1329 3729 q

256 3722 307 3766 sait
318 3720 454 3765 lui-meme
467 3732 514 3764 son
527 3716 671 3772 auxiliaire,
686 3715 709 3761 le
726 3714 853 3784 mapister
866 3712 997 3776 equitum.
1019 3713 1055 3760 La
1070 3715 1151 3762 duree
1169 3715 1202 3763 de
1219 3732 1264 3764 ses

255 3781 390 3828 fonctions
404 3780 469 3828 etait
483 3780 515 3825 dc
529 3779 568 3825 six
584 3777 652 3824 mois
665 3791 698 3823 au
711 3791 863 3823 maximum.

737 3919 769 3950 0⁶)
