<?xml version="1.0" encoding="UTF-8"?>
<!DOCTYPE html PUBLIC "-//W3C//DTD XHTML 1.0 Transitional//EN"
    "http://www.w3.org/TR/xhtml1/DTD/xhtml1-transitional.dtd">
<html xmlns="http://www.w3.org/1999/xhtml" xml:lang="en" lang="en">
 <head>
  <title>
</title>
<meta http-equiv="Content-Type" content="text/html;charset=utf-8" />
  <meta name='ocr-system' content='tesseract 3.04.00' />
  <meta name='ocr-capabilities' content='ocr_page ocr_carea ocr_par ocr_line ocrx_word'/>
</head>
<body>
  <div class='ocr_page' id='page_1' title='image "./depublicaprivat01arnagoog_0213.png"; bbox 0 0 2696 4244; ppageno 0'>
   <div class='ocr_carea' id='block_1_1' title="bbox 344 157 1144 252">
    <p class='ocr_par' dir='ltr' id='par_1_1' title="bbox 344 157 1144 252">
     <span class='ocr_line' id='line_1_1' title="bbox 344 157 1144 252; baseline 0.001 -40"><span class='ocrx_word' id='word_1_1' title='bbox 344 157 424 252; x_wconf 81' lang='grc' dir='ltr'>165.Ι</span> <span class='ocrx_word' id='word_1_2' title='bbox 444 159 612 214; x_wconf 77' lang='lat' dir='ltr'>Fraudes</span> <span class='ocrx_word' id='word_1_3' title='bbox 628 159 694 214; x_wconf 88' lang='lat' dir='ltr'>des</span> <span class='ocrx_word' id='word_1_4' title='bbox 705 159 927 215; x_wconf 83' lang='lat' dir='ltr'>fontainiers</span> <span class='ocrx_word' id='word_1_5' title='bbox 944 160 988 215; x_wconf 85' lang='lat' dir='ltr'>de</span> <span class='ocrx_word' id='word_1_6' title='bbox 1008 159 1144 215; x_wconf 66' lang='lat' dir='ltr'>Roma·</span> 
     </span>
    </p>
   </div>
   <div class='ocr_carea' id='block_1_2' title="bbox 452 289 1019 354">
    <p class='ocr_par' dir='ltr' id='par_1_2' title="bbox 452 289 1019 354">
     <span class='ocr_line' id='line_1_2' title="bbox 452 289 1019 354; baseline 0.002 -18"><span class='ocrx_word' id='word_1_7' title='bbox 452 289 498 352; x_wconf 81' lang='lat' dir='ltr'>(De</span> <span class='ocrx_word' id='word_1_8' title='bbox 521 289 707 354; x_wconf 82' lang='lat' dir='ltr'>Aquariorum</span> <span class='ocrx_word' id='word_1_9' title='bbox 732 305 905 338; x_wconf 84' lang='lat' dir='ltr'>romanorum</span> <span class='ocrx_word' id='word_1_10' title='bbox 930 289 1019 353; x_wconf 83' lang='lat' dir='ltr'>dotis.)</span> 
     </span>
    </p>
   </div>
   <div class='ocr_carea' id='block_1_3' title="bbox 167 461 1275 2403">
    <p class='ocr_par' dir='ltr' id='par_1_3' title="bbox 180 461 1275 2112">
     <span class='ocr_line' id='line_1_3' title="bbox 180 461 1275 558; baseline -0.006 -19"><span class='ocrx_word' id='word_1_11' title='bbox 180 476 220 539; x_wconf 55' lang='grc' dir='ltr'>3(δ</span> <span class='ocrx_word' id='word_1_12' title='bbox 275 477 393 556; x_wconf 86' lang='lat' dir='ltr'>Saepius</span> <span class='ocrx_word' id='word_1_13' title='bbox 405 477 437 536; x_wconf 89' lang='lat' dir='ltr'>in</span> <span class='ocrx_word' id='word_1_14' title='bbox 448 461 602 536; x_wconf 87' lang='lat' dir='ltr'>castellis*</span> <span class='ocrx_word' id='word_1_15' title='bbox 617 485 775 558; x_wconf 88' lang='lat' dir='ltr'>ponuntur</span> <span class='ocrx_word' id='word_1_16' title='bbox 785 477 947 556; x_wconf 90' lang='lat' dir='ltr'>ampliores</span> <span class='ocrx_word' id='word_1_17' title='bbox 959 477 1083 556; x_wconf 88' lang='lat' dir='ltr'>quidam</span> <span class='ocrx_word' id='word_1_18' title='bbox 1096 476 1236 546; x_wconf 78' lang='lat' dir='ltr'>calices*,</span> <span class='ocrx_word' id='word_1_19' title='bbox 1271 545 1275 555; x_wconf 34' lang='lat'>¹</span> 
     </span>
     <span class='ocr_line' id='line_1_4' title="bbox 230 561 1236 653; baseline -0.002 -21"><span class='ocrx_word' id='word_1_20' title='bbox 230 561 330 652; x_wconf 73' lang='lat' dir='ltr'>¹quam</span> <span class='ocrx_word' id='word_1_21' title='bbox 345 574 500 653; x_wconf 89' lang='lat' dir='ltr'>impetrati</span> <span class='ocrx_word' id='word_1_22' title='bbox 519 584 616 634; x_wconf 87' lang='lat' dir='ltr'>erant.</span> <span class='ocrx_word' id='word_1_23' title='bbox 633 575 760 642; x_wconf 75' lang='lat' dir='ltr'>Quoties</span> <span class='ocrx_word' id='word_1_24' title='bbox 776 584 879 633; x_wconf 91' lang='lat' dir='ltr'>autem</span> <span class='ocrx_word' id='word_1_25' title='bbox 898 576 1035 652; x_wconf 83' lang='lat' dir='ltr'>signatus</span> <span class='ocrx_word' id='word_1_26' title='bbox 1048 574 1126 633; x_wconf 84' lang='lat' dir='ltr'>calix</span> <span class='ocrx_word' id='word_1_27' title='bbox 1146 593 1236 630; x_wconf 83' lang='lat' dir='ltr'>exce-</span> 
     </span>
     <span class='ocr_line' id='line_1_5' title="bbox 236 655 1236 752; baseline -0.001 -24"><span class='ocrx_word' id='word_1_28' title='bbox 236 655 468 748; x_wconf 54' lang='lat' dir='ltr'>dit&#39;legitimam</span> <span class='ocrx_word' id='word_1_29' title='bbox 487 693 670 744; x_wconf 89' lang='lat' dir='ltr'>mensuram,</span> <span class='ocrx_word' id='word_1_30' title='bbox 695 672 822 732; x_wconf 84' lang='lat' dir='ltr'>ambitio</span> <span class='ocrx_word' id='word_1_31' title='bbox 844 672 1073 752; x_wconf 73' lang='lat' dir='ltr'>procuratoris*</span> <span class='ocrx_word' id='word_1_32' title='bbox 1094 671 1147 750; x_wconf 91' lang='lat' dir='ltr'>qui</span> <span class='ocrx_word' id='word_1_33' title='bbox 1166 691 1236 728; x_wconf 90' lang='lat' dir='ltr'>eum</span> 
     </span>
     <span class='ocr_line' id='line_1_6' title="bbox 237 768 1233 850; baseline 0 -26"><span class='ocrx_word' id='word_1_34' title='bbox 237 768 371 844; x_wconf 87' lang='lat' dir='ltr'>signavit</span> <span class='ocrx_word' id='word_1_35' title='bbox 395 769 550 847; x_wconf 82' lang='lat' dir='ltr'>detegitur</span> <span class='ocrx_word' id='word_1_36' title='bbox 580 790 585 829; x_wconf 91' lang='lat'>:</span> <span class='ocrx_word' id='word_1_37' title='bbox 613 790 681 828; x_wconf 87' lang='lat' dir='ltr'>cum</span> <span class='ocrx_word' id='word_1_38' title='bbox 706 791 779 828; x_wconf 89' lang='lat' dir='ltr'>vero</span> <span class='ocrx_word' id='word_1_39' title='bbox 805 791 842 827; x_wconf 90' lang='lat' dir='ltr'>ne</span> <span class='ocrx_word' id='word_1_40' title='bbox 867 770 1005 846; x_wconf 82' lang='lat' dir='ltr'>signatus</span> <span class='ocrx_word' id='word_1_41' title='bbox 1026 769 1150 850; x_wconf 89' lang='lat' dir='ltr'>quidem</span> <span class='ocrx_word' id='word_1_42' title='bbox 1175 777 1233 838; x_wconf 87' lang='lat' dir='ltr'>est,</span> 
     </span>
     <span class='ocr_line' id='line_1_7' title="bbox 238 864 1238 947; baseline -0.001 -25"><span class='ocrx_word' id='word_1_43' title='bbox 238 865 398 924; x_wconf 81' lang='lat' dir='ltr'>manifesta</span> <span class='ocrx_word' id='word_1_44' title='bbox 409 867 499 947; x_wconf 90' lang='lat' dir='ltr'>culpa</span> <span class='ocrx_word' id='word_1_45' title='bbox 514 868 663 937; x_wconf 89' lang='lat' dir='ltr'>omnium,</span> <span class='ocrx_word' id='word_1_46' title='bbox 681 868 813 926; x_wconf 83' lang='lat' dir='ltr'><strong>maxime</strong></span> <span class='ocrx_word' id='word_1_47' title='bbox 827 867 1019 946; x_wconf 58' lang='lat' dir='ltr'>accipientis</span> <span class='ocrx_word' id='word_1_48' title='bbox 1033 864 1238 945; x_wconf 87' lang='lat' dir='ltr'>deprehendi·</span> 
     </span>
     <span class='ocr_line' id='line_1_8' title="bbox 239 960 1235 1044; baseline -0.003 -24"><span class='ocrx_word' id='word_1_49' title='bbox 239 967 297 1034; x_wconf 87' lang='lat' dir='ltr'>tur,</span> <span class='ocrx_word' id='word_1_50' title='bbox 315 963 426 1022; x_wconf 89' lang='lat' dir='ltr'>deinde</span> <span class='ocrx_word' id='word_1_51' title='bbox 449 964 541 1023; x_wconf 91' lang='lat' dir='ltr'>vilici.</span> <span class='ocrx_word' id='word_1_52' title='bbox 579 965 612 1022; x_wconf 90' lang='lat' dir='ltr'>lu</span> <span class='ocrx_word' id='word_1_53' title='bbox 638 964 824 1044; x_wconf 88' lang='lat' dir='ltr'>quibusdam</span> <span class='ocrx_word' id='word_1_54' title='bbox 853 960 996 1034; x_wconf 84' lang='lat' dir='ltr'>castellis,</span> <span class='ocrx_word' id='word_1_55' title='bbox 1024 984 1093 1022; x_wconf 91' lang='lat' dir='ltr'>cum</span> <span class='ocrx_word' id='word_1_56' title='bbox 1122 961 1235 1020; x_wconf 81' lang='lat' dir='ltr'>calices</span> 
     </span>
     <span class='ocr_line' id='line_1_9' title="bbox 237 1053 1236 1141; baseline -0.002 -24"><span class='ocrx_word' id='word_1_57' title='bbox 237 1059 381 1138; x_wconf 84' lang='lat' dir='ltr'>legitimae</span> <span class='ocrx_word' id='word_1_58' title='bbox 406 1082 556 1120; x_wconf 81' lang='lat' dir='ltr'>mensurae</span> <span class='ocrx_word' id='word_1_59' title='bbox 581 1062 690 1141; x_wconf 79' lang='lat' dir='ltr'>signati</span> <span class='ocrx_word' id='word_1_60' title='bbox 718 1062 789 1131; x_wconf 91' lang='lat' dir='ltr'>sint,</span> <span class='ocrx_word' id='word_1_61' title='bbox 808 1062 911 1120; x_wconf 90' lang='lat' dir='ltr'>statim</span> <span class='ocrx_word' id='word_1_62' title='bbox 934 1061 1100 1141; x_wconf 83' lang='lat' dir='ltr'>amplioris</span> <span class='ocrx_word' id='word_1_63' title='bbox 1118 1053 1236 1118; x_wconf 84' lang='lat' dir='ltr'>irloduli</span> 
     </span>
     <span class='ocr_line' id='line_1_10' title="bbox 227 1157 1237 1239; baseline 0 -25"><span class='ocrx_word' id='word_1_64' title='bbox 227 1157 365 1233; x_wconf 68' lang='lat' dir='ltr'>listulas*</span> <span class='ocrx_word' id='word_1_65' title='bbox 381 1158 588 1238; x_wconf 88' lang='lat' dir='ltr'>subjiciuntur</span> <span class='ocrx_word' id='word_1_66' title='bbox 619 1179 624 1219; x_wconf 91' lang='lat'>:</span> <span class='ocrx_word' id='word_1_67' title='bbox 643 1160 723 1217; x_wconf 88' lang='lat' dir='ltr'>uude</span> <span class='ocrx_word' id='word_1_68' title='bbox 744 1159 856 1218; x_wconf 91' lang='lat' dir='ltr'>accidit</span> <span class='ocrx_word' id='word_1_69' title='bbox 874 1167 908 1218; x_wconf 89' lang='lat' dir='ltr'>ut</span> <span class='ocrx_word' id='word_1_70' title='bbox 925 1179 1003 1239; x_wconf 89' lang='lat' dir='ltr'>aqua</span> <span class='ocrx_word' id='word_1_71' title='bbox 1019 1179 1080 1217; x_wconf 90' lang='lat' dir='ltr'>non</span> <span class='ocrx_word' id='word_1_72' title='bbox 1096 1179 1151 1236; x_wconf 92' lang='lat' dir='ltr'>per</span> <span class='ocrx_word' id='word_1_73' title='bbox 1162 1157 1237 1233; x_wconf 85' lang='lat' dir='ltr'>legi-</span> 
     </span>
     <span class='ocr_line' id='line_1_11' title="bbox 237 1255 1238 1336; baseline -0.002 -22"><span class='ocrx_word' id='word_1_74' title='bbox 237 1255 345 1314; x_wconf 91' lang='lat' dir='ltr'>timum</span> <span class='ocrx_word' id='word_1_75' title='bbox 360 1256 493 1334; x_wconf 89' lang='lat' dir='ltr'>spatium</span> <span class='ocrx_word' id='word_1_76' title='bbox 506 1257 648 1327; x_wconf 90' lang='lat' dir='ltr'>coercita,</span> <span class='ocrx_word' id='word_1_77' title='bbox 667 1257 717 1314; x_wconf 86' lang='lat' dir='ltr'>sed</span> <span class='ocrx_word' id='word_1_78' title='bbox 734 1277 787 1336; x_wconf 89' lang='lat' dir='ltr'>per</span> <span class='ocrx_word' id='word_1_79' title='bbox 797 1256 1070 1334; x_wconf 86' lang='lat' dir='ltr'>brevesaugustias</span> <span class='ocrx_word' id='word_1_80' title='bbox 1081 1275 1238 1333; x_wconf 80' lang='lat' dir='ltr'>expressa,</span> 
     </span>
     <span class='ocr_line' id='line_1_12' title="bbox 237 1351 1240 1432; baseline -0.003 -21"><span class='ocrx_word' id='word_1_81' title='bbox 237 1353 327 1412; x_wconf 87' lang='lat' dir='ltr'>lacile</span> <span class='ocrx_word' id='word_1_82' title='bbox 342 1353 488 1411; x_wconf 84' lang='lat' dir='ltr'>laxiorem</span> <span class='ocrx_word' id='word_1_83' title='bbox 504 1353 535 1410; x_wconf 88' lang='lat' dir='ltr'>in</span> <span class='ocrx_word' id='word_1_84' title='bbox 556 1354 695 1431; x_wconf 80' lang='lat' dir='ltr'>proximo</span> <span class='ocrx_word' id='word_1_85' title='bbox 718 1353 851 1412; x_wconf 82' lang='lat' dir='ltr'>fistulam</span> <span class='ocrx_word' id='word_1_86' title='bbox 867 1353 1003 1432; x_wconf 88' lang='lat' dir='ltr'>impleat.</span> <span class='ocrx_word' id='word_1_87' title='bbox 1030 1353 1119 1411; x_wconf 90' lang='lat' dir='ltr'>Circa</span> <span class='ocrx_word' id='word_1_88' title='bbox 1144 1351 1240 1410; x_wconf 89' lang='lat' dir='ltr'>collo-</span> 
     </span>
     <span class='ocr_line' id='line_1_13' title="bbox 237 1449 1237 1530; baseline -0.003 -22"><span class='ocrx_word' id='word_1_89' title='bbox 237 1451 352 1509; x_wconf 87' lang='lat' dir='ltr'>candos</span> <span class='ocrx_word' id='word_1_90' title='bbox 377 1471 499 1530; x_wconf 91' lang='lat' dir='ltr'>quoque</span> <span class='ocrx_word' id='word_1_91' title='bbox 523 1450 632 1509; x_wconf 85' lang='lat' dir='ltr'>calices</span> <span class='ocrx_word' id='word_1_92' title='bbox 661 1451 818 1509; x_wconf 90' lang='lat' dir='ltr'>observari</span> <span class='ocrx_word' id='word_1_93' title='bbox 847 1458 969 1530; x_wconf 81' lang='lat' dir='ltr'>oportet</span> <span class='ocrx_word' id='word_1_94' title='bbox 998 1457 1031 1508; x_wconf 96' lang='lat' dir='ltr'>ut</span> <span class='ocrx_word' id='word_1_95' title='bbox 1058 1449 1096 1508; x_wconf 91' lang='lat' dir='ltr'>ad</span> <span class='ocrx_word' id='word_1_96' title='bbox 1123 1449 1237 1507; x_wconf 87' lang='lat' dir='ltr'>lineam</span> 
     </span>
     <span class='ocr_line' id='line_1_14' title="bbox 238 1545 1242 1624; baseline -0.004 -18"><span class='ocrx_word' id='word_1_97' title='bbox 238 1548 434 1619; x_wconf 87' lang='lat' dir='ltr'>ordinentur;</span> <span class='ocrx_word' id='word_1_98' title='bbox 461 1569 516 1606; x_wconf 89' lang='lat' dir='ltr'>nec</span> <span class='ocrx_word' id='word_1_99' title='bbox 540 1549 664 1607; x_wconf 89' lang='lat' dir='ltr'>alterius</span> <span class='ocrx_word' id='word_1_100' title='bbox 689 1549 816 1606; x_wconf 89' lang='lat' dir='ltr'>inl&#39;erior</span> <span class='ocrx_word' id='word_1_101' title='bbox 834 1548 925 1619; x_wconf 87' lang='lat' dir='ltr'>calix,</span> <span class='ocrx_word' id='word_1_102' title='bbox 947 1547 1073 1606; x_wconf 87' lang='lat' dir='ltr'>alterius</span> <span class='ocrx_word' id='word_1_103' title='bbox 1099 1545 1242 1624; x_wconf 88' lang='lat' dir='ltr'>superior</span> 
     </span>
     <span class='ocr_line' id='line_1_15' title="bbox 238 1644 1240 1724; baseline -0.004 -21"><span class='ocrx_word' id='word_1_104' title='bbox 238 1653 381 1724; x_wconf 85' lang='lat' dir='ltr'>ponatur.</span> <span class='ocrx_word' id='word_1_105' title='bbox 402 1645 533 1704; x_wconf 86' lang='lat' dir='ltr'>Inferior</span> <span class='ocrx_word' id='word_1_106' title='bbox 554 1645 621 1724; x_wconf 90' lang='lat' dir='ltr'>plus</span> <span class='ocrx_word' id='word_1_107' title='bbox 640 1644 750 1717; x_wconf 74' lang='lat' dir='ltr'>trahit3</span> <span class='ocrx_word' id='word_1_108' title='bbox 765 1646 915 1724; x_wconf 79' lang='lat' dir='ltr'>superior,</span> <span class='ocrx_word' id='word_1_109' title='bbox 935 1645 1006 1724; x_wconf 88' lang='lat' dir='ltr'>quia</span> <span class='ocrx_word' id='word_1_110' title='bbox 1029 1665 1135 1702; x_wconf 89' lang='lat' dir='ltr'>cursus</span> <span class='ocrx_word' id='word_1_111' title='bbox 1150 1662 1240 1721; x_wconf 80' lang='lat' dir='ltr'>aquae</span> 
     </span>
     <span class='ocr_line' id='line_1_16' title="bbox 238 1741 1238 1822; baseline -0.003 -22"><span class='ocrx_word' id='word_1_112' title='bbox 238 1743 275 1800; x_wconf 92' lang='lat' dir='ltr'>ab</span> <span class='ocrx_word' id='word_1_113' title='bbox 298 1742 441 1800; x_wconf 80' lang='lat' dir='ltr'>inferiore</span> <span class='ocrx_word' id='word_1_114' title='bbox 457 1743 586 1822; x_wconf 75' lang='lat' dir='ltr'>rapitur,</span> <span class='ocrx_word' id='word_1_115' title='bbox 610 1742 711 1800; x_wconf 91' lang='lat' dir='ltr'>minus</span> <span class='ocrx_word' id='word_1_116' title='bbox 733 1742 830 1801; x_wconf 92' lang='lat' dir='ltr'>ducit.</span> <span class='ocrx_word' id='word_1_117' title='bbox 855 1743 954 1801; x_wconf 87' lang='lat' dir='ltr'>Etiam</span> <span class='ocrx_word' id='word_1_118' title='bbox 971 1742 1021 1799; x_wconf 92' lang='lat' dir='ltr'>ille</span> <span class='ocrx_word' id='word_1_119' title='bbox 1037 1741 1238 1820; x_wconf 86' lang='lat' dir='ltr'>aquariorum</span> 
     </span>
     <span class='ocr_line' id='line_1_17' title="bbox 238 1837 1239 1918; baseline -0.001 -22"><span class='ocrx_word' id='word_1_120' title='bbox 238 1838 391 1897; x_wconf 88' lang='lat' dir='ltr'>tollendus</span> <span class='ocrx_word' id='word_1_121' title='bbox 402 1847 448 1898; x_wconf 89' lang='lat' dir='ltr'>est</span> <span class='ocrx_word' id='word_1_122' title='bbox 459 1839 575 1898; x_wconf 88' lang='lat' dir='ltr'>reditus</span> <span class='ocrx_word' id='word_1_123' title='bbox 586 1860 677 1918; x_wconf 88' lang='lat' dir='ltr'>quem</span> <span class='ocrx_word' id='word_1_124' title='bbox 689 1846 802 1896; x_wconf 89' lang='lat' dir='ltr'>vocant</span> <span class='ocrx_word' id='word_1_125' title='bbox 814 1846 938 1918; x_wconf 89' lang='lat' dir='ltr'>puncta.</span> <span class='ocrx_word' id='word_1_126' title='bbox 954 1841 1058 1916; x_wconf 80' lang='lat' dir='ltr'>Longa</span> <span class='ocrx_word' id='word_1_127' title='bbox 1069 1859 1104 1896; x_wconf 92' lang='lat' dir='ltr'>ac</span> <span class='ocrx_word' id='word_1_128' title='bbox 1117 1837 1239 1895; x_wconf 86' lang='lat' dir='ltr'>diversa</span> 
     </span>
     <span class='ocr_line' id='line_1_18' title="bbox 237 1933 1237 2016; baseline -0.004 -22"><span class='ocrx_word' id='word_1_129' title='bbox 237 1943 309 1994; x_wconf 88' lang='lat' dir='ltr'>suut</span> <span class='ocrx_word' id='word_1_130' title='bbox 322 1937 419 2014; x_wconf 81' lang='lat' dir='ltr'>spatia</span> <span class='ocrx_word' id='word_1_131' title='bbox 436 1958 490 2016; x_wconf 90' lang='lat' dir='ltr'>per</span> <span class='ocrx_word' id='word_1_132' title='bbox 504 1957 572 2015; x_wconf 91' lang='lat' dir='ltr'>quae</span> <span class='ocrx_word' id='word_1_133' title='bbox 588 1936 697 1994; x_wconf 87' lang='lat' dir='ltr'>fistulae</span> <span class='ocrx_word' id='word_1_134' title='bbox 714 1943 778 1994; x_wconf 87' lang='lat' dir='ltr'>tota</span> <span class='ocrx_word' id='word_1_135' title='bbox 798 1944 902 1994; x_wconf 88' lang='lat' dir='ltr'>meant</span> <span class='ocrx_word' id='word_1_136' title='bbox 924 1936 1009 2006; x_wconf 89' lang='lat' dir='ltr'>urbe,</span> <span class='ocrx_word' id='word_1_137' title='bbox 1028 1935 1158 1994; x_wconf 88' lang='lat' dir='ltr'>latentes</span> <span class='ocrx_word' id='word_1_138' title='bbox 1179 1933 1237 1992; x_wconf 94' lang='lat' dir='ltr'>sub</span> 
     </span>
     <span class='ocr_line' id='line_1_19' title="bbox 237 2031 1241 2112; baseline -0.002 -23"><span class='ocrx_word' id='word_1_139' title='bbox 237 2031 350 2091; x_wconf 89' lang='lat' dir='ltr'>silice*.</span> <span class='ocrx_word' id='word_1_140' title='bbox 373 2034 435 2092; x_wconf 90' lang='lat' dir='ltr'>Has</span> <span class='ocrx_word' id='word_1_141' title='bbox 458 2034 568 2092; x_wconf 90' lang='lat' dir='ltr'>scitum</span> <span class='ocrx_word' id='word_1_142' title='bbox 587 2042 632 2092; x_wconf 91' lang='lat' dir='ltr'>est</span> <span class='ocrx_word' id='word_1_143' title='bbox 646 2054 700 2112; x_wconf 87' lang='lat' dir='ltr'>per</span> <span class='ocrx_word' id='word_1_144' title='bbox 716 2055 785 2092; x_wconf 92' lang='lat' dir='ltr'>eum</span> <span class='ocrx_word' id='word_1_145' title='bbox 801 2035 852 2112; x_wconf 95' lang='lat' dir='ltr'>qui</span> <span class='ocrx_word' id='word_1_146' title='bbox 875 2033 1048 2112; x_wconf 86' lang='lat' dir='ltr'>appellatur</span> <span class='ocrx_word' id='word_1_147' title='bbox 1071 2053 1121 2090; x_wconf 90' lang='lat' dir='ltr'>«a</span> <span class='ocrx_word' id='word_1_148' title='bbox 1144 2051 1241 2110; x_wconf 90' lang='lat' dir='ltr'>punc-</span> 
     </span>
    </p>

    <p class='ocr_par' dir='ltr' id='par_1_4' title="bbox 167 2130 1240 2403">
     <span class='ocr_line' id='line_1_20' title="bbox 167 2130 1240 2209; baseline -0.002 -21"><span class='ocrx_word' id='word_1_149' title='bbox 167 2153 168 2156; x_wconf 46' lang='lat'><em>*</em></span> <span class='ocrx_word' id='word_1_150' title='bbox 227 2130 297 2188; x_wconf 80' lang='lat' dir='ltr'>tis*</span> <span class='ocrx_word' id='word_1_151' title='bbox 314 2155 327 2184; x_wconf 75' lang='lat' dir='ltr'>u</span> <span class='ocrx_word' id='word_1_152' title='bbox 344 2131 456 2209; x_wconf 90' lang='lat' dir='ltr'>passim</span> <span class='ocrx_word' id='word_1_153' title='bbox 473 2131 709 2190; x_wconf 89' lang='lat' dir='ltr'>convulneratas</span> <span class='ocrx_word' id='word_1_154' title='bbox 737 2131 879 2188; x_wconf 91' lang='lat' dir='ltr'>omnibus</span> <span class='ocrx_word' id='word_1_155' title='bbox 900 2130 931 2187; x_wconf 91' lang='lat' dir='ltr'>in</span> <span class='ocrx_word' id='word_1_156' title='bbox 955 2130 1085 2187; x_wconf 87' lang='lat' dir='ltr'>transitu</span> <span class='ocrx_word' id='word_1_157' title='bbox 1107 2153 1121 2182; x_wconf 75' lang='lat' dir='ltr'>a</span> <span class='ocrx_word' id='word_1_158' title='bbox 1147 2148 1240 2204; x_wconf 87' lang='lat' dir='ltr'>nego-</span> 
     </span>
     <span class='ocr_line' id='line_1_21' title="bbox 237 2227 1240 2311; baseline -0.002 -26"><span class='ocrx_word' id='word_1_159' title='bbox 237 2227 399 2285; x_wconf 87' lang='lat' dir='ltr'>tiatoribus</span> <span class='ocrx_word' id='word_1_160' title='bbox 428 2253 441 2282; x_wconf 85' lang='grc'>»</span> <span class='ocrx_word' id='word_1_161' title='bbox 471 2228 606 2308; x_wconf 87' lang='lat' dir='ltr'>praebere</span> <span class='ocrx_word' id='word_1_162' title='bbox 635 2227 840 2306; x_wconf 87' lang='lat' dir='ltr'>peculiaribus</span> <span class='ocrx_word' id='word_1_163' title='bbox 867 2227 976 2284; x_wconf 91' lang='lat' dir='ltr'>fistulis</span> <span class='ocrx_word' id='word_1_164' title='bbox 1008 2247 1118 2311; x_wconf 82' lang='lat' dir='ltr'>aquam</span> <span class='ocrx_word' id='word_1_165' title='bbox 1144 2243 1150 2284; x_wconf 89' lang='lat'>:</span> <span class='ocrx_word' id='word_1_166' title='bbox 1176 2246 1240 2304; x_wconf 90' lang='lat' dir='ltr'>quo</span> 
     </span>
     <span class='ocr_line' id='line_1_22' title="bbox 237 2323 1181 2403; baseline -0.002 -21"><span class='ocrx_word' id='word_1_167' title='bbox 237 2324 371 2383; x_wconf 79' lang='lat' dir='ltr'>eflicitur</span> <span class='ocrx_word' id='word_1_168' title='bbox 389 2333 422 2383; x_wconf 94' lang='lat' dir='ltr'>ut</span> <span class='ocrx_word' id='word_1_169' title='bbox 436 2325 563 2402; x_wconf 82' lang='lat' dir='ltr'>exiguus</span> <span class='ocrx_word' id='word_1_170' title='bbox 582 2323 689 2382; x_wconf 85' lang='lat' dir='ltr'>modus</span> <span class='ocrx_word' id='word_1_171' title='bbox 707 2324 744 2382; x_wconf 91' lang='lat' dir='ltr'>ad</span> <span class='ocrx_word' id='word_1_172' title='bbox 758 2323 978 2403; x_wconf 87' lang='lat' dir='ltr'>ususpublicos</span> <span class='ocrx_word' id='word_1_173' title='bbox 989 2323 1181 2403; x_wconf 83' lang='lat' dir='ltr'>perveniat*.</span> 
     </span>
    </p>
   </div>
   <div class='ocr_carea' id='block_1_4' title="bbox 236 2535 1336 3770">
    <p class='ocr_par' dir='ltr' id='par_1_5' title="bbox 236 2535 1336 3770">
     <span class='ocr_line' id='line_1_23' title="bbox 268 2535 1242 2598; baseline -0.004 -11"><span class='ocrx_word' id='word_1_174' title='bbox 268 2537 309 2587; x_wconf 78' lang='grc' dir='ltr'>Νο</span> <span class='ocrx_word' id='word_1_175' title='bbox 325 2537 389 2588; x_wconf 90' lang='grc'>165</span> <span class='ocrx_word' id='word_1_176' title='bbox 404 2553 408 2584; x_wconf 88' lang='grc'>;</span> <span class='ocrx_word' id='word_1_177' title='bbox 423 2535 585 2587; x_wconf 73' lang='lat' dir='ltr'>castellis.</span> <span class='ocrx_word' id='word_1_178' title='bbox 600 2537 622 2584; x_wconf 96' lang='lat' dir='ltr'>ll</span> <span class='ocrx_word' id='word_1_179' title='bbox 636 2537 744 2598; x_wconf 74' lang='lat' dir='ltr'>y&#39;avait</span> <span class='ocrx_word' id='word_1_180' title='bbox 759 2537 773 2582; x_wconf 72' lang='lat' dir='ltr'>a</span> <span class='ocrx_word' id='word_1_181' title='bbox 787 2535 880 2595; x_wconf 85' lang='lat' dir='ltr'>Rome,</span> <span class='ocrx_word' id='word_1_182' title='bbox 894 2551 956 2583; x_wconf 92' lang='lat' dir='ltr'>sous</span> <span class='ocrx_word' id='word_1_183' title='bbox 974 2537 1106 2597; x_wconf 83' lang='lat' dir='ltr'>l&#39;Empire,</span> <span class='ocrx_word' id='word_1_184' title='bbox 1122 2538 1165 2582; x_wconf 74' lang='lat' dir='ltr'>ali</span> <span class='ocrx_word' id='word_1_185' title='bbox 1179 2535 1242 2583; x_wconf 79' lang='lat' dir='ltr'>eha-</span> 
     </span>
     <span class='ocr_line' id='line_1_24' title="bbox 238 2598 1240 2659; baseline -0.002 -12"><span class='ocrx_word' id='word_1_186' title='bbox 238 2602 317 2648; x_wconf 81' lang='lat' dir='ltr'>teuux</span> <span class='ocrx_word' id='word_1_187' title='bbox 329 2600 402 2647; x_wconf 83' lang='lat' dir='ltr'>d&#39;eau</span> <span class='ocrx_word' id='word_1_188' title='bbox 417 2600 449 2645; x_wconf 89' lang='lat' dir='ltr'>de</span> <span class='ocrx_word' id='word_1_189' title='bbox 461 2599 613 2646; x_wconf 80' lang='lat' dir='ltr'>dill&#39;crcntcs</span> <span class='ocrx_word' id='word_1_190' title='bbox 626 2599 779 2659; x_wconf 81' lang='lat' dir='ltr'>grandeurs.</span> <span class='ocrx_word' id='word_1_191' title='bbox 794 2599 859 2644; x_wconf 91' lang='lat' dir='ltr'>Voir</span> <span class='ocrx_word' id='word_1_192' title='bbox 869 2599 892 2645; x_wconf 86' lang='lat' dir='ltr'>la</span> <span class='ocrx_word' id='word_1_193' title='bbox 907 2598 1155 2651; x_wconf 58' lang='lat' dir='ltr'>notescasleltorum</span> <span class='ocrx_word' id='word_1_194' title='bbox 1168 2598 1201 2644; x_wconf 81' lang='lat' dir='ltr'>de</span> <span class='ocrx_word' id='word_1_195' title='bbox 1216 2599 1240 2646; x_wconf 83' lang='lat' dir='ltr'>lu</span> 
     </span>
     <span class='ocr_line' id='line_1_25' title="bbox 237 2659 1242 2722; baseline 0 -16"><span class='ocrx_word' id='word_1_196' title='bbox 237 2663 343 2708; x_wconf 85' lang='lat' dir='ltr'>version</span> <span class='ocrx_word' id='word_1_197' title='bbox 364 2661 531 2722; x_wconf 75' lang='lat' dir='ltr'>precedente.</span> <span class='ocrx_word' id='word_1_198' title='bbox 551 2687 579 2694; x_wconf 91' lang='lat'><em>-</em></span> <span class='ocrx_word' id='word_1_199' title='bbox 599 2659 735 2710; x_wconf 82' lang='lat' dir='ltr'>Calices.</span> <span class='ocrx_word' id='word_1_200' title='bbox 760 2661 794 2706; x_wconf 90' lang='lat' dir='ltr'>Le</span> <span class='ocrx_word' id='word_1_201' title='bbox 813 2659 883 2707; x_wconf 73' lang='lat' dir='ltr'>calix</span> <span class='ocrx_word' id='word_1_202' title='bbox 902 2661 948 2708; x_wconf 76' lang='lat' dir='ltr'>cles</span> <span class='ocrx_word' id='word_1_203' title='bbox 968 2661 1103 2721; x_wconf 86' lang='lat' dir='ltr'>aqueducs</span> <span class='ocrx_word' id='word_1_204' title='bbox 1124 2659 1242 2706; x_wconf 88' lang='lat' dir='ltr'>romains</span> 
     </span>
     <span class='ocr_line' id='line_1_26' title="bbox 237 2722 1241 2783; baseline -0.001 -14"><span class='ocrx_word' id='word_1_205' title='bbox 237 2723 303 2770; x_wconf 85' lang='lat' dir='ltr'>e&#39;tait</span> <span class='ocrx_word' id='word_1_206' title='bbox 323 2738 357 2768; x_wconf 88' lang='lat' dir='ltr'>uu</span> <span class='ocrx_word' id='word_1_207' title='bbox 373 2723 438 2769; x_wconf 90' lang='lat' dir='ltr'>tube</span> <span class='ocrx_word' id='word_1_208' title='bbox 455 2723 487 2768; x_wconf 86' lang='lat' dir='ltr'>de</span> <span class='ocrx_word' id='word_1_209' title='bbox 508 2722 597 2768; x_wconf 87' lang='lat' dir='ltr'>cuivre</span> <span class='ocrx_word' id='word_1_210' title='bbox 615 2723 693 2768; x_wconf 82' lang='lat' dir='ltr'>d&#39;uue</span> <span class='ocrx_word' id='word_1_211' title='bbox 711 2723 828 2769; x_wconf 86' lang='lat' dir='ltr'>certaine</span> <span class='ocrx_word' id='word_1_212' title='bbox 846 2722 974 2783; x_wconf 74' lang='lat' dir='ltr'>longueur</span> <span class='ocrx_word' id='word_1_213' title='bbox 987 2725 1013 2768; x_wconf 91' lang='lat' dir='ltr'>et</span> <span class='ocrx_word' id='word_1_214' title='bbox 1026 2723 1103 2769; x_wconf 79' lang='lat' dir='ltr'>(l&#39;une</span> <span class='ocrx_word' id='word_1_215' title='bbox 1121 2722 1241 2768; x_wconf 86' lang='lat' dir='ltr'>certaino</span> 
     </span>
     <span class='ocr_line' id='line_1_27' title="bbox 237 2783 1241 2846; baseline -0.002 -16"><span class='ocrx_word' id='word_1_216' title='bbox 237 2785 363 2844; x_wconf 75' lang='lat' dir='ltr'>capacite,</span> <span class='ocrx_word' id='word_1_217' title='bbox 379 2783 483 2831; x_wconf 86' lang='lat' dir='ltr'>attachc&#39;</span> <span class='ocrx_word' id='word_1_218' title='bbox 502 2785 515 2829; x_wconf 74' lang='lat' dir='ltr'>al</span> <span class='ocrx_word' id='word_1_219' title='bbox 532 2783 688 2830; x_wconf 75' lang='lat' dir='ltr'>l&#39;extremite&#39;</span> <span class='ocrx_word' id='word_1_220' title='bbox 703 2784 764 2830; x_wconf 84' lang='lat' dir='ltr'>d&#39;un</span> <span class='ocrx_word' id='word_1_221' title='bbox 780 2787 861 2846; x_wconf 86' lang='lat' dir='ltr'>tuyau</span> <span class='ocrx_word' id='word_1_222' title='bbox 877 2784 1017 2844; x_wconf 85' lang='lat' dir='ltr'>principat,</span> <span class='ocrx_word' id='word_1_223' title='bbox 1037 2785 1050 2830; x_wconf 73' lang='lat' dir='ltr'>a</span> <span class='ocrx_word' id='word_1_224' title='bbox 1068 2783 1192 2830; x_wconf 86' lang='lat' dir='ltr'>l&#39;endroit</span> <span class='ocrx_word' id='word_1_225' title='bbox 1204 2785 1241 2840; x_wconf 68' lang='lat' dir='ltr'>ou</span> 
     </span>
     <span class='ocr_line' id='line_1_28' title="bbox 237 2843 1240 2906; baseline -0.002 -14"><span class='ocrx_word' id='word_1_226' title='bbox 237 2847 254 2892; x_wconf 90' lang='lat' dir='ltr'>it</span> <span class='ocrx_word' id='word_1_227' title='bbox 268 2843 366 2892; x_wconf 87' lang='lat' dir='ltr'>entralt</span> <span class='ocrx_word' id='word_1_228' title='bbox 378 2846 443 2890; x_wconf 87' lang='lat' dir='ltr'>dans</span> <span class='ocrx_word' id='word_1_229' title='bbox 456 2845 479 2890; x_wconf 91' lang='lat' dir='ltr'>le</span> <span class='ocrx_word' id='word_1_230' title='bbox 495 2845 626 2891; x_wconf 73' lang='lat' dir='ltr'>roservoir</span> <span class='ocrx_word' id='word_1_231' title='bbox 635 2847 667 2892; x_wconf 87' lang='lat' dir='ltr'>dc</span> <span class='ocrx_word' id='word_1_232' title='bbox 678 2845 824 2906; x_wconf 87' lang='lat' dir='ltr'>l&#39;aqueduc,</span> <span class='ocrx_word' id='word_1_233' title='bbox 839 2862 871 2892; x_wconf 88' lang='lat' dir='ltr'>ou</span> <span class='ocrx_word' id='word_1_234' title='bbox 884 2847 898 2892; x_wconf 72' lang='lat' dir='ltr'>al</span> <span class='ocrx_word' id='word_1_235' title='bbox 910 2846 1066 2894; x_wconf 81' lang='lat' dir='ltr'>l&#39;extre&#39;mite</span> <span class='ocrx_word' id='word_1_236' title='bbox 1079 2845 1140 2890; x_wconf 76' lang='lat' dir='ltr'>d&#39;un</span> <span class='ocrx_word' id='word_1_237' title='bbox 1155 2847 1240 2906; x_wconf 89' lang='lat' dir='ltr'>tuyau</span> 
     </span>
     <span class='ocr_line' id='line_1_29' title="bbox 237 2906 1240 2970; baseline 0 -18"><span class='ocrx_word' id='word_1_238' title='bbox 237 2908 287 2954; x_wconf 74' lang='lat' dir='ltr'>lire</span> <span class='ocrx_word' id='word_1_239' title='bbox 300 2909 366 2954; x_wconf 87' lang='lat' dir='ltr'>dans</span> <span class='ocrx_word' id='word_1_240' title='bbox 378 2907 401 2953; x_wconf 90' lang='lat' dir='ltr'>le</span> <span class='ocrx_word' id='word_1_241' title='bbox 413 2909 496 2967; x_wconf 90' lang='lat' dir='ltr'>tuyau</span> <span class='ocrx_word' id='word_1_242' title='bbox 512 2906 651 2966; x_wconf 86' lang='lat' dir='ltr'>principat,</span> <span class='ocrx_word' id='word_1_243' title='bbox 665 2921 734 2970; x_wconf 92' lang='lat' dir='ltr'>pour</span> <span class='ocrx_word' id='word_1_244' title='bbox 747 2922 865 2954; x_wconf 90' lang='lat' dir='ltr'>mcsurcr</span> <span class='ocrx_word' id='word_1_245' title='bbox 877 2908 901 2953; x_wconf 90' lang='lat' dir='ltr'>la</span> <span class='ocrx_word' id='word_1_246' title='bbox 915 2907 1037 2968; x_wconf 70' lang='lat' dir='ltr'>quantita</span> <span class='ocrx_word' id='word_1_247' title='bbox 1051 2907 1125 2953; x_wconf 81' lang='lat' dir='ltr'>‹l&#39;eau</span> <span class='ocrx_word' id='word_1_248' title='bbox 1139 2920 1190 2966; x_wconf 87' lang='lat' dir='ltr'>que</span> <span class='ocrx_word' id='word_1_249' title='bbox 1208 2921 1240 2952; x_wconf 89' lang='lat' dir='ltr'>ce</span> 
     </span>
     <span class='ocr_line' id='line_1_30' title="bbox 238 2966 1242 3030; baseline -0.003 -14"><span class='ocrx_word' id='word_1_250' title='bbox 238 2973 321 3030; x_wconf 91' lang='lat' dir='ltr'>tuyau</span> <span class='ocrx_word' id='word_1_251' title='bbox 338 2969 463 3015; x_wconf 90' lang='lat' dir='ltr'>recevait.</span> <span class='ocrx_word' id='word_1_252' title='bbox 486 2967 521 3013; x_wconf 86' lang='lat' dir='ltr'>La</span> <span class='ocrx_word' id='word_1_253' title='bbox 543 2969 672 3029; x_wconf 88' lang='lat' dir='ltr'>longueur</span> <span class='ocrx_word' id='word_1_254' title='bbox 693 2972 719 3015; x_wconf 89' lang='lat' dir='ltr'>et</span> <span class='ocrx_word' id='word_1_255' title='bbox 741 2969 763 3014; x_wconf 93' lang='lat' dir='ltr'>lc</span> <span class='ocrx_word' id='word_1_256' title='bbox 783 2969 912 3014; x_wconf 74' lang='lat' dir='ltr'>diametrc</span> <span class='ocrx_word' id='word_1_257' title='bbox 932 2970 968 3014; x_wconf 91' lang='lat' dir='ltr'>du</span> <span class='ocrx_word' id='word_1_258' title='bbox 989 2967 1059 3015; x_wconf 75' lang='lat' dir='ltr'>calis</span> <span class='ocrx_word' id='word_1_259' title='bbox 1078 2967 1152 3014; x_wconf 74' lang='lat' dir='ltr'>etant</span> <span class='ocrx_word' id='word_1_260' title='bbox 1174 2966 1242 3021; x_wconf 66' lang='lat' dir='ltr'>fixas</span> 
     </span>
     <span class='ocr_line' id='line_1_31' title="bbox 236 3029 1242 3092; baseline 0 -16"><span class='ocrx_word' id='word_1_261' title='bbox 236 3031 363 3077; x_wconf 80' lang='lat' dir='ltr'>d&#39;avance</span> <span class='ocrx_word' id='word_1_262' title='bbox 377 3045 410 3077; x_wconf 92' lang='lat' dir='ltr'>on</span> <span class='ocrx_word' id='word_1_263' title='bbox 424 3030 535 3090; x_wconf 79' lang='lat' dir='ltr'>pouvait</span> <span class='ocrx_word' id='word_1_264' title='bbox 548 3031 844 3092; x_wconf 78' lang='lat' dir='ltr'>calcule1·cxactcment</span> <span class='ocrx_word' id='word_1_265' title='bbox 859 3031 882 3076; x_wconf 92' lang='lat' dir='ltr'>le</span> <span class='ocrx_word' id='word_1_266' title='bbox 896 3030 1006 3077; x_wconf 88' lang='lat' dir='ltr'>nombre</span> <span class='ocrx_word' id='word_1_267' title='bbox 1019 3031 1051 3076; x_wconf 89' lang='lat' dir='ltr'>dc</span> <span class='ocrx_word' id='word_1_268' title='bbox 1065 3029 1141 3091; x_wconf 89' lang='lat' dir='ltr'>pieds</span> <span class='ocrx_word' id='word_1_269' title='bbox 1156 3029 1242 3076; x_wconf 90' lang='lat' dir='ltr'>cubes</span> 
     </span>
     <span class='ocr_line' id='line_1_32' title="bbox 237 3090 1241 3153; baseline 0 -15"><span class='ocrx_word' id='word_1_270' title='bbox 237 3093 313 3138; x_wconf 74' lang='lat' dir='ltr'>‹l&#39;cau</span> <span class='ocrx_word' id='word_1_271' title='bbox 326 3093 390 3153; x_wconf 90' lang='lat' dir='ltr'>qu&#39;il</span> <span class='ocrx_word' id='word_1_272' title='bbox 403 3091 518 3138; x_wconf 88' lang='lat' dir='ltr'>amenait</span> <span class='ocrx_word' id='word_1_273' title='bbox 531 3092 597 3138; x_wconf 86' lang='lat' dir='ltr'>dans</span> <span class='ocrx_word' id='word_1_274' title='bbox 609 3091 647 3143; x_wconf 82' lang='lat' dir='ltr'>les</span> <span class='ocrx_word' id='word_1_275' title='bbox 660 3092 775 3139; x_wconf 81' lang='lat' dir='ltr'>niaisous</span> <span class='ocrx_word' id='word_1_276' title='bbox 793 3093 977 3153; x_wconf 74' lang='lat' dir='ltr'>particulitres</span> <span class='ocrx_word' id='word_1_277' title='bbox 994 3108 1028 3138; x_wconf 94' lang='lat' dir='ltr'>ou</span> <span class='ocrx_word' id='word_1_278' title='bbox 1045 3093 1112 3138; x_wconf 87' lang='lat' dir='ltr'>dans</span> <span class='ocrx_word' id='word_1_279' title='bbox 1127 3092 1165 3137; x_wconf 90' lang='lat' dir='ltr'>les</span> <span class='ocrx_word' id='word_1_280' title='bbox 1182 3090 1241 3138; x_wconf 77' lang='lat' dir='ltr'>eta-</span> 
     </span>
     <span class='ocr_line' id='line_1_33' title="bbox 239 3154 1241 3215; baseline 0 -15"><span class='ocrx_word' id='word_1_281' title='bbox 239 3156 408 3200; x_wconf 86' lang='lat' dir='ltr'>blissements</span> <span class='ocrx_word' id='word_1_282' title='bbox 422 3154 533 3213; x_wconf 86' lang='lat' dir='ltr'>publics.</span> <span class='ocrx_word' id='word_1_283' title='bbox 548 3181 577 3187; x_wconf 93' lang='lat'><strong>—</strong></span> <span class='ocrx_word' id='word_1_284' title='bbox 591 3155 830 3211; x_wconf 82' lang='lat' dir='ltr'>Procuratoris,</span> <span class='ocrx_word' id='word_1_285' title='bbox 844 3154 1004 3215; x_wconf 68' lang='lat' dir='ltr'>designem</span> <span class='ocrx_word' id='word_1_286' title='bbox 1019 3154 1081 3201; x_wconf 85' lang='lat' dir='ltr'>chel</span> <span class='ocrx_word' id='word_1_287' title='bbox 1091 3154 1123 3200; x_wconf 91' lang='lat' dir='ltr'>de</span> <span class='ocrx_word' id='word_1_288' title='bbox 1137 3154 1241 3200; x_wconf 83' lang='lat' dir='ltr'>section</span> 
     </span>
     <span class='ocr_line' id='line_1_34' title="bbox 237 3215 1242 3276; baseline -0.001 -14"><span class='ocrx_word' id='word_1_289' title='bbox 237 3218 273 3262; x_wconf 86' lang='lat' dir='ltr'>du</span> <span class='ocrx_word' id='word_1_290' title='bbox 286 3217 387 3262; x_wconf 79' lang='lat' dir='ltr'>service</span> <span class='ocrx_word' id='word_1_291' title='bbox 400 3217 447 3261; x_wconf 87' lang='lat' dir='ltr'>des</span> <span class='ocrx_word' id='word_1_292' title='bbox 463 3229 538 3261; x_wconf 86' lang='lat' dir='ltr'>eaux.</span> <span class='ocrx_word' id='word_1_293' title='bbox 552 3243 581 3250; x_wconf 96' lang='lat'>—</span> <span class='ocrx_word' id='word_1_294' title='bbox 599 3215 756 3274; x_wconf 81' lang='lat' dir='ltr'>Fistulae,</span> <span class='ocrx_word' id='word_1_295' title='bbox 770 3220 873 3276; x_wconf 84' lang='lat' dir='ltr'>tuyaux</span> <span class='ocrx_word' id='word_1_296' title='bbox 886 3231 917 3262; x_wconf 87' lang='lat' dir='ltr'>cn</span> <span class='ocrx_word' id='word_1_297' title='bbox 936 3216 1036 3276; x_wconf 86' lang='lat' dir='ltr'>plomb,</span> <span class='ocrx_word' id='word_1_298' title='bbox 1055 3230 1090 3263; x_wconf 92' lang='lat' dir='ltr'>ou</span> <span class='ocrx_word' id='word_1_299' title='bbox 1108 3230 1140 3262; x_wconf 88' lang='lat' dir='ltr'>cn</span> <span class='ocrx_word' id='word_1_300' title='bbox 1158 3216 1242 3275; x_wconf 72' lang='lat' dir='ltr'>urgile</span> 
     </span>
     <span class='ocr_line' id='line_1_35' title="bbox 237 3277 1240 3340; baseline 0 -16"><span class='ocrx_word' id='word_1_301' title='bbox 237 3279 317 3336; x_wconf 90' lang='lat' dir='ltr'>cuite,</span> <span class='ocrx_word' id='word_1_302' title='bbox 332 3293 401 3338; x_wconf 87' lang='lat' dir='ltr'>pour</span> <span class='ocrx_word' id='word_1_303' title='bbox 413 3279 436 3324; x_wconf 86' lang='lat' dir='ltr'>la</span> <span class='ocrx_word' id='word_1_304' title='bbox 445 3277 570 3324; x_wconf 88' lang='lat' dir='ltr'>conduite</span> <span class='ocrx_word' id='word_1_305' title='bbox 584 3278 629 3323; x_wconf 84' lang='lat' dir='ltr'>des</span> <span class='ocrx_word' id='word_1_306' title='bbox 642 3293 716 3324; x_wconf 84' lang='lat' dir='ltr'>caux.</span> <span class='ocrx_word' id='word_1_307' title='bbox 728 3305 758 3311; x_wconf 95' lang='lat'>—</span> <span class='ocrx_word' id='word_1_308' title='bbox 769 3277 866 3326; x_wconf 87' lang='lat' dir='ltr'>Silice</span> <span class='ocrx_word' id='word_1_309' title='bbox 881 3293 886 3324; x_wconf 73' lang='grc' dir='ltr'><em>ι</em></span> <span class='ocrx_word' id='word_1_310' title='bbox 900 3277 965 3325; x_wconf 83' lang='lat' dir='ltr'>c&#39;est</span> <span class='ocrx_word' id='word_1_311' title='bbox 977 3279 1000 3325; x_wconf 86' lang='lat' dir='ltr'>le</span> <span class='ocrx_word' id='word_1_312' title='bbox 1013 3278 1080 3340; x_wconf 78' lang='lat' dir='ltr'>pave</span> <span class='ocrx_word' id='word_1_313' title='bbox 1093 3278 1140 3324; x_wconf 90' lang='lat' dir='ltr'>des</span> <span class='ocrx_word' id='word_1_314' title='bbox 1153 3278 1240 3324; x_wconf 78' lang='lat' dir='ltr'>villeS.</span> 
     </span>
     <span class='ocr_line' id='line_1_36' title="bbox 237 3338 1336 3401; baseline -0.001 -14"><span class='ocrx_word' id='word_1_315' title='bbox 237 3366 267 3374; x_wconf 93' lang='lat'><em>-</em></span> <span class='ocrx_word' id='word_1_316' title='bbox 279 3339 306 3387; x_wconf 88' lang='lat' dir='ltr'>A</span> <span class='ocrx_word' id='word_1_317' title='bbox 319 3338 450 3401; x_wconf 82' lang='lat' dir='ltr'>punctis</span> <span class='ocrx_word' id='word_1_318' title='bbox 465 3355 469 3385; x_wconf 92' lang='lat'>:</span> <span class='ocrx_word' id='word_1_319' title='bbox 484 3353 513 3384; x_wconf 92' lang='lat' dir='ltr'>ce</span> <span class='ocrx_word' id='word_1_320' title='bbox 524 3339 720 3386; x_wconf 75' lang='lat' dir='ltr'>sonctionnaire</span> <span class='ocrx_word' id='word_1_321' title='bbox 734 3339 840 3385; x_wconf 77' lang='lat' dir='ltr'>infidele</span> <span class='ocrx_word' id='word_1_322' title='bbox 852 3339 931 3386; x_wconf 86' lang='lat' dir='ltr'>truite</span> <span class='ocrx_word' id='word_1_323' title='bbox 942 3355 1006 3386; x_wconf 84' lang='lat' dir='ltr'>avec</span> <span class='ocrx_word' id='word_1_324' title='bbox 1020 3341 1057 3386; x_wconf 87' lang='lat' dir='ltr'>les</span> <span class='ocrx_word' id='word_1_325' title='bbox 1070 3341 1243 3401; x_wconf 81' lang='lat' dir='ltr'>particuliars</span> <span class='ocrx_word' id='word_1_326' title='bbox 1335 3395 1336 3398; x_wconf 7' lang='grc' dir='ltr'><strong>Ἰ</strong></span> 
     </span>
     <span class='ocr_line' id='line_1_37' title="bbox 237 3400 1241 3462; baseline 0 -15"><span class='ocrx_word' id='word_1_327' title='bbox 237 3404 264 3447; x_wconf 86' lang='lat' dir='ltr'>et</span> <span class='ocrx_word' id='word_1_328' title='bbox 282 3403 339 3447; x_wconf 90' lang='lat' dir='ltr'>leur</span> <span class='ocrx_word' id='word_1_329' title='bbox 357 3401 488 3447; x_wconf 86' lang='lat' dir='ltr'>distribue</span> <span class='ocrx_word' id='word_1_330' title='bbox 507 3400 573 3446; x_wconf 83' lang='lat' dir='ltr'>l&#39;eau</span> <span class='ocrx_word' id='word_1_331' title='bbox 592 3402 702 3461; x_wconf 82' lang='lat' dir='ltr'>perdes</span> <span class='ocrx_word' id='word_1_332' title='bbox 719 3407 821 3462; x_wconf 86' lang='lat' dir='ltr'>tuyaux</span> <span class='ocrx_word' id='word_1_333' title='bbox 839 3404 938 3447; x_wconf 89' lang='lat' dir='ltr'>secrets</span> <span class='ocrx_word' id='word_1_334' title='bbox 955 3401 1129 3447; x_wconf 76' lang='lat' dir='ltr'>cmbrunches</span> <span class='ocrx_word' id='word_1_335' title='bbox 1142 3416 1190 3461; x_wconf 88' lang='lat' dir='ltr'>par</span> <span class='ocrx_word' id='word_1_336' title='bbox 1203 3401 1241 3447; x_wconf 94' lang='lat' dir='ltr'>lui</span> 
     </span>
     <span class='ocr_line' id='line_1_38' title="bbox 237 3461 1243 3532; baseline 0.001 -24"><span class='ocrx_word' id='word_1_337' title='bbox 237 3478 283 3508; x_wconf 88' lang='lat' dir='ltr'>sur</span> <span class='ocrx_word' id='word_1_338' title='bbox 295 3463 318 3509; x_wconf 88' lang='lat' dir='ltr'>le</span> <span class='ocrx_word' id='word_1_339' title='bbox 332 3467 413 3524; x_wconf 81' lang='lat' dir='ltr'>tuyau</span> <span class='ocrx_word' id='word_1_340' title='bbox 428 3463 567 3524; x_wconf 86' lang='lat' dir='ltr'>principat.</span> <span class='ocrx_word' id='word_1_341' title='bbox 586 3488 613 3496; x_wconf 92' lang='lat'>-</span> <span class='ocrx_word' id='word_1_342' title='bbox 629 3463 813 3512; x_wconf 81' lang='lat' dir='ltr'>Perveniat.</span> <span class='ocrx_word' id='word_1_343' title='bbox 831 3461 920 3509; x_wconf 73' lang='lat' dir='ltr'>Neron</span> <span class='ocrx_word' id='word_1_344' title='bbox 935 3477 962 3508; x_wconf 87' lang='lat' dir='ltr'>se</span> <span class='ocrx_word' id='word_1_345' title='bbox 980 3464 1130 3532; x_wconf 76' lang='lat' dir='ltr'>preoccupa</span> <span class='ocrx_word' id='word_1_346' title='bbox 1146 3463 1179 3508; x_wconf 88' lang='lat' dir='ltr'>de</span> <span class='ocrx_word' id='word_1_347' title='bbox 1197 3477 1243 3509; x_wconf 88' lang='lat' dir='ltr'>ces</span> 
     </span>
     <span class='ocr_line' id='line_1_39' title="bbox 237 3521 1242 3586; baseline -0.001 -16"><span class='ocrx_word' id='word_1_348' title='bbox 237 3525 304 3570; x_wconf 86' lang='lat' dir='ltr'>abus</span> <span class='ocrx_word' id='word_1_349' title='bbox 317 3525 434 3586; x_wconf 80' lang='lat' dir='ltr'>lor-squ&#39;il</span> <span class='ocrx_word' id='word_1_350' title='bbox 445 3524 474 3570; x_wconf 83' lang='lat' dir='ltr'>fit</span> <span class='ocrx_word' id='word_1_351' title='bbox 486 3521 666 3570; x_wconf 85' lang='lat' dir='ltr'>recoiistruire</span> <span class='ocrx_word' id='word_1_352' title='bbox 680 3524 763 3570; x_wconf 85' lang='lat' dir='ltr'>Rome</span> <span class='ocrx_word' id='word_1_353' title='bbox 776 3525 854 3585; x_wconf 74' lang='lat' dir='ltr'>apres</span> <span class='ocrx_word' id='word_1_354' title='bbox 866 3524 1006 3570; x_wconf 80' lang='lat' dir='ltr'>l&#39;incendie</span> <span class='ocrx_word' id='word_1_355' title='bbox 1022 3524 1085 3584; x_wconf 71' lang='lat' dir='ltr'>qu‘il</span> <span class='ocrx_word' id='word_1_356' title='bbox 1103 3524 1175 3570; x_wconf 74' lang='lat' dir='ltr'>avait</span> <span class='ocrx_word' id='word_1_357' title='bbox 1189 3523 1242 3570; x_wconf 95' lang='lat' dir='ltr'>lui-</span> 
     </span>
     <span class='ocr_line' id='line_1_40' title="bbox 237 3584 1244 3692; baseline -0.002 -60"><span class='ocrx_word' id='word_1_358' title='bbox 237 3587 322 3632; x_wconf 77' lang='lat' dir='ltr'>meme</span> <span class='ocrx_word' id='word_1_359' title='bbox 334 3587 431 3632; x_wconf 78' lang='lat' dir='ltr'>alluuie&#39;</span> <span class='ocrx_word' id='word_1_360' title='bbox 443 3589 481 3646; x_wconf 74' lang='grc'>(64</span> <span class='ocrx_word' id='word_1_361' title='bbox 494 3586 572 3646; x_wconf 82' lang='lat' dir='ltr'>apres</span> <span class='ocrx_word' id='word_1_362' title='bbox 584 3586 598 3632; x_wconf 83' lang='lat' dir='ltr'>J</span> <span class='ocrx_word' id='word_1_363' title='bbox 603 3586 663 3646; x_wconf 80' lang='lat' dir='ltr'>.-C.)</span> <span class='ocrx_word' id='word_1_364' title='bbox 676 3601 680 3632; x_wconf 95' lang='lat'><strong>:</strong></span> <span class='ocrx_word' id='word_1_365' title='bbox 694 3605 704 3627; x_wconf 73' lang='grc' dir='ltr'>«ι</span> <span class='ocrx_word' id='word_1_366' title='bbox 715 3587 770 3646; x_wconf 78' lang='lat' dir='ltr'>jam</span> <span class='ocrx_word' id='word_1_367' title='bbox 784 3601 852 3646; x_wconf 85' lang='lat' dir='ltr'>aqua</span> <span class='ocrx_word' id='word_1_368' title='bbox 862 3586 1027 3692; x_wconf 64' lang='lat' dir='ltr'>privatorum</span> <span class='ocrx_word' id='word_1_369' title='bbox 1039 3586 1146 3632; x_wconf 89' lang='lat' dir='ltr'>licentia</span> <span class='ocrx_word' id='word_1_370' title='bbox 1159 3584 1244 3631; x_wconf 90' lang='lat' dir='ltr'>inter-</span> 
     </span>
     <span class='ocr_line' id='line_1_41' title="bbox 236 3647 1245 3709; baseline 0 -15"><span class='ocrx_word' id='word_1_371' title='bbox 236 3651 314 3709; x_wconf 88' lang='lat' dir='ltr'>cepta</span> <span class='ocrx_word' id='word_1_372' title='bbox 327 3662 380 3708; x_wconf 89' lang='lat' dir='ltr'>quo</span> <span class='ocrx_word' id='word_1_373' title='bbox 398 3649 496 3708; x_wconf 78' lang='lat' dir='ltr'>largior</span> <span class='ocrx_word' id='word_1_374' title='bbox 513 3651 539 3693; x_wconf 88' lang='lat' dir='ltr'>et</span> <span class='ocrx_word' id='word_1_375' title='bbox 558 3648 680 3708; x_wconf 87' lang='lat' dir='ltr'>pluribus</span> <span class='ocrx_word' id='word_1_376' title='bbox 700 3649 766 3694; x_wconf 90' lang='lat' dir='ltr'>locis</span> <span class='ocrx_word' id='word_1_377' title='bbox 783 3649 809 3694; x_wconf 91' lang='lat' dir='ltr'>in</span> <span class='ocrx_word' id='word_1_378' title='bbox 828 3662 863 3708; x_wconf 95' lang='lat' dir='ltr'>pu</span> <span class='ocrx_word' id='word_1_379' title='bbox 887 3647 966 3694; x_wconf 91' lang='lat' dir='ltr'>licum</span> <span class='ocrx_word' id='word_1_380' title='bbox 986 3647 1089 3706; x_wconf 84' lang='lat' dir='ltr'>flueret,</span> <span class='ocrx_word' id='word_1_381' title='bbox 1113 3648 1245 3694; x_wconf 83' lang='lat' dir='ltr'>custodes</span> 
     </span>
     <span class='ocr_line' id='line_1_42' title="bbox 236 3709 728 3770; baseline -0.002 -16"><span class='ocrx_word' id='word_1_382' title='bbox 236 3710 354 3756; x_wconf 90' lang='lat' dir='ltr'>destinat</span> <span class='ocrx_word' id='word_1_383' title='bbox 365 3711 455 3770; x_wconf 63' lang='lat' dir='ltr'>litun,</span> <span class='ocrx_word' id='word_1_384' title='bbox 470 3709 528 3766; x_wconf 89' lang='lat' dir='ltr'>XV,</span> <span class='ocrx_word' id='word_1_385' title='bbox 543 3713 590 3770; x_wconf 77' lang='lat' dir='ltr'>la).</span> <span class='ocrx_word' id='word_1_386' title='bbox 712 3722 728 3770; x_wconf 50' lang='lat'><em>3</em></span> 
     </span>
    </p>
   </div>
   <div class='ocr_carea' id='block_1_5' title="bbox 0 0 1353 4244">
    <p class='ocr_par' dir='ltr' id='par_1_6' title="bbox 0 0 1353 4244">
     <span class='ocr_line' id='line_1_43' title="bbox 0 0 1353 4244; baseline 0 0"><span class='ocrx_word' id='word_1_387' title='bbox 0 0 1353 4244; x_wconf 95' lang='lat' dir='ltr'> </span> 
     </span>
    </p>
   </div>
  </div>
 </body>
</html>
