2698 4242
361 135 414 191 17.
437 136 488 192 De
502 135 665 204 Tarquin
685 139 722 193 et
742 138 790 193 du
808 113 1049 204 nespo'tisme.

490 231 537 291 (De
554 231 702 296 Tarquinio
716 233 741 278 et
753 231 917 294 tyrannide.)

146 343 185 406 3⁸
239 347 449 426 Tarquinius*,
480 347 614 426 primum
643 348 751 426 optimi
788 347 880 424 regis*
912 346 994 404 caede
1020 343 1203 414 maculatus

121 431 123 444 ’
167 435 170 444 ’
200 439 319 516 integra
344 447 446 497 mente
472 461 531 498 non
559 449 638 509 erat;
670 448 700 498 et
725 460 794 499 cum
821 446 971 498 metueret
995 439 1059 517 ipse
1081 458 1205 518 poenam

200 535 322 594 sceleris
337 537 384 594 sui
406 557 567 608 summam,
590 537 699 595 metui*
721 558 753 595 se
765 537 897 596 volebat.
928 535 1046 594 Deinde
1067 535 1205 593 victoriis

199 633 378 712 divitiisque
415 633 562 692 subnixus
595 633 769 693 exsultabat
792 634 968 706 insolentia,
1002 653 1100 712 neque
1130 651 1202 690 suos

199 739 300 789 mores
327 752 430 809 regere
460 739 591 810 poterat.
627 751 726 809 neque
754 752 880 790 suorum
913 729 1067 788 libidines.
1095 730 1204 808 ltaque

199 831 268 886 cum
283 827 462 906 major‘ejus
477 828 557 886 filius
571 829 731 898 Lucretiae,
747 828 893 886 Collatini
915 828 1013 897 uxori,
1038 827 1100 885 vim
1121 833 1204 885 attu-

199 923 294 994 lisset,
313 924 482 1004 mulierque
498 925 617 1003 pudens
633 934 663 983 et
678 925 790 983 nobilis
810 925 849 983 ob
866 925 948 982 illam
972 925 1117 1003 injuriam
1138 943 1204 981 sese

199 1021 263 1098 ipsa
274 1030 371 1080 morte
385 1022 590 1092 mutavisset,
605 1030 669 1080 tum
680 1022 727 1079 vir
737 1023 861 1100 ingenio
873 1030 904 1080 et
917 1023 1031 1080 virtute
1042 1028 1202 1101 praestanS,

200 1118 232 1175 L.
249 1118 363 1177 Brutus
375 1119 493 1198 depulit
506 1140 522 1178 a
540 1119 661 1178 civibus
676 1120 739 1178 suis
754 1119 903 1198 injustum
920 1119 995 1177 illud
1009 1108 1094 1176 durae
1108 1117 1205 1175 servi-

199 1217 275 1276 tu'tis
290 1199 426 1295 jugum*.
439 1215 600 1274 Videtisne
616 1216 710 1293 igitur
723 1223 756 1274 ut
771 1215 809 1274 de
822 1217 905 1294 rege*
919 1216 1063 1274 dominus
1079 1215 1205 1272 exstite-

198 1315 249 1384 rit,
265 1314 417 1392 uniusque
431 1313 507 1372 vitio
520 1333 617 1390 genus
631 1313 807 1392 reipublicae
818 1334 855 1371 ex
867 1313 948 1371 bono
960 1314 991 1370 in
1002 1312 1204 1371 deterrimum

198 1430 381 1470 conversum
398 1410 458 1468 sit?
473 1410 532 1468 Hic
549 1418 595 1468 est
610 1411 691 1468 enim
706 1410 851 1468 dominus
866 1409 986 1490 populi,
1001 1430 1092 1489 quem
1106 1407 1206 1467 Graeci

197 1511 326 1586 τύραννον
342 1513 455 1564 vocant
472 1524 478 1566 :
494 1527 567 1564 nam
584 1527 686 1584 regem
701 1507 787 1565 illum
803 1506 915 1565 volunt
927 1527 1003 1574 esse,
1030 1507 1081 1585 qui
1097 1525 1208 1564 consu-

198 1589 237 1662 lit'
250 1611 285 1662 ut
296 1624 406 1682 parens
422 1603 548 1682 popu10,
565 1611 793 1682 conservatque
808 1625 872 1677 605,
893 1604 1005 1682 quibus
1024 1612 1071 1662 est
1086 1625 1208 1685 praepo-

106 1725 108 1732 ,
198 1701 286 1770 situs,
305 1721 396 1778 quam
418 1701 533 1779 optima
557 1701 587 1758 in
608 1700 794 1759 condicione
816 1701 953 1760 vivendi.
977 1701 1055 1758 Sane
1077 1701 1205 1779 bonum,

199 1803 233 1855 ut
247 1797 321 1867 dixi,
339 1797 514 1876 reipublicae
529 1817 636 1873 genus,
660 1797 714 1856 sed
735 1805 838 1856 tamen
860 1797 1045 1856 inclinatum
1067 1806 1097 1856 et
1119 1805 1205 1878 quasi

198 1909 329 1973 pronum
342 1893 380 1952 ad
396 1894 688 1972 perniciosissimum
705 1901 831 1954 statum.
848 1894 947 1952 Simul
963 1900 1055 1973 atque
1066 1897 1147 1954 enim
1172 1921 1203 1957 se

198 1991 317 2049 inflexit
345 1990 394 2049 hic
416 2012 468 2049 rex
492 1991 525 2048 in
548 1992 741 2049 dominatum
765 1991 973 2070 injustiorem,
995 1991 1030 2049 fit
1054 1995 1205 2054 continuo

201 2097 363 2168 tyrannus,
379 2108 439 2167 quo
453 2108 552 2167 neque
565 2089 694 2158 taetrius,
712 2109 811 2168 neque
827 2088 950 2160 loedius,
971 2108 1027 2146 nec
1043 2088 1090 2148 dis
1107 2091 1207 2150 homi-

199 2185 353 2263 nibusque
376 2185 520 2243 invisius*
549 2185 661 2244 animal
689 2185 785 2243 ullum
809 2185 939 2262 cogitari
968 2193 1071 2264 potest
1098 2205 1104 2246 :
1137 2191 1201 2267 qui,

199 2303 387 2361 quamquam
401 2282 500 2360 figura
514 2288 561 2340 est
575 2280 722 2354 hominis,
744 2303 866 2341 morum
891 2291 993 2340 tamen
1014 2283 1206 2345 immanitate

199 2379 500 2437 vastissimasvincit
515 2379 632 2439 beluas.
656 2379 731 2445 Quis
753 2379 836 2436 enim
861 2379 943 2438 hunc
967 2379 1123 2438 hominem
1149 2382 1206 2441 rite

200 2477 322 2547 dixerit,
338 2476 390 2555 qui
406 2475 465 2534 sibi
482 2496 552 2534 eum
569 2476 631 2534 suis
644 2475 775 2548 civibus,
800 2476 851 2555 qui
874 2476 1006 2556 denique
1024 2497 1093 2534 cum
1119 2481 1203 2538 omni

199 2573 359 2632 hominum
373 2592 485 2650 genere
498 2571 618 2630 nullam
632 2572 833 2631 humanitatis
851 2573 1029 2631 societatem
1044 2574 1141 2633 velit?

230 2708 271 2757 N⁰
290 2707 331 2757 17
353 2719 360 2755 ε
381 2705 591 2768 Tarquinius.
605 2706 644 2754 Cf.
658 2710 728 2755 cette
748 2722 814 2768 pege
838 2721 903 2754 avec
926 2709 1006 2755 celles
1024 2709 1059 2755 οὺ
1080 2710 1205 2758 Aristote

199 2769 300 2831 (pout,
320 2768 340 2826 I,
356 2768 465 2829 passim)
481 2771 508 2814 et
522 2768 709 2830 Montesquieu
722 2769 824 2830 (Espril
841 2770 887 2816 des
902 2769 971 2828 Lais,
989 2769 1041 2816 lla
1057 2769 1130 2828 VIII,
1146 2787 1207 2832 pas-

199 2833 259 2892 sim)
273 2834 321 2878 ont
333 2829 441 2890 enalysd
454 2830 482 2876 la
493 2833 586 2876 nature
601 2834 628 2878 et
645 2831 669 2877 le
687 2831 808 2891 principe
825 2832 872 2877 des
892 2832 959 2878 trois
976 2832 1073 2878 formes
1092 2833 1124 2879 de
1142 2849 1205 2894 gou-

201 2894 364 2949 vernement,
379 2895 407 2938 et
420 2891 524 2938 mentre
539 2895 676 2939 comment
686 2893 709 2939 le
726 2893 844 2954 principe
860 2893 892 2938 de
908 2893 1026 2940 chacune
1040 2892 1130 2940 d'elles
1141 2899 1207 2956 peut

200 2970 228 3002 se
242 2967 404 3014 corrompre.
418 2979 448 2987 -
458 2952 570 3014 Regis,
583 2954 691 3001 Servius
703 2955 814 3010 TuIIIus,
827 2969 875 3000 son
889 2954 1040 3016 beau-pere.
1052 2983 1081 2990 -
1091 2957 1206 3006 Metui.

199 3015 295 3063 C'c'tait
313 3013 385 3061 aussi
404 3014 431 3061 la
452 3014 543 3061 devIse
558 3016 590 3062 de
609 3014 725 3063 Tibere:
746 3017 886 3074 «oderint,
910 3017 973 3062 dum
997 3020 1118 3065 metuant
1137 3038 1157 3066 u,
1176 3045 1208 3054 -

199 3079 331 3139 Jugum.
347 3076 414 3123 Volr
425 3075 546 3133 T.·Live,
561 3076 581 3135 I,
595 3081 674 3125 56-60.
694 3104 723 3111 -
738 3079 782 3127 Ut
797 3077 837 3126 de
852 3090 936 3138 rege.
954 3097 965 3119 v
981 3080 1023 3124 Au
1036 3079 1075 3125 roi
1091 3080 1207 3128 succede

200 3141 224 3187 le
237 3143 315 3200 tyran
330 3157 350 3196 u,
367 3138 407 3185 dit
418 3138 512 3200 Duruy
528 3138 606 3200 (Hist.
623 3138 986 3200 desllom.).—1nvisius.
1005 3140 1205 3202 Montesquieu,

200 3201 245 3263 qui
264 3201 332 3247 aime
351 3200 452 3260 parfois
468 3200 494 3246 le
513 3201 656 3261 paradoxe,
679 3204 760 3247 vante
780 3205 909 3261 pourtant
926 3201 989 3248 chez
1006 3201 1123 3263 Tarquin
1144 3223 1155 3245 e
1179 3219 1207 3251 sa

200 3264 318 3310 douceur
330 3275 399 3322 pour
414 3261 453 3309 les
470 3262 581 3323 peuples
600 3263 719 3320 vaincus,
738 3276 780 3308 ses
798 3277 930 3323 ouvrages
946 3263 1061 3323 publics,
1075 3279 1124 3311 son
1142 3280 1207 3313 cou-

200 3339 261 3385 rage
276 3323 328 3400 alla
340 3337 442 3384 guerre,
454 3337 483 3371 sa
493 3327 636 3371 constance
651 3325 717 3371 dans
732 3324 755 3370 le
767 3324 895 3394 malheur,
909 3339 959 3370 une
972 3340 1066 3386 guerre
1083 3325 1115 3372 de
1131 3327 1208 3388 vingt

200 3384 1207 3510 1161111111111111111161111116ῑῖ1111111161

200 3509 355 3556 d'allusions
370 3510 609 3570 contemporaines,
624 3512 651 3556 et
665 3510 722 3555 vise
737 3510 774 3555 les
792 3509 939 3556 triumvirs.
958 3509 1069 3558 Cice'ron
1081 3525 1164 3571 pense
1177 3527 1206 3559 ce

201 3570 264 3631 qu'il
275 3571 323 3631 dit,
337 3573 364 3618 et
375 3571 394 3616 il
407 3571 572 3618 conformem
586 3585 627 3616 ses
648 3573 720 3616 actes
733 3571 747 3616 a
760 3585 802 3617 ses
815 3571 929 3631 paroles.
942 3569 969 3618 Si
982 3571 1006 3618 le
1020 3575 1101 3634 tyran
1114 3578 1156 3620 est
1171 3589 1206 3620 un

201 3635 329 3692 moustre,
342 3633 360 3678 il
375 3633 432 3680 faut
444 3634 467 3679 le
484 3637 550 3680 tuer.
568 3633 600 3678 Et
615 3633 633 3678 il
648 3646 705 3678 sera
722 3631 746 3678 le
765 3633 906 3679 conseiller
926 3634 954 3679 et
974 3633 998 3680 le
1017 3634 1154 3682 consident
1174 3636 1206 3682 de

202 3709 244 3741 ses
264 3694 340 3740 chers
354 3693 537 3756 tyrannicides
548 3692 610 3754 qu’il
624 3709 655 3739 ne
672 3708 746 3740 cessa
764 3691 954 3756 d'encourager
965 3697 993 3743 et
1004 3693 1114 3743 d'eimer
1126 3701 1208 3745 avant

201 3770 304 3802 comme
317 3755 393 3816 apres
406 3758 429 3803 le
443 3760 558 3804 meurtre
575 3756 608 3802 de
619 3755 706 3802 Cesar.

636 3887 811 3938 484.
