2658 4244
430 191 509 246 117.
530 189 736 259 Vespasien
750 182 1025 260 thaumaturge.
1096 167 1100 172 ¹

322 286 447 350 (Caelesti
458 287 575 350 quodam
586 286 675 352 spirare
689 285 778 349 aegris
792 286 914 334 medetur
940 285 1136 350 tapsitanus.)

174 391 214 464 2⁰
269 403 293 461 E
315 403 402 482 plebe
424 403 630 461 Alexandrina
653 403 789 483 quidam,
818 402 978 461 oculorum
995 403 1085 460 tabe*
1104 401 1229 482 notus*,

228 521 327 577 genua
339 501 404 580 ejus
420 499 604 568 advolvitur,
616 500 785 558 remedium
797 500 944 558 caecitatis
957 520 1124 578 exposcens
1135 499 1232 577 gemi-

228 605 273 669 tu,
304 598 424 655 monitu
441 597 613 676 Serapidis*
629 596 689 661 dei,
714 617 804 676 quem
823 596 927 655 dedita
957 595 1232 676 superstitionibus

228 715 302 768 gens
315 701 386 752 ante
402 693 477 752 alios
492 694 582 767 colit;
601 693 845 774 precabaturque
859 693 1030 772 principem
1045 700 1080 752 ut
1095 714 1186 771 genas
1199 700 1233 751 et

228 790 388 849 oculorum
410 790 499 848 orbes
521 791 701 868 dignaretur
725 811 901 870 respergere
919 791 980 849 oris
996 791 1226 848 excremento*.

229 887 314 946 Alius
332 889 475 946 manum*
491 908 581 964 aeger,
599 888 706 946 eodem
722 888 780 946 deo
802 894 938 958 auctore,
963 894 999 945 ut
1017 887 1094 966 pede
1108 907 1144 946 ac
1160 907 1232 944 ves·
1324 893 1325 952 i

230 985 324 1061 ligio*
349 983 478 1043 Caesaris
495 985 665 1043 calcaretur
682 986 800 1044 orabat.
818 985 1025 1064 Vespasianus
1041 985 1141 1062 primo
1156 981 1233 1042 irri-

229 1082 310 1154 dere,
321 1082 493 1161 aspernari;
506 1088 614 1162 atque,
628 1082 688 1140 illis
699 1081 895 1154 instantibus,
916 1081 1007 1140 modo
1018 1081 1130 1140 famam
1142 1081 1232 1140 vani·
1324 1081 1325 1150 ᾖ

228 1179 319 1237 tatis*
329 1186 475 1250 metuere,
489 1180 580 1238 modo
594 1179 805 1238 obsecratione
818 1180 954 1258 ipsorum
967 1186 997 1237 et
1012 1179 1140 1237 vocibus
1154 1178 1234 1236 adu·
1324 1169 1325 1236 l

229 1275 358 1334 lantium
368 1277 398 1334 in
410 1297 494 1357 spem
507 1275 628 1349 induci;
641 1284 798 1356 postremo
810 1276 978 1334 aestimaria
989 1276 1116 1334 medicis
1126 1275 1231 1354 jubet,
1324 1257 1325 1300 l

108 1407 111 1415 Δ
173 1414 175 1418 ,
229 1393 267 1431 an
283 1373 351 1431 talis
363 1374 484 1433 caecitas
498 1394 532 1432 ac
543 1373 683 1432 debilitas
697 1395 754 1453 ope
768 1373 900 1432 bumana
913 1372 1101 1453 superabiles
1116 1373 1231 1431 forent.

230 1469 342 1528 Medici
358 1470 442 1530 varie
463 1470 610 1528 disserere
631 1489 637 1530 :
660 1495 674 1525 «
693 1471 774 1529 Huic
792 1491 853 1529 non
871 1491 992 1530 exesam
1013 1471 1077 1528 vim
1101 1469 1229 1528 luminis
1324 1459 1325 1492 ³

228 1574 260 1624 et
270 1567 448 1638 redituram,
468 1567 492 1624 si
513 1567 701 1646 pellerentur
723 1567 892 1640 obstantia;
910 1567 953 1625 illi
971 1567 1091 1646 elapsos
1108 1567 1140 1624 in
1159 1587 1232 1647 pra·
1324 1595 1325 1628 i

228 1665 320 1722 vum*
333 1673 427 1734 artus,
445 1665 470 1722 si
488 1665 672 1723 salubrisvis
692 1665 885 1735 adhibeatur,
911 1681 999 1744 posse
1019 1664 1178 1741 integrari.
1197 1663 1232 1720 ld
1324 1657 1325 1694 ³

228 1762 357 1820 fortasse
370 1762 456 1820 cordi
472 1762 547 1832 deis,
561 1762 703 1820 etdivino
713 1762 884 1820 ministerio
896 1763 1067 1840 principem
1082 1761 1230 1831 electum;
1324 1751 1325 1792 ³

228 1859 360 1938 denique
384 1860 496 1938 patrati
516 1859 642 1918 remedii
667 1859 796 1936 gloriam
816 1879 910 1938 penes
934 1859 1106 1928 Caesarem
1129 1859 1234 1916 irriti*
1324 1849 1325 1906 Ϊ

228 1956 396 2015 ludibrium
419 1977 510 2036 penes
526 1957 653 2015 miseros
664 1957 740 2016 fore.
755 1981 768 2011 »
789 1958 886 2034 Igitur
898 1956 1103 2035 Vespasianus
1121 1963 1234 2013 cuncta

229 2054 361 2112 fortunae
377 2075 440 2112 suae
451 2061 555 2132 patere
569 2062 663 2123 ratus
677 2053 912 2134 necquidquam
925 2053 1025 2112 ultra*
1038 2053 1233 2124 incredibile,

229 2151 300 2209 laeto
314 2151 378 2230 ipse
392 2151 492 2219 vultu,
515 2153 636 2210 erecta*
658 2172 727 2230 quae
752 2151 893 2210 adstabat
912 2150 1124 2221 multitudine,
1146 2151 1233 2230 jussa
1324 2165 1325 2218 j

229 2249 417 2326 exsequitur.
438 2248 573 2306 Statim*
600 2269 748 2306 conversa
775 2248 812 2306 ad
839 2269 927 2307 usum
952 2269 1071 2317 manue,
1094 2267 1129 2306 ac
1149 2267 1234 2306 caeco
1324 2295 1325 2304 ,

229 2345 341 2402 reluxit
355 2345 430 2402 dies
451 2345 621 2424 Utrumque
638 2346 690 2424 qui
706 2345 874 2403 interfuere
890 2364 1234 2423 nuncquaquememo-

229 2450 309 2513 rant,
326 2456 489 2521 postquam
505 2441 624 2500 nullum
641 2441 801 2500 mendacio
813 2443 957 2521 pretium.
1324 2429 1325 2434 ἵ

259 2565 300 2614 N⁰
316 2565 379 2614 117
397 2576 404 2613 τ
419 2564 522 2622 Tabe,
539 2564 703 2626 l'ophtalmie
721 2565 870 2627 purulente,
887 2565 1026 2626 frequente
1045 2566 1111 2612 dans
1124 2579 1170 2613 ces
1189 2566 1237 2612 eli·
1324 2595 1325 2622 r

229 2629 307 2674 mats.
328 2651 357 2660 —
376 2625 489 2676 NotuS.
511 2627 611 2687 Tacite,
631 2628 676 2689 qui
694 2631 735 2674 est
751 2642 787 2673 un
805 2641 856 2688 peu
874 2628 1075 2688 superstitieux,
1097 2627 1187 2674 donne
1206 2642 1237 2674 ce
1324 2633 1325 2640 ’

229 2689 312 2735 detail
324 2702 392 2749 pour
404 2688 498 2735 laisser
512 2689 640 2736 entendre
654 2703 704 2750 quc
718 2690 742 2736 la
761 2703 791 2735 su
813 2690 931 2736 ercherie
945 2689 1010 2736 etait
1023 2689 1191 2750 impossible.
1207 2716 1237 2724 -
1324 2703 1325 2734 i

230 2749 409 2810 Serapidis,
422 2749 483 2796 dieu
496 2749 630 2812 egyptien,
645 2749 789 2796 identifiea
821 2751 896 2797 luton
908 2753 935 2797 et
945 2752 959 2797 a
971 2751 1084 2812 Jupiter.
1098 2750 1237 2798 Ptolemae
1324 2761 1325 2810 ,

229 2813 267 2859 lui
285 2812 358 2858 eleva
373 2826 408 2857 un
426 2813 524 2873 temple
543 2813 657 2872 fameux,
672 2813 697 2858 le
710 2812 863 2873 Serapeum,
879 2813 1025 2859 ddcourert
1038 2827 1086 2873 par
1099 2812 1235 2872 ltlariette,
1324 2817 1325 2854 ὲ

230 2887 263 2920 en
273 2877 347 2920 11851.
364 2899 393 2908 —
410 2873 485 2923 Oris
502 2875 719 2934 excremento,
733 2873 889 2935 periphrase
902 2889 970 2936 pour
987 2875 1044 2920 dire
1057 2874 1082 2920 la
1100 2875 1194 2921 salive.
1207 2901 1238 2909 -
1324 2873 1325 2930 ξ

229 2936 374 2994 Manum,
388 2936 521 2981 accusatis
531 2937 563 2982 de
574 2936 598 2982 la
611 2936 705 2996 partie.
718 2961 747 2970 -
758 2936 843 2984 Pede
853 2948 895 2986 ae
907 2934 1057 2997 vestigio,
1069 2935 1237 2996 hendiadyin

230 3012 298 3058 pour
308 2995 421 3059 uestigio
430 2995 517 3058 pedis.
531 3023 561 3032 -
574 2998 712 3047 Famam
726 2996 934 3047 vanitatis:
949 2997 1056 3057 famam,
1071 2995 1094 3044 si
1109 3011 1152 3044 res
1168 3011 1238 3044 vana

229 3057 325 3120 futura
343 3057 385 3104 sit.
406 3082 435 3091 —
449 3059 602 3107 Pravum.
622 3059 642 3105 ll
661 3057 737 3119 s'agit
757 3057 834 3105 d'une
852 3059 981 3132 luxation²
1001 3057 1079 3105 d'une
1096 3057 1236 3106 deviation

229 3119 292 3181 qu'il
307 3120 379 3166 suffit
395 3119 427 3166 de
445 3119 558 3181 reduire,
575 3135 643 3181 pour
655 3121 743 3182 gue'rir
758 3121 783 3168 le
800 3121 861 3168 mal.
874 3147 905 3155 -
920 3120 1020 3181 Irrlti,
1037 3122 1236 3168 sous-entendu
1324 3139 1325 3182 ,

231 3181 350 3258 remedii.
363 3207 391 3214 —
405 3181 503 3252 Ultra
515 3200 546 3224 =
553 3181 621 3256 jam.
634 3209 664 3217 -
674 3183 795 3232 Ereeta
806 3196 812 3229 ε
825 3183 851 3229 la
864 3183 934 3229 foule
947 3183 1040 3229 attend
1050 3196 1116 3228 avec
1126 3183 1236 3258 anxiet&
1324 3219 1325 3236 r

229 3242 1139 3367 {antitistisvastatisa?fatiat?attigisset?
1148 3259 1239 3352 5⁰fo

230 3381 258 3412 se
271 3367 389 3427 rappelle
405 3381 456 3427 que
475 3367 622 3428 Vespasien
637 3368 702 3414 e'tait
714 3365 785 3414 l'ami
798 3369 824 3414 et
834 3367 858 3414 le
872 3368 984 3428 disciple
1000 3365 1189 3427 d'Apollonius
1203 3368 1237 3414 de
1324 3371 1325 3430 ξ

230 3427 331 3489 Tyana,
345 3428 368 3474 le
383 3429 441 3489 plus
453 3429 558 3475 fameux
571 3430 756 3489 thaumaturge
771 3430 804 3475 de
817 3426 976 3490 t’antiquite'.
991 3429 1068 3486 Mais,
1083 3442 1115 3474 en
1129 3427 1249 3484 Orioni,-

230 3490 254 3536 le
271 3491 443 3537 merveilleux
456 3495 497 3537 est
512 3492 632 3552 touJ'ours
645 3491 808 3550 necessaire;
822 3489 887 3537 c'est
903 3491 927 3538 le
943 3505 1039 3552 moyen
1055 3487 1172 3537 d'action
1191 3491 1238 3550 qui
1324 3491 1325 3548 i

232 3565 345 3612 manque
360 3552 384 3597 le
396 3553 456 3612 plus
469 3556 602 3599 rarement
615 3567 662 3599 san
679 3551 735 3599 but.
751 3552 784 3599 Et
797 3552 866 3613 puis,
885 3552 1034 3613 Vespasien
1047 3551 1139 3598 venait
1153 3551 1240 3598 d'etre
1324 3559 1325 3594 t

230 3612 273 3658 ela
286 3627 425 3674 empereur
438 3629 486 3674 par
497 3614 536 3661 les
546 3614 647 3675 legions
660 3612 797 3661 d'Orient:
812 3629 844 3660 en
857 3629 892 3660 un
904 3615 940 3661 tel
951 3629 1018 3676 pays
1031 3615 1057 3660 et
1070 3627 1102 3659 en
1114 3613 1146 3658 de
1162 3615 1240 3660 telles
1324 3615 1325 3676 l

230 3689 413 3734 occurrences,
423 3678 493 3722 cette
506 3677 631 3724 conduite
645 3676 709 3722 etait
720 3675 816 3722 habile.
827 3674 911 3730 Qu'un
923 3690 1042 3738 parvenu
1052 3675 1086 3720 fit
1095 3688 1242 3723 consecrer
1324 3691 1325 3750 q

230 3751 258 3782 sa
271 3737 375 3782 fortune
390 3752 437 3798 par
451 3737 566 3798 Se'rapis,
580 3739 604 3784 le
617 3738 700 3798 grand
713 3737 774 3783 dieu
786 3737 832 3784 des
846 3737 1003 3799 Egyptiens,
1018 3739 1045 3783 et
1055 3734 1136 3797 qu'un
1149 3751 1240 3799 empe-
1324 3755 1325 3794 j

231 3811 292 3842 reur
307 3798 428 3858 plebeien
449 3802 588 3868 rapportat
600 3801 613 3845 a
626 3800 718 3858 Rome,
733 3799 748 3844 d
761 3798 853 3845 defaut
864 3799 897 3846 de
909 3799 1056 3860 l’adoption
1070 3799 1117 3846 des
1129 3797 1238 3860 Ce'sars,
1324 3797 1325 3860 l

230 3857 376 3920 l'adoption
390 3861 436 3907 des
450 3861 537 3907 Dieux
551 3875 556 3907 ι
571 3859 660 3908 c'etait
672 3875 723 3919 une
735 3861 825 3907 afl'aire
838 3861 901 3908 bien
915 3862 1048 3909 canduite.
1324 3861 1325 3870 ¹

652 3960 810 4011 -118-
