2698 4242
286 144 353 202 33..
365 143 531 222 L’arme'e
546 145 769 203 d’Hannibal
785 148 880 204 dans
900 146 956 203 les
977 143 1120 205 mareis
1138 154 1183 206 ue

668 235 803 292 l’Arno.

346 363 517 426 (Hannibalis
533 365 669 414 exereitus
682 379 734 430 per
748 363 819 414 Arni
830 365 960 430 paludem
979 367 1030 415 iter
1042 364 1131 432 facit.)

179 563 220 628 2⁰
233 622 239 648 ,
274 568 405 648 Hispani
416 576 447 627 et
457 566 535 640 Afri,
546 590 605 648 qua
617 569 729 629 modo*
739 570 915 648 praeirent*
935 570 1040 646 duces,
1058 591 1113 650 per
1124 569 1237 649 praeal·
1332 635 1333 652 1

234 673 280 725 tas
289 665 376 724 fluvii
386 686 420 724 ac
428 665 598 744 profundas
610 667 783 743 voragines,
796 666 898 726 hausti
907 687 1006 746 paene
1021 667 1096 726 limo
1113 667 1237 725 immer-
1332 659 1333 670 ἶ

220 771 401 842 ιςοηὶθεῳιο
439 783 481 835 se,
514 769 618 822 tamen
646 764 732 840 signa
767 763 860 843 primi
895 765 1117 844 sequebantur.
1157 762 1239 822 Galli

233 879 333 938 neque
356 859 506 918 sustinere
534 881 564 918 se
590 859 725 940 prolapsi
750 881 849 940 neque
872 881 1031 940 assurgere
1054 882 1093 920 ex
1115 861 1238 938 voragi-

222 943 323 1014 nibus
347 963 500 1035 poterant,
523 977 578 1015 nec
601 965 655 1016 aut
679 978 809 1037 corpora
832 957 943 1016 animis
969 965 1024 1017 aut
1047 957 1167 1016 animos
1186 978 1239 1036 spe

232 1053 436 1123 sustinebant,
460 1053 511 1112 alii
530 1053 609 1112 fessa
633 1074 723 1132 aegre
743 1054 902 1113 trahentes
922 1055 1069 1119 membra.
1095 1054 1160 1126 alii,
1187 1054 1239 1113 ubi

232 1150 326 1230 semel
350 1150 441 1208 vietis
456 1149 557 1209 taedio
579 1151 689 1210 animis
710 1151 979 1231 procubuissent*,
997 1151 1078 1210 inter
1095 1151 1238 1230 jumenta

233 1233 264 1305 ot
288 1247 353 1326 ipsa
372 1247 508 1327 jacentia
525 1248 640 1326 passim
654 1249 832 1307 morientes
859 1248 1057 1329 Maximeque
1078 1247 1239 1307 omnium*

233 1344 356 1422 vigiliae
376 1343 591 1417 conficiebant,
614 1366 669 1424 per
690 1345 898 1426 quadriduum
911 1346 977 1424 jam
997 1352 1029 1404 et
1049 1352 1110 1404 tres
1131 1353 1239 1404 noctes

232 1439 390 1500 toleratae.
417 1440 507 1516 Cum,
533 1441 636 1500 omnia
661 1441 875 1500 obtinentibus
900 1441 999 1521 aquiS,
1022 1441 1099 1500 nihil
1128 1441 1180 1501 ubi
1208 1441 1240 1500 in

232 1537 314 1596 sicco
334 1537 412 1596 fessa
429 1545 602 1596 sternerent
622 1558 752 1618 corpora
777 1539 910 1597 inveniri
927 1545 1043 1618 posset,
1068 1539 1237 1598 cumulatis

232 1635 264 1718 in
286 1655 366 1715 aqua
388 1635 515 1694 sarcinis
536 1635 662 1714 insuper
687 1635 918 1707 incumbebant,
946 1642 1001 1694 aut
1017 1635 1236 1714 jumentorum

233 1733 343 1790 itinere
354 1737 419 1790 toto
427 1739 652 1811 prostratorum
663 1733 777 1812 passim
788 1732 889 1791 acervi
905 1740 1026 1791 tantum
1043 1733 1127 1812 quod
1141 1741 1240 1791 exsta-

164 1833 168 1840 '
233 1837 280 1888 ret
295 1849 372 1908 aqua
386 1829 623 1908 quaerentibus*
637 1829 674 1888 ad
685 1830 818 1908 quietem
835 1829 923 1909 parvi
938 1830 1086 1909 temporis
1103 1850 1241 1889 necessa-

233 1926 312 1985 rium
329 1927 430 1984 cubile
445 1925 570 1986 dabant.
589 1926 844 2010 Ipse'llannibal,
862 1947 952 2006 aeger
971 1926 1069 1985 oculis
1089 1947 1128 1986 ex
1144 1947 1239 1986 verna

232 2023 366 2102 primum
378 2023 570 2101 intemperie,
581 2023 719 2082 variante
727 2023 843 2083 calores
856 2024 1044 2103 frigoraque,
1058 2023 1237 2103 elephantO,

233 2120 286 2198 qui
303 2141 381 2178 unus
400 2120 605 2199 superfuerat,
620 2142 682 2201 quo
698 2120 790 2179 altius
812 2121 850 2180 ab
870 2142 949 2200 aqua
964 2129 1099 2179 exstaret
1114 2128 1235 2191 vectuS,
1332 2113 1333 2120 ἶ

234 2217 348 2295 vigiliis
368 2225 470 2275 tamen
497 2224 528 2275 et
549 2224 702 2276 nocturno
723 2239 829 2277 umore
847 2218 1037 2298 palustrique
1060 2217 1146 2276 caelo
1171 2237 1232 2294 gra·

234 2316 346 2372 vante*
361 2321 465 2393 caput,
485 2321 516 2372 et
535 2314 607 2393 quia
622 2313 765 2374 medendi
779 2336 836 2374 nec
847 2315 934 2377 locus
949 2336 1007 2374 nec
1023 2323 1146 2394 tempus
1160 2323 1236 2385 erat,

234 2410 330 2470 altero
349 2410 439 2469 oculo
459 2411 612 2491 capitur*.

233 2653 264 2664 —-
278 2627 387 2678 Aceto.
411 2628 450 2678 Cf.
468 2627 590 2688 Juvenal,
604 2629 667 2690 Sat,
682 2629 714 2688 X,
726 2634 771 2678 153
792 2645 798 2679 ι
818 2630 930 2680 Diducil
943 2632 1068 2741 scopulos
1085 2632 1111 2679 et
1124 2633 1241 2679 montem

234 2689 439 2762 rumpitaceto.
455 2709 466 2734 a
481 2691 530 2738 Les
550 2692 658 2739 ancicns
678 2693 811 2741 semblent
827 2695 903 2741 avoir
919 2709 966 2741 cru
1015 2697 1086 2741 cette
1104 2693 1243 2755 propriete

233 2753 270 2800 du
280 2765 408 2861 vinagio,
426 2755 458 2825 et.
473 2753 547 2825 illest
564 2754 683 2825 possible
725 2754 886 2833 u‘llannibal
902 2756 939 2803 ait
961 2771 993 2802 en
1011 2756 1074 2828 ellet
1096 2755 1192 2816 essaye
1211 2770 1243 2801 ce

232 2826 347 2872 moven:
373 2827 421 2866 eeu
434 2815 702 2878 v1na1greeeta1tune
735 2831 826 2864 orsson
837 2832 872 2878 qu
882 2831 916 2864 on
929 2818 1040 2865 donnart
1052 2831 1103 2864 aux
1116 2816 1219 2864 soldats
1229 2835 1241 2858 n

233 2869 392 2945 (Riemann),

266 2995 306 3043 Ν0
319 2993 362 3044 33
381 3008 386 3040 :
406 2994 478 3055 Qua
496 2993 597 3054 modo,
612 2993 644 3040 ils
660 2993 796 3056 passaient
815 2991 956 3054 n'importe
976 2993 1019 3052 ob,
1040 3007 1145 3054 pourvu
1164 2992 1243 3054 qu'ils

233 3059 344 3116 ,eussent
368 3057 414 3102 des
436 3055 538 3118 guides.
560 3081 591 3089 -
612 3055 782 3114 Praestent,
805 3055 955 3114 subjonctif
975 3055 1007 3102 de
1033 3055 1186 3116 repetition.
1213 3081 1242 3090 -

234 3117 500 3170 Procubuissent‚
515 3115 665 3176 subjunctis
677 3117 709 3163 de
725 3116 877 3178 repetition.
889 3144 920 3150 -
930 3115 1079 3165 Omnium
1090 3115 1195 3177 depend
1209 3117 1242 3163 de

236 3178 359 3228 unanime.
379 3205 408 3214 —
428 3177 666 3239 Quaerentibus.
689 3177 857 3225 Construisez
882 3191 887 3224 :
916 3177 1004 3224 acerui
1021 3177 1241 3240 jumentorum...

235 3241 336 3288 dabant
353 3239 539 3303 quarentibus
553 3239 657 3286 tantum
675 3239 747 3301 quod
762 3241 801 3300 (z
811 3238 917 3302 aliquid
935 3240 1017 3302 quod)
1036 3240 1152 3286 exstaret
1170 3254 1243 3302 aqua

235 3302 326 3350 cubile
337 3301 518 3349 necessarium
528 3301 561 3349 ad
575 3299 780 3370 quietemparui
793 3300 928 3363 temporis.
938 3328 968 3334 —
979 3301 1159 3358 Gravante,
1171 3301 1243 3348 abla-

235 3365 270 3412 tif
280 3363 381 3422 absolu,
400 3379 428 3410 se
441 3366 567 3426 rapporte
582 3361 722 3426 evigiliis,
738 3363 855 3410 tumore
869 3367 895 3409 et
908 3363 1006 3419 ecaelo,
1024 3363 1090 3409 mais
1107 3361 1244 3410 s'accorde
1332 3383 1333 3386 ¹

235 3427 382 3473 seulement
394 3440 459 3472 avec
472 3425 536 3472 eaelo
552 3423 636 3487 (lain,
650 3425 757 3472 suivant
771 3439 806 3470 un
817 3439 896 3486 usage
908 3424 1040 3486 frequent.
1054 3451 1083 3458 —-
1094 3423 1242 3486 Capitur.

236 3487 374 3535 Construit
387 3487 553 3548 quelquefois
566 3501 630 3534 avec
644 3500 683 3544 ea,
696 3487 762 3532 chez'
771 3486 808 3546 les
825 3487 927 3546 poetes,
941 3486 1007 3533 dans
1021 3486 1044 3532 le
1059 3487 1144 3532 meme
1159 3501 1221 3533 sens
1236 3501 1241 3534 :

235 3550 289 3597 Nec
302 3548 381 3608 facile
392 3563 424 3596 aa
434 3550 507 3595 aestu
520 3563 566 3595 nec
579 3547 684 3610 frigore
700 3548 772 3610 quod
785 3548 926 3610 'caperetur
937 3548 1112 3608 (Lucrece,V,
1122 3549 1186 3608 927).
1202 3548 1242 3596 Cf.

235 3609 349 3658 Juvenal
364 3625 391 3658 se
408 3613 539 3671 moquaut
556 3609 630 3661 de,la
646 3609 728 3671 gloire
741 3611 865 3656 humaine
883 3607 955 3669 (Sat,
970 3609 1003 3669 X,
1020 3609 1073 3666 157)
1091 3623 1097 3656 ι
1114 3608 1133 3656 Ο
1150 3609 1243 3672 qualia
1332 3629 1333 3634 ¹

235 3671 318 3733 facies
328 3671 438 3736 etquali
451 3671 534 3736 digna
547 3671 654 3731 tabella,
665 3670 732 3719 Cum
743 3671 844 3736 gaetulo
857 3671 951 3718 ducem
957 3670 1082 3736 portaret
1093 3669 1174 3718 belua
1187 3671 1241 3719 lus·

236 3736 312 3783 cum!
907 3746 911 3751 ·

667 3901 806 3955 ,34-
