2664 4234
305 121 389 178 458.
411 118 560 188 Origine
580 117 701 174 divine
716 116 885 174 del'eme.

402 214 449 278 (De
461 214 551 263 divina
564 213 647 262 enimi
660 213 784 276 origine.)

132 365 336 445 Animorum*
348 365 431 425 nulla
447 365 478 423 in
494 364 584 424 terris
607 365 693 441 origo
717 363 847 421 inveniri
863 368 988 442 potest,
1015 357 1090 418 nihil
1107 321 1149 384 3⁶

90 464 174 521 enim
190 471 236 522 est
251 463 282 521 in
298 463 408 521 animis
424 462 553 519 mixtum
577 468 668 540 atque
683 468 871 530 concretum,
887 465 938 518 aut
957 456 1038 538 quod
1057 477 1093 514 ex

87 567 174 618 terra
190 567 294 618 natum
310 573 400 639 atque
415 560 521 617 fiotum
535 579 600 616 esse
619 557 777 627 videatur3
791 557 868 614 nihil
888 577 926 614 ne
946 562 998 614 aut
1019 554 1094 612 umi-

92 657 167 715 dum
184 656 319 737 quidem,
337 663 391 715 aut
405 655 517 725 flabile,
535 662 588 713 aut
599 655 735 732 igneum.
750 654 807 712 His
817 653 898 711 enim
914 654 944 710 in
960 651 1095 710 naturis*

92 753 170 811 nihil
209 753 288 811 inest
318 753 401 832 quod
430 753 492 810 vim
525 752 704 825 memoriae,
741 750 863 822 mentis,
899 747 1095 828 cogitationis

92 850 217 920 habeat,
235 850 318 928 quod
335 857 365 908 et
380 849 542 929 praeterita
562 855 677 918 teneat,
696 854 726 906 et
740 846 844 906 lutura
869 845 1045 926 provideat,
1066 851 1096 902 et

93 947 259 1026 complecti
278 937 376 1026 possit
394 945 585 1026 praesentia*
602 964 608 1006 :
626 966 704 1024 quae
715 944 799 1004 sola*
815 944 918 1001 divina
935 951 1016 1001 sunt.
1033 941 1097 999 Nec

93 1044 269 1102 invenietur
296 1063 454 1123 umquam,
481 1042 560 1102 unde
582 1042 619 1101 ad
648 1041 808 1100 hominem
846 1040 948 1098 venire
977 1039 1119 1118 possint

94 1139 180 1198 nisia
195 1141 272 1199 De0.
288 1139 460 1217 Singularis
472 1148 518 1198 est
532 1139 628 1217 igitur
639 1139 789 1218 quaedam
807 1145 916 1196 natura
935 1144 1027 1216 atque
1049 1134 1096 1192 vis

92 1237 200 1309 animi,
234 1237 373 1316 sejuncta
405 1236 443 1295 ab
473 1236 520 1294 his
553 1236 693 1295 usitatis*
725 1236 867 1314 notisque
896 1233 1024 1292 naturis.
1051 1232 1096 1289 lta

94 1333 246 1413 quidquid
269 1341 315 1392 est
336 1333 411 1391 illud
433 1333 517 1412 quod
543 1333 647 1404 sentit,
675 1333 756 1410 quod
780 1332 870 1410 sapit,
898 1329 981 1409 quod
1005 1328 1094 1399 vivit,

94 1429 178 1508 quod
196 1430 290 1508 viget,
303 1430 435 1489 caeleste
449 1437 479 1488 et
494 1429 633 1488 divinum
650 1437 706 1500 est,
721 1429 762 1488 ob
779 1448 906 1506 eamque
919 1447 981 1485 rem
998 1434 1096 1485 aeter-

96 1547 171 1585 num
190 1527 230 1586 sit
245 1547 368 1585 necesse
383 1535 441 1586 est.
459 1525 522 1584 Nec
540 1547 614 1584 vero
628 1526 714 1584 Deus
726 1525 791 1604 ipse
805 1525 858 1604 qui
876 1523 1065 1602 intellegitur
1079 1542 1096 1579 a

96 1625 198 1696 nobiS,
215 1624 276 1683 alio
293 1623 385 1683 modo
400 1623 536 1701 intellegi
553 1623 682 1701 potest*,
697 1622 756 1680 nisi
778 1642 863 1680 mens
885 1621 984 1679 soluta
1005 1640 1097 1700 quae-

95 1720 166 1778 dam
191 1728 220 1779 el
247 1720 353 1792 libera,
371 1729 529 1798 segregata
554 1719 592 1778 ab
614 1720 698 1778 omni
721 1719 935 1777 concretione*
961 1715 1095 1789 mortali,
1166 1720 1175 1733 “

96 1819 260 1898 omniaque
287 1817 422 1876 sentiens
450 1825 481 1875 et
515 1837 654 1888 movens,
686 1817 813 1896 ipsaque
841 1815 980 1895 praedita
1011 1822 1096 1871 motu

98 1915 314 1995 sempitern0*.

126 2065 167 2114 Νο
180 2063 246 2114 458
260 2079 266 2112 z
280 2063 475 2115 Animorum.
485 2063 553 2112 Voir
566 2078 612 2110 sur
623 2077 654 2111 oe
668 2077 788 2126 passage,
802 2063 836 2111 οὺ
851 2061 971 2120 ciceron,
992 2059 1097 2122 s'inspi-

97 2130 156 2172 rant
169 2127 204 2172 du
215 2128 270 2196 περὶ
283 2129 382 2186 πένθους
395 2127 427 2172 de
438 2125 560 2184 Crantor,
573 2126 657 2172 essaie
672 2125 705 2172 de
717 2139 745 2172 se
756 2125 878 2172 consoler
889 2125 921 2171 de
931 2125 956 2170 le
973 2127 1043 2170 mort
1064 2124 1097 2170 de

96 2211 125 2242 sa
138 2196 198 2247 fille,
212 2198 249 2242 les
263 2196 466 2243 commentaires
479 2197 511 2242 de
522 2195 621 2242 Stobee
635 2195 737 2258 (Eclop.
746 2195 836 2257 phys,
849 2210 874 2256 p.
889 2194 936 2254 91),
950 2194 983 2240 de
995 2194 1096 2253 Longin

96 2259 177 2319 (apud
189 2258 295 2313 Euseb.,
309 2257 403 2319 Praep.
417 2258 529 2319 Evanp,
546 2257 604 2316 XV,
618 2257 666 2317 21),
678 2260 704 2303 et
716 2258 749 2303 de
762 2256 892 2303 Lactance
905 2256 949 2316 qui
961 2255 985 2302 le
998 2256 1050 2302 cite
1063 2270 1095 2301 en

97 2321 182 2382 partie
192 2318 283 2377 (delre
294 2318 352 2375 Dei,
366 2319 413 2379 10).
421 2318 605 2376 -Neturls‚
617 2319 655 2364 les
663 2320 756 2380 quatre
765 2318 892 2364 e'lements
900 2317 1023 2378 indiques
1031 2318 1097 2363 dans

96 2383 121 2428 la
133 2381 228 2442 phrase
241 2380 402 2442 precedente
415 2395 420 2428 :
435 2395 467 2427 ee
480 2381 561 2435 terra,
585 2379 716 2438 umidum,
734 2378 833 2441 flabile,
849 2378 965 2442 igneum.
986 2378 1026 2426 On
1045 2379 1097 2425 sait

98 2458 148 2505 que
169 2443 206 2488 les
220 2442 306 2492 eccles
326 2442 549 2504 philosophiques
567 2442 600 2487 de
614 2442 639 2488 la
654 2440 748 2500 Gr'ece,
767 2441 930 2488 anterieures
946 2441 961 2487 a
976 2439 1095 2500 Socrate,

97 2505 278 2565 expliquaient
291 2505 315 2550 la
328 2507 422 2551 nature
435 2507 463 2551 et
479 2502 602 2550 l‘homme
621 2517 670 2564 par
686 2503 723 2550 les
741 2507 834 2563 quatre
854 2501 991 2549 elements.
1009 2502 1096 2562 Apres

97 2566 215 2620 Socrate,
227 2566 265 2612 les
280 2565 411 2613 Stolciens
424 2565 605 2626 expliquaient
622 2579 717 2611 encore
732 2565 756 2610 la
775 2564 916 2611 formation
937 2564 983 2610 des
1003 2566 1096 2624 quatre

97 2628 227 2674 clemente
256 2642 303 2688 par
327 2627 350 2673 la
373 2627 564 2674 condensation
590 2627 626 2672 du
650 2626 731 2672 lluide
746 2625 829 2672 ether.
856 2625 926 2672 Pom·
945 2639 994 2671 eux
1022 2624 1096 2670 l'eme

98 2690 222 2735 liumalne
244 2693 286 2736 est
303 2703 353 2735 une
366 2689 480 2750 parcelle
491 2690 523 2735 de
540 2703 570 2734 ce
587 2688 630 2734 leu
645 2688 691 2748 qui
708 2688 795 2734 anime
808 2691 869 2733 tous
882 2687 920 2733 les
935 2689 1014 2742 etres,
1030 2691 1057 2732 et
1072 2688 1097 2733 la

98 2751 201 2796 science
213 2751 287 2796 vient
309 2751 384 2798 dela
407 2749 609 2797 concentration
631 2750 664 2794 de
683 2747 777 2795 l'e'ther
795 2749 839 2809 qui
863 2763 928 2795 nous
952 2749 1046 2794 anime.
1066 2775 1097 2782 -

98 2811 302 2862 Praesentia.
317 2813 383 2858 Voir
395 2827 429 2858 un
442 2811 599 2872 magnifique
615 2811 688 2870 eloge
702 2811 747 2856 des
763 2809 874 2857 lucullos
893 2809 1096 2857 intellectuelles

98 2875 163 2920 dans
177 2873 200 2920 le
218 2874 249 2921 cle
268 2873 517 2929 n'aturadeor.,11,
539 2877 576 2919 59:
591 2893 602 2914 «ι
616 2872 675 2919 lam
692 2887 754 2923 vero
773 2871 892 2920 animum
912 2871 1008 2933 ipsum,
1027 2885 1097 2919 men-

100 2939 205 2998 temque
237 2934 384 2992 lentinum,
415 2935 554 2992 rationem,
586 2932 739 2991 consilium,
761 2933 943 3004 prudentiam,
969 2932 1017 2995 qui
1044 2948 1097 2981 non

99 2997 261 3044 divinacura
272 2996 391 3059 perfecta
404 3011 459 3043 esse
469 3010 533 3059 pers
554 2995 608 3053 icit,
626 2995 647 3042 is
665 2995 706 3042 his
720 2995 784 3058 ipsts
805 2995 884 3042 relms
904 2993 1012 3042 ridetur
1030 2994 1097 3041 mihi

99 3073 189 3106 carere
203 3079 223 3106 u.
239 3058 278 3105 cf.
293 3074 343 3104 une
358 3059 405 3106 des
418 3059 476 3119 plus
488 3011 570 3104 belles
586 3059 678 3104 lettres
696 3059 728 3104 de
748 3058 868 3117 seneque
879 3056 922 3118 (ad
935 3055 1029 3112 Lucil„
1042 3058 1095 3117 102)

99 3135 143 3166 sur
155 3121 178 3166 la
187 3121 319 3180 grandem·
332 3121 363 3166 de
376 3118 476 3180 l'esprit
487 3120 603 3166 humain.
615 3146 644 3154 -
655 3119 743 3179 Quae
758 3120 837 3168 sola.
848 3118 958 3165 Ciceron
968 3122 1032 3166 veut
1041 3119 1096 3165 dire

99 3197 149 3243 que
169 3196 212 3228 ces
230 3181 341 3228 l'acultes
365 3196 396 3228 ne
410 3185 526 3242 peuvent
543 3183 599 3227 etre
618 3195 669 3241 que
687 3180 799 3228 divinos.
819 3180 1098 3227 Grammaticalement

120 3258 167 3290 uae
180 3259 207 3290 se
219 3247 344 3304 rapporte
360 3243 485 3305 equod...
501 3241 605 3298 habeat,
620 3242 720 3303 quod...
736 3241 832 3303 possit,
851 3243 1030 3302 legiquement
1046 3257 1098 3288 aux

99 3259 210 3352 incultos
231 3304 377 3364 (memoria,
401 3318 482 3361 mens,
506 3302 642 3366 cogitatio)
663 3318 714 3365 que
736 3319 780 3350 ces
804 3307 873 3350 niols
892 3304 1039 3363 indiquent.
1068 3330 1098 3338 —

99 3365 271 3417 Usitatis...
298 3365 436 3423 naturis,
455 3366 562 3426 designo
584 3379 687 3414 comme
711 3365 769 3426 plus
790 3366 854 3412 haut
872 3365 910 3412 les
932 3368 1025 3425 quatre
1045 3364 1098 3411 ele-

99 3432 193 3476 ments.
219 3454 248 3462 -
272 3427 422 3488 Intellegi
444 3430 561 3488 potest.
580 3427 653 3474 Dans
676 3428 700 3474 le
727 3427 855 3474 Discours
874 3426 906 3473 de
922 3426 948 3473 la
968 3425 1096 3484 Me'thode‚

100 3490 242 3536 Descartes
259 3503 361 3550 prouve
374 3490 388 3535 a
402 3504 452 3550 peu
466 3489 526 3549 pres
540 3490 572 3535 de
583 3488 607 3534 la
619 3490 704 3535 meme
720 3488 806 3545 lacon,
821 3491 847 3534 et
864 3503 911 3548 par
930 3502 980 3548 pur
998 3488 1099 3534 raison-

99 3554 215 3607 nement,
236 3549 390 3597 l'cxistence
401 3551 433 3597 de
446 3551 514 3598 Dieu
527 3565 558 3597 en
571 3549 729 3611 s'appuyant
742 3565 788 3596 sur
800 3548 875 3596 l’idee
891 3549 952 3595 d'un
970 3551 1025 3596 etre
1038 3564 1099 3610 par-

100 3614 154 3660 fait.
180 3640 209 3646 -
231 3611 443 3662 concretione
466 3633 496 3654 =
518 3612 590 3674 qnod
612 3611 746 3659 concrevit
770 3611 812 3658 ael
831 3613 986 3658 concretum
1007 3614 1045 3658 est
1067 3626 1099 3658 ee

98 3673 224 3737 pluribus
239 3674 350 3720 naturis.
370 3701 399 3709 —
417 3674 508 3722 Motu
522 3673 728 3734 sempiterno.
744 3674 863 3720 Aristote
876 3687 891 3719 a
902 3672 1004 3733 prouve
1017 3671 1100 3720 lexis-

101 3741 175 3784 tence
186 3737 219 3782 de
228 3736 296 3782 Dieu
308 3751 355 3796 par
364 3735 388 3782 la
401 3735 532 3783 necessite'
545 3733 607 3782 d'un
620 3736 734 3795 premier
746 3739 859 3784 moteur.

526 3878 678 3927 -4612
