2698 4234
399 181 403 188 ,
476 121 559 178 374.
579 123 628 178 Le
644 123 780 192 spleen.
822 191 824 195 ,

402 234 449 298 (De
463 235 548 284 taedio
561 237 587 284 et
602 235 773 300 displicentia
782 237 845 302 sui.)

164 433 267 492 Hinc*
282 432 358 491 illud
374 439 421 490 est
434 431 571 490 taedium
589 440 620 490 ei
634 431 847 511 displicentia*
863 434 909 492 sui
927 441 958 493 et
971 455 1121 514 nusquam
1139 445 1176 515 2⁸

123 531 287 591 residentis
308 529 401 589 animi
423 529 574 588 volutatio
601 536 631 589 et
654 530 709 588 otii
732 531 778 588 sui
801 531 896 590 tristis
923 539 1015 612 atque
1031 552 1123 610 aegra
1146 603 1150 610 f

122 628 273 710 patientia
285 631 306 700 *,
318 627 422 706 utique
433 626 483 684 ubi
492 647 599 685 causas
609 627 696 687 fateri
707 627 801 707 pudet
811 635 842 686 et
853 636 1003 688 tormenta
1013 629 1123 688 intror-

123 748 173 786 sus
197 726 260 803 egit
287 724 482 798 verecundia,
500 724 540 808 ,in
561 730 752 804 angustoque
780 725 916 785 inclusae
938 727 1123 806 cupiditates

123 825 188 882 sine
202 823 285 882 exitu
299 843 330 880 se
349 821 433 901 ipsae
449 821 667 900 strangulant*.
686 822 761 880 lnde
788 824 927 881 maeror*
942 845 1122 902 marcorque

121 928 153 980 et
180 920 263 980 mille
287 920 399 978 fluctus
423 919 534 976 mentis
562 919 707 993 incertae,
733 941 825 1000 quam
845 921 988 996 inchoata
1008 921 1146 998 habent¹

121 1037 313 1097 suspensam,
338 1016 514 1095 deplorata*
533 1016 662 1075 tristem.
688 1017 782 1074 lnde*
799 1017 851 1076 ille
870 1017 1009 1076 adfectus
1024 1018 1121 1094 otium

121 1136 211 1173 suum
234 1113 452 1172 detestantium
474 1113 732 1193 vquerentiumque
766 1113 842 1182 nihil
877 1114 980 1195 ipsos*
1010 1115 1121 1179 habere

120 1211 203 1292 quod
231 1216 333 1290 agant,
360 1217 391 1268 et
408 1210 515 1268 alienis
533 1210 729 1268 incrementis
753 1211 963 1270 inimicissima
991 1212 1118 1272 invidia.

120 1309 186 1368 Alit
198 1309 279 1367 enim
290 1308 417 1366 livorem
428 1307 551 1366 infelix*
560 1307 679 1378 inertia,
690 1315 721 1366 et
735 1322 841 1366 omnes
852 1309 968 1368 destrui
979 1310 1118 1389 cupiunt,

120 1407 191 1486 quia
207 1423 315 1464 senon
330 1412 457 1484 potuere
473 1403 714 1483 provehere-Ex
731 1405 786 1464 hac
803 1407 913 1464 deinde
929 1407 1121 1480 aversatione

120 1504 290 1563 alienorum
314 1523 513 1582 processuum
533 1509 564 1560 et
580 1524 705 1562 suorum
719 1503 931 1583 desperatione
947 1505 1121 1563 obirascens

119 1602 262 1660 fortunae
282 1600 413 1672 animus,
435 1606 465 1658 et
484 1599 521 1658 de
541 1599 663 1658 saeculo
679 1621 821 1679 querenS,
836 1607 867 1659 et
891 1601 920 1658 in
941 1601 1069 1678 angulos
1089 1623 1120 1660 se

119 1698 289 1769 retrahenS,
305 1706 335 1756 et
351 1700 485 1776 poenae*
501 1697 650 1755 incubans
665 1719 747 1768 suae,
766 1699 839 1756 dum
855 1698 940 1756 illum
959 1699 1061 1772 taedet
1073 1699 1120 1757 sui

119 1795 294 1875 pigetque*.
312 1795 353 1852 Ut
368 1794 469 1853 ulcera
487 1795 638 1874 quaedam
661 1796 816 1853 nocituras
839 1817 947 1854 manus
971 1797 1121 1875 adpetunt

119 1899 150 1951 et
165 1899 248 1951 tactu
261 1891 408 1969 gaudent,
426 1911 486 1950 non
501 1891 589 1950 aliter
603 1891 732 1950 dixerim
747 1892 792 1950 his
813 1893 977 1966 mentibus
999 1893 1030 1950 in
1044 1913 1121 1972 quas

118 1990 304 2068 cupiditates
330 1987 415 2047 velut
434 1989 513 2047 mala
539 1989 641 2047 ulcera
670 1996 848 2068 eruperunt,
874 1990 1026 2069 voluptati
1055 2011 1120 2052 esse

118 2087 275 2146 laborem*
289 2087 555 2165 vexationemque.

148 2291 189 2340 N⁰
203 2289 270 2339 374
283 2303 288 2337 :
303 2287 395 2338 Hinc.
412 2288 477 2336 Voir
493 2288 531 2336 les
551 2291 628 2336 notes
644 2289 677 2336 de
696 2290 721 2336 la
740 2290 844 2336 version
864 2289 1033 2351 precedente,
1054 2293 1120 2338 dont

118 2350 223 2398 celle-ci
232 2353 272 2398 est
280 2352 304 2398 la
313 2351 507 2398 continuation.
517 2377 546 2384 -
555 2349 782 2412 Displicentia.
793 2351 832 2399 Cf.
843 2351 967 2410 Lucroce,
984 2353 1029 2410 ΙΙΙ,
1039 2357 1098 2400 1082
1113 2369 1119 2400 z

116 2413 210 2462 Hocse
223 2411 339 2476 quiaque
353 2413 429 2460 modo
442 2411 515 2475 sapit
525 2428 534 2467 ,·
548 2413 575 2460 at
591 2427 652 2459 cum
663 2411 774 2468 scilicet,
797 2413 826 2459 ut
841 2413 882 2474 fit,
903 2413 1029 2476 la'ffnqere
1048 2415 1120 2462 haud

115 2474 187 2538 potis
200 2476 247 2534 eat,
265 2473 380 2538 inqratis
399 2474 490 2521 haeret
512 2475 536 2521 et
555 2473 619 2521 odit.
637 2501 662 2508 —
675 2473 851 2524 Patientia.
877 2475 969 2522 Pascal
987 2477 1031 2536 qui
1051 2477 1121 2523 croit

117 2552 183 2584 avec
200 2537 237 2584 les
253 2536 413 2597 janse'nistes
436 2537 450 2582 a
472 2536 497 2582 la
516 2537 670 2597 corruption
689 2535 874 2582 irremediable
893 2538 925 2584 de
937 2541 1012 2584 notre
1026 2542 1119 2586 nature

118 2600 189 2660 (sans
201 2599 226 2646 la
240 2599 335 2660 grace),
349 2599 373 2645 le
386 2600 507 2645 constate
524 2613 589 2644 avec
606 2599 665 2659 plus
682 2597 826 2645 d'e'motion
841 2612 846 2644 z
862 2618 872 2641 (ι
884 2599 918 2645 Et
934 2601 1023 2659 quand
1041 2615 1074 2647 on
1091 2615 1119 2646 se

116 2661 217 2708 verrait
230 2661 315 2707 meme
327 2674 399 2706 assez
412 2660 427 2706 a
440 2660 514 2707 l'ahri
528 2661 560 2706 de
573 2663 661 2706 toutes
675 2663 755 2720 parts
771 2660 876 2717 l'ennui,
894 2661 927 2706 de
940 2675 988 2708 son
1004 2661 1118 2708 autorite'

117 2723 217 2784 prive'e,
241 2737 273 2768 ne
290 2721 424 2769 laisserait
443 2737 491 2783 pas
507 2723 541 2769 de
565 2723 645 2769 sortir
662 2737 694 2768 au
714 2722 777 2768 lond
801 2722 836 2768 du
856 2735 932 2768 coeur
950 2722 983 2769 oli
999 2723 1017 2770 il
1037 2738 1051 2770 a
1073 2725 1120 2770 des

116 2784 220 2831 recines
250 2785 402 2842 naturelles,
424 2788 450 2831 et
467 2785 633 2844 deremplir
649 2783 749 2844 l'esprit
769 2785 801 2830 de
824 2798 872 2830 son
892 2785 1002 2832 venia».
1026 2811 1055 2820 --
1079 2785 1119 2835 Se

115 2845 210 2908 ipsae
234 2847 455 2906 strangulant.
483 2845 521 2892 Cf.
540 2845 564 2892 le
588 2845 625 2891 cri
648 2846 680 2892 de
700 2845 818 2892 detresse
842 2846 874 2892 de
903 2846 1118 2894 Cliateaubriand

115 2907 198 2954 vieilli
213 2922 218 2954 ε
232 2927 242 2950 ι(
251 2907 278 2968 je
292 2908 369 2954 baille
383 2923 424 2954 ma
438 2908 479 2954 vie
492 2927 512 2954 ».
523 2935 551 2941 —
561 2907 694 2956 Maeror
702 2921 728 2953 se
737 2911 863 2968 rapporte
876 2909 991 2968 plutotd
1007 2909 1117 2970 l’csprit,

117 2984 231 3028 marcor,
250 2984 282 3016 au
300 2985 429 3031 corps-
448 2969 637 3028 Deplorata‚
662 2969 770 3030 indique
788 2984 817 3016 ce
835 2970 880 3030 qui
898 2974 939 3017 est
956 2972 1040 3031 perdu
1058 2986 1119 3018 sans

116 3046 264 3078 ressource.
277 3059 307 3066 -
323 3032 410 3102 Inde.
429 3031 558 3106 ¹seneque,
581 3045 614 3102 on
633 3031 656 3076 le
676 3031 819 3102 voit,·n0te
834 3031 867 3078 ici
881 3046 932 3110 par
941 3047 1041 3103 avanae
1054 3047 1121 3080 avec

115 3094 1119 3213 fatalitatem:t¹50³„5tt{tatumttssitttitttttttat

116 3217 213 3278 tiques,
228 3218 252 3264 la
271 3217 347 3263 notre
364 3231 395 3262 en
413 3216 567 3278 particulier
581 3230 585 3263 :
599 3169 624 3262 le
644 3215 898 3264 desencliantement
914 3218 988 3264 triste
1006 3219 1052 3264 des
1065 3217 1119 3278 e'pi-

116 3279 222 3326 curiens
243 3278 325 3335 decus
346 3291 449 3325 comme
472 3277 687 3324 Chateaubriand
708 3281 734 3324 et
760 3279 879 3336 Musset3
899 3279 937 3325 les
958 3279 1119 3340 aspiratione

115 3342 187 3388 etles
202 3342 278 3388 reves
295 3339 430 3386 idealistcs
446 3339 478 3385 de
498 3340 647 3386 Lamartine
665 3344 692 3387 et
707 3340 739 3386 de
757 3339 890 3401 Laprade;
910 3341 934 3386 le
952 3342 1117 3401 pessimisme

116 3401 264 3464 de'courage
282 3404 309 3448 et
323 3401 425 3461 resigna
441 3401 559 3448 d'Alfred
578 3402 611 3447 de
628 3401 716 3462 Vigny
736 3403 763 3447 et
782 3403 814 3448 de
828 3402 943 3448 Leconte
956 3403 1074 3449 deLisle.
1088 3431 1118 3437 —

115 3463 226 3526 Ipsos:
247 3465 265 3511 il
284 3463 401 3510 faudrait
418 3477 454 3510 ae.
473 3490 500 3497 —
522 3461 650 3522 Infelix,
667 3463 744 3524 apres
766 3461 912 3510 l'insucces.
933 3489 962 3497 -
980 3465 1120 3526 Poenae,

116 3529 181 3572 c'est
197 3526 221 3572 la
233 3540 357 3572 rancoeur
369 3539 420 3586 que
439 3526 463 3570 le
479 3524 658 3572 de'senchante
673 3539 757 3571 couve
771 3527 798 3572 et
816 3539 928 3572 caresse.
947 3551 976 3560 -
992 3527 1118 3576 Taedet

115 3587 269 3657 pigetque
282 3601 287 3634 :
301 3587 402 3634 acause
413 3587 444 3633 de
456 3587 527 3634 leurs
540 3587 661 3634 insucces
674 3585 766 3648 passes
776 3588 843 3634 etde
860 3588 918 3633 leur
929 3587 1046 3635 inaction
1059 3588 1119 3650 pre-

116 3653 191 3697 sente
203 3647 310 3711 (inertia
324 3646 439 3710 inseiis).
450 3673 480 3684 -
492 3647 665 3709 Laborem,
679 3663 713 3696 au
727 3662 788 3696 sens
797 3649 889 3696 moral.

538 3889 696 3940 -377-
