2698 4234
104 194 190 254 366.
215 193 480 252 Irresolutions
499 196 544 250 de
566 191 718 252 ciceron
734 194 953 264 pendentia
971 206 1106 263 guerre

547 283 665 340 civile.
994 359 996 364 ,

136 385 139 392 “
171 379 247 440 (Orto
257 377 333 428 civili
342 379 423 439 bello,
440 379 467 427 in
477 370 628 427 contrarias
634 379 727 442 parles
738 373 903 426 distrahitur
915 377 1034 442 Cicero),

144 513 278 572 Discessi
307 513 344 572 ab
364 535 400 572 eo
417 513 518 572 bello*
539 513 570 572 in
592 516 674 592 quo*
698 520 750 572 aut
768 513 799 571 in
822 513 885 571 acie
907 513 1104 595 cadendum*
1120 510 1162 574 3⁶

104 611 174 683 fuit,
196 619 249 669 aut
271 611 302 669 in
324 611 441 691 aliquas
463 610 589 670 insidias
615 611 812 669 incidendum
823 614 845 685 *,
868 611 1105 693 autdevenien-

103 707 177 766 dum
203 706 236 765 in
255 707 382 767 victoris
406 709 546 780 manus*,
567 715 620 767 aut
641 708 679 767 ad
698 708 808 767 Jubam
821 712 833 735 *
850 707 1102 790 confugiendum,

103 812 158 863 aut
174 805 340 884 capiendus
359 813 518 885 tamquam
543 805 650 864 exsilio
670 805 755 864 locus
770 804 791 876 *,
817 812 870 864 aut
887 802 1104 888 consciscenda

104 923 187 960 mors
200 900 374 963 uoluntaria
386 904 407 961 *.
418 915 421 922 '
434 902 524 961 Certe
544 903 620 961 nihil
644 903 704 962 suit
721 909 879 982 praeterea,
899 903 923 961 si
941 911 970 961 te
982 900 1103 979 ¹victori

104 998 224 1057 nolles*-
244 1005 296 1058 aut
316 1021 377 1058 non
400 999 529 1058 auderes
545 1000 748 1059 committere.
774 999 818 1058 Ex
836 1000 978 1058 omnibus
1000 1006 1103 1058 autem

88 1095 154 1168 ,iis,
172 1116 240 1175 quae
255 1095 329 1168 dixi,
347 1097 561 1168 incommodis,
583 1096 660 1154 nihil
676 1097 865 1162 tolerabilius
887 1097 1005 1167 exsilio,
1027 1087 1103 1176 pree-

104 1193 210 1250 sertim
225 1193 394 1265 innocenti,
411 1193 463 1252 ubi
479 1193 561 1252 nulla
581 1194 725 1274 adjuncta
741 1202 787 1252 est
803 1193 984 1274 turpitudo*
1001 1194 1103 1254 :addo

91 1292 208 1364 etiam,
237 1311 306 1348 cum
324 1301 359 1350 'ea
382 1291 457 1350 urbe
477 1311 591 1364 careaS,
612 1292 643 1349 in
663 1312 723 1371 qua
745 1292 822 1350 nihil
837 1293 878 1350 sit
896 1290 979 1371 quod
999 1292 1103 1362 videre

105 1383 204 1468 possis
229 1389 292 1446 sine
316 1387 432 1448 dolore.
459 1389 524 1466 Ego
544 1409 613 1446 cum
641 1389 716 1447 meis
729 1390 751 1461 *,
777 1390 802 1446 si
827 1389 994 1469 quidquam
1021 1406 1103 1449 nunc

103 1486 288 1565 cujusquam
303 1491 359 1558 est,
380 1477 471 1544 etiam
484 1485 515 1543 in
528 1485 603 1544 meis
619 1507 684 1544 esse
699 1486 803 1544 malui.
821 1485 894 1552 Quae
913 1479 1100 1564 aeciderunt,

104 1583 284 1642 omniadixi
297 1570 402 1642 lutura
417 1586 439 1643 *.
459 1583 536 1668 Veni
553 1583 689 1655 domum,
703 1604 764 1642 non
775 1601 836 1662 quo
849 1577 965 1665 optima
977 1583 1102 1652 vivendi

103 1681 246 1740 condicio
274 1688 375 1753 esset;
406 1680 458 1738 sed
488 1686 602 1753 tamen,
631 1681 655 1739 si
689 1688 768 1739 esset
796 1680 898 1760 aliqua
933 1671 1030 1740 torma
1060 1681 1102 1739 rei

104 1768 245 1858 publicae,
263 1784 419 1857 tamquam
435 1780 465 1834 in
481 1778 579 1860 patria
596 1785 630 1836 ut
646 1761 762 1852 essem,
785 1761 809 1835 si
832 1777 925 1851 nulla,
948 1781 1101 1858 tamquam

104 1876 134 1934 in
148 1863 266 1934 exsilio}
284 1875 416 1933 Mortem
431 1875 505 1932 mihi
520 1895 576 1934 eur
587 1857 841 1951 consciscereml,
856 1893 947 1935 causa
962 1865 1102 1943 nonyisa

99 1981 165 2044 est,
187 1963 242 2032 cur
262 1979 411 2052 optarem,
436 1971 539 2031 multae
556 1973 665 2031 causae.
683 1967 802 2050 *Vetus*
824 1967 868 2031 est
888 1958 991 2044 enim:
1010 1998 1023 2028 «
1043 1973 1101 2032 Ubi

99 2090 166 2129 non
199 2070 239 2128 sis
267 2069 320 2148 qui
344 2069 448 2139 fueris,
475 2089 536 2127 nou
562 2070 652 2128 esse*
678 2070 830 2146 cur'velis
849 2057 984 2128 vivere&
1001 2056 1102 2136 >ised

99 2175 206 2226 tamen
222 2187 331 2224 vacare
346 2166 446 2245 culpa,
466 2174 666 2243 magnumest
679 2165 836 2240 solacium,
848 2153 1015 2246 praesertim
1031 2175 1100 2230 cum

104 2265 233 2323 hab‘eani
246 2263 321 2321 duas
335 2268 393 2336 res',
407 2263 518 2342 quibus
534 2283 581 2320 me
596 2259 774 2335 sustentem,
793 2253 980 2344 optimarum
991 2265 1101 2323 artium

104 2361 264 2420 scientiam
286 2367 316 2418 et
337 2360 538 2418 maximarum
558 2379 660 2417 rerum
682 2351 833 2436 gloriam:
855 2382 986 2439 quarum
1008 2363 1102 2421 altera

103 2458 180 2520 mihi
193 2458 265 2516 vivo
279 2470 452 2536 numquam
463 2456 619 2535 eripietur,
634 2456 729 2515 altera
744 2477 781 2516 ne
796 2466 918 2516 mortuo
933 2459 1068 2538 quidem.

132 2633 175 2683 ΙΙΙο
189 2633 255 2684 366
267 2648 273 2680 :
287 2633 387 2682 Bello.
404 2633 477 2680 Dans
491 2632 517 2680 la
537 2647 630 2694 guerre
653 2633 739 2693 civile,
754 2633 863 2681 Ciceron
881 2635 935 2696 prit
951 2637 1020 2696 parti
1035 2653 1103 2698 pour

104 2695 220 2757 Pompde
234 2694 296 2756 qu'il
314 2695 396 2742 suivit
412 2695 426 2742 a
444 2695 622 2756 Dyrrachium
637 2698 664 2743 et
680 2696 694 2741 a
713 2696 844 2745 Pharsale.
863 2697 950 2757 Apres
968 2697 1101 2759 Pharsalo,

104 2759 120 2804 il
138 2760 228 2804 renira
248 2759 262 2804 a
283 2757 375 2816 Rome,
396 2759 423 2803 et
441 2772 469 2803 se
484 2756 626 2803 reconcilia
645 2771 709 2803 avec
727 2757 813 2818 Cesar,
828 2760 924 2820 auquel
943 2760 961 2806 il
976 2761 1100 2807 conseilla

103 2819 128 2865 la
141 2820 275 2867 cle'mence
288 2833 383 2866 envers
395 2819 432 2865 les
442 2820 561 2865 vaincus.
575 2846 606 2853 -
624 2819 660 2866 In
680 2831 751 2880 quo,
772 2819 955 2867 enumeration
970 2836 975 2867 :
990 2821 1101 2869 Ciceron

102 2881 172 2927 aime
183 2881 197 2928 a
208 2894 299 2942 passer
315 2895 347 2927 en
365 2895 445 2927 revue
462 2883 549 2926 toules
564 2881 601 2926 les
620 2880 691 2927 faces
703 2879 780 2927 d'une
794 2883 925 2942 question.
939 2898 970 2917 -’
982 2882 1101 2934 cadem

103 2943 180 3002 dum
193 2941 377 3000 fuit‚c0n1me
389 2943 522 2989 Domitius
542 2941 737 2989 Ahenobarbus
749 2944 794 3017 qui
807 2944 848 2990 fut
865 2945 1005 3004 niassacre',
1024 2947 1101 3006 apres

103 3003 238 3051 Pharsale.
255 3031 285 3039 -·
302 3003 520 3060 Incidendum,
539 3017 641 3050 comme
669 3004 792 3065 Pempee,
817 3006 947 3053 assassine
972 3021 1019 3068 par
1041 3008 1102 3054 Pto-

103 3065 196 3112 lemce.
219 3093 249 3100 -
271 3066 528 3123 Manus,-comme
558 3064 672 3113 Cassius.
698 3093 725 3100 -
755 3066 805 3116 Ad
823 3068 977 3118 aluham*
998 3083 1101 3116 comme

103 3127 228 3175 Metellus
247 3127 364 3188 Scipion,
387 3127 540 3188 beau-pere·
548 3127 582 3183 de
603 3125 728 3188 Pompe'e,
748 3129 792 3188 qui
811 3131 939 3176 continua
963 3131 986 3177 la
1008 3145 1100 3192 guerre

102 3205 135 3247 en
151 3190 264 3251 Afrique
281 3203 346 3236 avec
366 3189 444 3235 Juba.
459 3214 488 3222 -
506 3187 630 3237 Exsilio
649 3189 748 3245 locus,
773 3205 876 3238 comme
900 3193 1050 3239 Marcellus.
1073 3219 1100 3228 -

102 3249 310 3309 Voluntaria,
327 3264 429 3297 comme
438 3249 532 3297 Calon.
544 3275 573 3284 —
585 3249 705 3307 Nolles,
720 3253 850 3312 pot-entiel
862 3254 940 3300 d'une
953 3255 1101 3316 hypothese

100 3313 116 3358 a
128 3311 291 3374 placerdans
303 3312 327 3359 le
341 3311 425 3372 passe.
434 3310 662 3372 -Turpitudo,
673 3313 796 3373 euplique
806 3313 948 3361 innocenti.
963 3316 1099 3366 —Meis:

101 3374 126 3420 le
140 3378 174 3420 1⁰r
194 3374 258 3421 meis
278 3379 318 3421 est
335 3374 472 3431 inosculin,
489 3374 513 3420 le
526 3379 550 3418 2·
564 3376 604 3420 est
622 3378 716 3421 neirtre
731 3388 736 3432 ;
750 3375 813 3422 c'est
832 3391 865 3422 au
886 3381 909 3422 2ο
930 3391 981 3438 que
996 3392 1023 3424 se
1043 3393 1101 3440 rap·

102 3438 180 3496 porte
196 3436 357 3494 l'incidente,
373 3435 398 3482 si
414 3435 573 3498 quidquam.
593 3461 623 3468 -
638 3435 773 3485 Futura.
800 3437 887 3484 Gelan
908 3453 959 3485 une
981 3441 1100 3486 consola-

101 3497 159 3544 tion
181 3512 250 3560 pour
270 3498 381 3544 Ciceron
401 3498 433 3544 de
454 3497 567 3559 pouvoir
585 3511 613 3544 se
632 3497 687 3544 dire
707 3497 769 3558 qu'il
786 3502 858 3546 avait
878 3500 960 3560 pre'vu
978 3505 1039 3548 tous
1057 3517 1100 3549 ces

101 3573 189 3606 maux.
203 3586 233 3594 -
245 3559 493 3608 consciscerem.
508 3557 618 3605 Ciceron
631 3561 703 3606 avait
715 3561 785 3607 aussi
799 3561 879 3622 songe
896 3576 929 3608 au
945 3563 1044 3610 suicide
1057 3565 1100 3625 (ad

101 3619 193 3680 Attia,
208 3620 255 3679 111,
274 3623 297 3682 4)
312 3622 365 3668 lors
382 3621 415 3668 de
428 3635 476 3668 son
493 3620 552 3668 exil.
566 3647 595 3654 -
614 3621 725 3677 Vetus,
743 3637 763 3668 s.
775 3626 842 3670 -ent
862 3623 972 3682 dictum,
993 3626 1099 3673 scitum.

100 3709 131 3717 -
149 3682 222 3732 Non
243 3694 323 3742 esse,
348 3697 369 3730 s.
395 3686 448 3730 ent.
474 3696 588 3729 caucam.
618 3707 648 3716 -
676 3682 805 3732 Vivere.
833 3685 942 3732 Ciceron
968 3687 1019 3734 cite
1039 3703 1099 3733 sans

98 3744 182 3790 doute
195 3744 228 3790 ici
237 3759 272 3790 un
286 3744 439 3802 tetrametre
453 3744 608 3804 trochai'que
616 3745 791 3806 catalectique
802 3747 834 3792 dc
844 3748 956 3808 quelque
967 3749 1099 3810 tragedie:

100 3806 128 3914 q)
132 3807 214 3876 serait
226 3805 292 3852 ainsi
305 3820 410 3863 conon:
430 3825 440 3848 α
458 3805 508 3853 Ubi
532 3820 584 3852 non
602 3804 638 3852 sis
658 3806 706 3868 qui
725 3806 819 3867 fueris,
841 3824 893 3856 non
908 3813 1016 3858 estcur
1034 3811 1100 3860 velis

98 3884 108 3913 c
131 3882 239 3915 tvlvere
253 3887 273 3913 ».

450 3961 452 3965 “
521 3953 625 4009 -369
646 3951 678 3995 -”
