2696 4244
128 129 132 136 ¹
207 161 288 220 195.
314 161 684 230 surl’organisation
709 163 754 217 de
778 163 816 217 la
830 160 1070 230 Republique.
1097 212 1100 216 .

427 257 473 319 (Dc
495 257 647 306 ordinanda
659 257 695 305 ae
713 257 845 320 publica.)

172 369 207 426 ln
225 369 300 428 duas
313 346 433 450 pai-tesi
448 392 504 448 ego
527 371 685 431 civitatem
702 371 833 430 divisam
855 371 998 444 arbitror,
1015 371 1099 430 sicut
1125 391 1141 428 a
1158 367 1198 430 2⁰

130 466 300 546 majoribus
317 468 479 547 accepi,‚in
493 474 596 548 patres
614 476 645 528 et
672 468 813 548 plebem.
830 471 930 527 Antea
952 469 983 526 in
1004 467 1142 548 patribus

130 582 252 623 sumnia
288 565 474 624 auctoritas*
500 572 576 638 erat,
602 565 668 624 vis*
694 565 791 624 multo
815 586 957 631 maxuma
986 566 1018 624 in
1041 564 1140 644 plebe.

131 659 368 740 ltaquesaepius
381 662 412 719 in
430 663 557 721 civitate
573 663 704 722 secessio
716 662 784 734 fuit,
802 673 983 742 semperque
1000 661 1143 720 nobilita·
1203 739 1206 746 ,

131 756 172 814 tis
192 777 265 836 opes
285 758 452 822 deminutae
477 767 549 819 sunt
570 767 601 819 et
613 758 684 838 jus*
701 759 807 838 populi
825 759 1062 839 amplificatum.
1082 758 1142 816 Sed

130 853 220 932 plebs
237 875 272 916 eo
286 854 379 912 libere
398 850 554 934 agitabat*
569 857 641 936 quia
663 855 775 914 nullius
791 856 930 934 potentia
955 851 1047 934 super
1060 854 1143 931 leges

130 958 208 1020 erat,
227 971 325 1029 neque
348 939 468 1011 divitiis
488 958 542 1011 aut
556 952 700 1032 superbia
725 952 777 1009 sed
797 952 876 1010 bona
895 952 975 1010 fama
992 951 1143 1030 factisque

130 1047 264 1105 sortibus
280 1047 398 1106 nobilis
420 1049 586 1126 ignobilem
609 1048 746 1106 anteibat
769 1068 776 1108 :
798 1048 988 1107 humillimus
1011 1048 1141 1128 quisque

130 1142 163 1200 in
186 1145 339 1202 armisaut
357 1145 387 1209 in
403 1145 513 1204 militia
525 1145 639 1204 nullius
653 1145 791 1204 honestae
808 1145 870 1203 rei*
890 1165 983 1222 egens
994 1145 1068 1203 satis
1083 1140 1141 1202 sibi

128 1240 266 1319 satisque
284 1241 393 1320 patriai
405 1245 500 1301 erat*.
514 1242 576 1306 ,Sed
591 1242 643 1300 ubi
659 1263 710 1300 eos
723 1243 871 1321 paulatim
885 1242 1047 1321 expulsos*
1062 1241 1142 1319 agris

130 1336 243 1395 inertia
253 1346 346 1416 atque
362 1339 466 1418 inopia
476 1338 611 1404 incertas
626 1339 734 1397 domos
744 1338 856 1406 habere
870 1339 1003 1416 subegit,
1013 1358 1141 1417 coepere

130 1421 249 1492 alierias
263 1454 337 1513 opes
353 1443 468 1513 petere,
484 1421 658 1494 libertatern
675 1457 761 1495 suam
773 1457 842 1502 cum
856 1435 1037 1514 republica*
1049 1456 1142 1494 vena-

129 1530 191 1588 lem
202 1531 325 1590 habere.
346 1531 390 1590 lta
407 1532 557 1612 paulatim
569 1533 713 1611 populna,
730 1533 783 1611 qui
799 1532 943 1594 dominus
955 1540 1029 1605 erat,
1048 1552 1142 1590 cunc·

130 1627 170 1684 tis
201 1628 343 1705 gentibus
366 1629 575 1708 imperitabat,
609 1629 746 1709 dilapsus
774 1637 820 1689 est
848 1636 879 1688 et
900 1651 956 1708 pro
983 1626 1140 1690 coinmuni

129 1724 278 1803 imperio*
300 1726 445 1804 privatim
471 1727 529 1784 sibi
557 1726 687 1806 quisque
713 1727 895 1785 servitutem
915 1727 1045 1806 peperit.
1065 1727 1140 1784 Haec

129 1821 225 1898 igitur
243 1821 412 1880 multitudo
435 1824 568 1902 primunr
589 1824 677 1882 malis
695 1823 851 1882 moribus*
875 1823 1005 1893 imbuta,
1028 1823 1141 1881 deinde

130 1918 162 1974 in
177 1927 257 1976 artes
277 1919 438 1999 vitasque*
457 1921 557 1979 varias
585 1920 748 2000 dispalata,
779 1921 863 1979 nullo
889 1920 982 1979 modo
1005 1921 1085 1978 inter
1107 1939 1140 1978 se

128 2034 314 2092 congruens,
339 2037 448 2094 parurn
464 2017 537 2075 mihi
554 2017 680 2096 quidem
703 2018 814 2082 idonea
835 2017 959 2076 videtur
976 2017 1012 2076 ad
1032 2037 1140 2095 capes·
1203 2075 1207 2080 ,

128 2111 255 2170 sendam
277 2133 341 2170 rem
373 2113 539 2192 publicam.
567 2114 723 2184 Ceterum,
753 2114 865 2173 additis
887 2115 975 2173 novis
1005 2113 1137 2186 civibuS‚

131 2228 242 2285 magna
268 2230 316 2267 me
345 2230 414 2289 spes
441 2218 526 2269 tenet
545 2211 610 2269 fore
634 2220 668 2269 ut
689 2232 795 2269 omnes
825 2212 1079 2290 expergiscantur
1098 2210 1138 2269 ad

130 2304 327 2367 libertatern:
350 2307 465 2386 quippe
485 2328 555 2366 curn
579 2307 661 2364 illis*
688 2307 838 2366 libertatis
866 2308 1046 2377 retinendae,
1072 2315 1137 2364 tum

129 2401 199 2459 his*
214 2404 373 2462 servitutis
388 2402 567 2462 amittendae
589 2425 660 2462 cura
676 2405 803 2463 orietur.
1136 2411 1138 2416 ’

164 2534 205 2583 N⁰
222 2535 300 2586 195:
314 2537 433 2586 Partes
448 2551 453 2585 :
468 2550 498 2583 ce
516 2537 577 2582 sont
593 2537 631 2582 les
644 2537 750 2596 classes,
765 2537 803 2583 les
816 2537 908 2583 ordros
923 2551 929 2584 ε
942 2537 980 2583 les
992 2536 1139 2596 patriciens

130 2598 159 2643 et
171 2597 209 2642 les
226 2596 372 2657 plebeiens.
387 2624 415 2632 -
429 2596 634 2647 Auctoritas.
653 2598 702 2644 Les
717 2597 856 2660 ple'be'iens
877 2599 1067 2660 participaient
1085 2597 1137 2643 (113

130 2659 327 2720 souverainete,
341 2658 480 2720 puisqu'ils
498 2659 659 2720 conquirent
670 2674 723 2720 peu
744 2660 758 2705 1
775 2675 825 2720 peu
842 2659 935 2706 l'acces
957 2659 974 2706 1
991 2661 1080 2706 loutes
1098 2659 1137 2706 les

130 2720 330 2780 magistratures
354 2721 397 2792 ((13
422 2724 466 2766 193
488 2722 502 2768 a
527 2725 571 2766 300
596 2736 637 2768 av.
662 2721 835 2782 J.-C.);rnais
857 2721 992 2768 l'exereiee
1009 2721 1043 2767 de
1064 2721 1137 2766 leurs

129 2781 214 2828 droits
227 2781 293 2828 e'tait
305 2783 411 2830 limite:
431 2787 455 2828 1ο
469 2797 518 2843 par
536 2782 560 2828 le
578 2783 650 2830 droit
669 2783 805 2829 d'examen
823 2782 959 2843 prealable
977 2782 1094 2844 qu'avait
1111 2782 1136 2828 le

129 2840 210 2889 Sc'nat
222 2858 268 2889 sur
278 2845 380 2905 chaque
394 2845 533 2906 question3
548 2850 573 2890 2⁰
586 2859 636 2905 par
648 2845 671 2890 la
685 2845 838 2904 possession
848 2845 895 2891 des
904 2845 1035 2904 auspices,
1050 2843 1136 2890 re'ser-

129 2903 174 2950 ves
185 2918 218 2950 au
231 2905 329 2964 Se'nat3
343 2910 368 2951 3υ
382 2920 430 2966 par
442 2907 467 2953 le
479 2906 609 2967 privilege
618 2906 734 2967 qu'avait
743 2905 855 2953 leSe'nat
867 2905 1009 2953 (1313111131Ι
1021 2919 1055 2952 ou
1072 2904 1136 2951 d’in-

128 2964 217 3012 firmer
229 2967 268 3012 les
281 2968 414 3014 decisione
427 2968 474 3014 des
493 2968 641 3026 centuries;
664 2970 688 3012 1ο
702 2982 751 3028 par
762 2969 785 3014 la
800 2967 877 3024 lacon
891 2968 924 3014 de
937 2972 1015 3014 voter
1028 2968 1061 3026 lla
1074 2981 1136 3028 pre-

129 3027 208 3073 nri'ere
221 3027 305 3075 classe
319 3029 362 3090 qui
372 3030 540 3090 comprenait
552 3028 590 3076 les
603 3030 742 3076 senateurs
756 3031 783 3076 et
793 3030 831 3076 les
844 3029 991 3076 chevaliers
1004 3029 1143 3092 disposuit·

127 3089 160 3135 de
168 3092 197 3135 98
212 3091 273 3136 voix
287 3093 313 3137 et
325 3091 434 3138 sormait
447 3092 461 3138 a
473 3091 523 3138 elle
537 3090 609 3138 seule
622 3092 647 3137 la
661 3090 803 3152 maJorite').
817 3119 846 3125 —
860 3089 928 3150 Vis,
948 3091 1013 3138 c'est
1026 3092 1049 3138 la
1062 3091 1135 3136 soree

129 3150 206 3196 rdelle
218 3153 263 3212 qui
277 3153 394 3199 consiste
407 3153 474 3199 dans
487 3152 511 3199 le
524 3153 645 3199 nombre.
659 3179 687 3186 —
702 3153 773 3209 Jus,
787 3153 826 3199 les
839 3153 925 3200 droits
937 3154 1091 3214 potitiques.
1105 3178 1135 3186 -

128 3211 335 3273 Agitabat:
345 3213 459 3261 vivebat.
475 3213 664 3264 —Honestae
682 3212 812 3263 reizrei
825 3214 918 3276 quaed
930 3213 1012 3262 vitam
1026 3215 1136 3262 honeste

128 3271 276 3336 dependam
294 3290 360 3337 opus
381 3277 428 3322 cat.
450 3303 479 3310 -
496 3275 634 3326 Patriae
661 3277 756 3325 erat:
771 3276 795 3322 13
815 3275 901 3336 patrie
921 3276 987 3324 c'tait
1009 3279 1135 3324 contente

127 3335 204 3382 d'eux
216 3351 296 3396 parce
311 3337 388 3397 qu'ils
401 3337 502 3384 etaient
519 3340 644 3385 contente
656 3337 689 3383 de
708 3338 766 3385 leur
783 3340 848 3384 sort.
862 3337 931 3384 Satis
945 3352 999 3386 esse
1014 3359 1043 3380 =
1056 3339 1136 3386 satis-

129 3397 223 3445 lacere.
243 3425 272 3432 —
294 3399 468 3460 Expulsus,
494 3414 543 3460 par
571 3398 609 3446 les
634 3397 781 3458 latifundia
808 3397 967 3460 (latifundia
999 3399 1135 3447 ¹sordidare

130 3457 243 3516 ltaliam,
258 3460 298 3506 dit
313 3461 387 3507 Pline
399 3461 530 3519 l'Ancien,
546 3460 606 3522 Vll,
621 3460 653 3521 Ἰ).
669 3460 708 3508 Cf.
723 3460 798 3518 Hor,
814 3459 871 3516 (ld,
885 3460 918 3518 11,
933 3465 976 3519 ‘123
989 3415 1025 3521 il,
1040 3467 1083 3520 14,
1099 3459 1134 3520 11,

129 3519 309 3580 l8;Salluste‚
323 3522 395 3584 Jup„
418 3526 463 3580 41;
482 3522 581 3570 Lucain
614 3521 635 3581 l,
654 3527 707 3569 167.
729 3521 854 3570 -Cum
876 3523 1049 3583 republica
1066 3525 1135 3567 :el

129 3581 342 3643 rempublicam.
358 3583 567 3634 -Communi
582 3560 718 3644 imperio
732 3597 737 3631 :
757 3583 821 3630 e'est
839 3585 862 3630 la
883 3584 936 3631 cite
959 3588 1018 3632 tout
1032 3589 1135 3638 entiere

128 3645 318 3692 commendant
335 3645 349 3691 a
368 3645 502 3698 l’univera.
521 3673 550 3683 -
568 3645 719 3695 Moribus
741 3659 794 3692 :au
810 3649 919 3692 eontact
939 3647 971 3692 de
986 3647 1097 3698 l'Orient
1108 3657 1134 3698 et

127 3705 159 3752 de
171 3706 195 3752 la
210 3705 342 3753 (113133.-
354 3706 454 3758 Artes
463 3703 632 3769 ¹vitasque,
646 3707 794 3768 hendiadys
805 3723 810 3754 ι
820 3706 838 3753 11
851 3707 927 3768 s'agit
940 3709 987 3754 des
995 3710 1135 3760 ditl'e'rents

126 3781 206 3829 corps
220 3768 253 3814 de
266 3768 374 3815 matters
388 3768 433 3830 qui
444 3769 551 3816 avaient
564 3769 666 3816 chacun
680 3769 738 3814 leur
750 3783 829 3830 genre
849 3770 882 3816 (13
901 3770 943 3816 vie
956 3769 1089 3820 different.
1104 3801 1134 3810 -

127 3828 207 3887 lllis,
223 3844 252 3876 ce
266 3834 328 3878 sont
340 3830 379 3878 les
392 3831 501 3878 enciens
521 3831 659 3892 citoyens;
678 3829 739 3891 his,
759 3845 788 3877 ce
806 3834 867 3878 sont
879 3831 918 3878 les
930 3846 1081 3882 nouveaux.
1098 3836 1135 3884 Ce

546 3920 706 3970 ..197-
