2658 4244
309 174 367 230 50.
388 173 527 230 Guerre
543 175 670 230 contre
690 173 902 231 Antiochus.

257 303 304 364 (De
316 303 389 352 bello
402 304 531 352 adversus
544 319 634 369 regem
648 305 813 352 Antiochum
824 304 967 368 suscepto.)

143 480 383 539 Macedoniam*
408 481 510 540 statim
540 489 571 540 et
595 502 695 558 regem
713 482 891 561 Philippum
918 481 1110 540 Antiochus*
1126 493 1167 555 3·

100 577 237 656 excepit,
263 578 396 657 quodam
421 599 503 650 casu,
522 580 609 658 quasi
630 579 798 638 industria*
814 580 857 636 sic
880 579 1110 656 adgubernante

102 674 262 746 fortuna*‚
280 682 314 733 ut
328 675 586 754 quemadmodum
603 677 641 734 ab
658 677 761 734 Africa
781 677 811 734 in
829 677 995 754 Europam,
1011 676 1054 733 sie
1072 675 1112 732 ab
1172 659 1174 662 ¹

103 770 229 850 Europa
245 771 277 828 in
290 772 405 843 Asiam,
421 773 503 830 ultro
518 793 549 830 se
565 773 800 850 suggerentibus
816 774 927 843 eausiS,
949 772 1112 850 imperium

104 868 299 945 procederet,
316 876 427 927 etcum
445 877 595 928 terrarum
611 869 694 927 orbis
708 869 767 928 situ
787 872 852 949 ipse
872 869 947 928 ordo
971 869 1114 926 victoria·

101 984 172 1022 rum
188 965 378 1042 navigaret*.
395 967 464 1024 Non
475 966 558 1024 aliud
570 966 800 1025 formidolosius
814 967 892 1025 lama
912 966 1024 1024 bellurn
1042 965 1110 1036 fuit,

105 1061 220 1140 quippe
245 1083 314 1120 cum
343 1063 450 1122 Persas
472 1071 503 1122 et
527 1063 696 1135 Orientem,
725 1065 846 1122 Xerxen
867 1072 958 1143 atque
984 1062 1111 1120 Darium

100 1159 289 1236 cogitarent,
314 1160 438 1239 quando
464 1160 614 1239 perfossi*
636 1161 711 1218 invii
738 1168 868 1232 montes,
884 1159 1017 1239 quando
1037 1158 1113 1215 velis

101 1263 250 1334 opertum
265 1277 347 1315 mare
363 1257 567 1317 nuntiaretur.
590 1258 653 1315 Nec
673 1279 745 1316 sane
767 1258 850 1327 viris,
874 1256 996 1336 opibus,
1020 1255 1113 1313 armis

102 1349 276 1432 quidquam
290 1353 463 1433 copiosius*
473 1355 570 1433 Syria.
589 1354 648 1412 Sed
663 1353 694 1412 in
707 1375 814 1412 manus
828 1363 889 1411 tam
903 1353 1022 1431 ignavi*
1032 1351 1113 1428 regis

102 1449 266 1520 inciderat,
280 1457 314 1508 ut
326 1450 401 1508 nihil
419 1451 510 1509 fuerit
525 1451 555 1509 in
565 1452 720 1510 Antiocho
729 1452 913 1530 speciosius*
926 1471 1017 1530 quarn
1030 1447 1112 1528 quod

102 1567 118 1604 a
137 1546 289 1605 Romanis
307 1548 409 1606 victus
428 1556 484 1607 est.
503 1549 655 1627 lmpulere
670 1569 770 1624 regern
786 1548 823 1606 ad
842 1548 871 1604 id
887 1546 1010 1617 bellurn,
1028 1546 1113 1603 illinc

100 1643 217 1712 ThoaS,
232 1644 358 1703 AEtoliae
374 1646 528 1724 princeps,
546 1645 759 1703 inhonoratam
772 1644 853 1724 apud
870 1645 1027 1703 Romanos
1040 1662 1114 1721 que-

102 1761 175 1798 rens
197 1740 348 1800 adversus
369 1741 556 1800 Macedonas
590 1743 707 1800 militiae
728 1763 789 1800 suae
824 1741 1014 1809 societatem,
1042 1739 1113 1796 hinc

105 1837 265 1896 Hannibal
279 1839 333 1917 qui
348 1839 378 1896 in
404 1837 509 1897 Africa
534 1839 644 1910 victus,
670 1840 828 1918 profugus,
856 1846 886 1896 et
909 1838 992 1916 pacis
1016 1837 1113 1914 impa-

101 1935 196 2006 tienS,
226 1936 346 1993 hostem
369 1935 484 2014 populo
511 1935 652 1994 Romano
681 1943 746 1994 toto
775 1935 848 1994 orbe
875 1933 1042 2014 quaerebat.
1075 1931 1113 1989 Et

103 2031 189 2111 quod
205 2031 282 2089 illud
299 2033 407 2090 fuisset
418 2032 600 2112 periculum,
619 2033 644 2090 si
660 2053 691 2090 se
706 2032 843 2090 consiliis
858 2032 924 2110 ejus
940 2029 997 2089 'rex
1016 2029 1113 2088 tradi-

102 2129 212 2200 disset,
227 2129 258 2187 id
272 2135 328 2201 est,
344 2129 369 2188 si
381 2130 463 2188 Asiae
474 2130 612 2187 viribus*
628 2150 700 2188 usus
714 2127 821 2188 fuisset
832 2130 923 2187 miser
939 2126 1113 2186 Hannibal?

102 2224 167 2284 Sed
182 2246 234 2283 rex
252 2226 315 2284 suis
330 2226 441 2304 opibus
462 2235 492 2284 et
514 2227 636 2285 nomine
661 2227 745 2303 regio
771 2227 877 2295 fretus,
904 2225 979 2283 satis
1004 2223 1113 2281 habuit

105 2322 227 2380 bellum
241 2342 376 2382 movere.

133 2499 177 2548 N⁰
188 2497 233 2549 50
246 2513 252 2546 ί
263 2498 502 2549 Macedoniam.
527 2499 563 2546 La
585 2514 677 2560 guerre
698 2504 790 2547 contre
812 2499 932 2560 Philippe
945 2497 968 2542 V
979 2493 1012 2543 de
1026 2495 1113 2542 llaec-

99 2562 185 2608 doine
196 2562 263 2608 dura
273 2561 306 2608 de
319 2565 364 2607 200
377 2562 391 2608 a
405 2564 457 2608 197.
471 2559 510 2608 En
524 2565 576 2614 172,
591 2576 639 2607 son
652 2561 692 2606 fils
705 2560 799 2608 Perse'e
810 2574 992 2615 reconunenca
1005 2559 1042 2604 les
1054 2559 1113 2603 hos-

102 2622 190 2671 cilices
203 2624 230 2670 et
243 2622 285 2669 sut
298 2623 393 2669 vaincu
408 2636 457 2684 par
474 2622 539 2669 Paul
562 2624 654 2670 Ennle.
676 2623 741 2669 Voir
763 2623 787 2669 la
808 2623 913 2669 version
937 2623 1068 2667 suivante.
1083 2647 1113 2653 —

101 2683 291 2734 Antiochus
304 2683 351 2740 111,
364 2684 403 2731 roi
416 2685 449 2731 de
461 2684 537 2794 Sprie
551 2686 591 2731 fut
602 2684 711 2746 attaque
732 2700 783 2746 peu
805 2685 837 2731 de
859 2688 945 2744 temps
963 2683 1041 2740 apres
1053 2681 1113 2727 Phi-

102 2747 177 2808 lippe
191 2747 224 2804 V,
239 2746 466 2793 de192a189.-

100 2808 214 2856 modihc
227 2807 261 2854 ad
284 2807 441 2854 ubernaute.
456 2833 485 2842 -
496 2807 651 2857 Fortuna.
667 2807 701 2854 Ce
713 2809 753 2854 fut
764 2808 825 2854 bien
843 2808 931 2868 plutht
943 2807 968 2852 la
980 2807 1111 2867 potitique

100 2872 138 2917 du
153 2869 240 2917 stnut.
280 2882 340 2915 orne
353 2883 385 2916 ne
396 2872 495 2926 concut
505 2885 553 2931 pas
566 2869 628 2916 d'un
647 2870 703 2916 seul
723 2884 791 2930 eoup
810 2869 887 2915 l'idc'e
905 2867 1069 2926 d'assujettir
1088 2867 1111 2912 le

102 2933 211 2979 monde.
228 2929 356 2991 iusqu'en
370 2935 422 2989 200,
437 2931 486 2978 elle
499 2945 527 2980 se
539 2930 659 2979 defendit
673 2934 765 2978 contre
783 2931 820 2978 les
838 2931 948 2992 peuples
969 2928 1071 2976 d'ltalie
1085 2932 1112 2975 et

102 2998 199 3041 contre
210 2993 352 3053 Carthage
368 2994 392 3039 A
404 2993 489 3054 partir
500 2994 532 3039 de
546 3008 575 3040 ce
596 2996 714 3039 moment
733 2993 781 3039 elle
805 2993 898 3039 devint
920 2991 1063 3050 agressive,
1085 2993 1112 3036 et

101 3058 135 3103 de
149 3070 246 3116 guerre
258 3069 290 3100 en
303 3069 404 3114 guerre,
415 3055 448 3101 de
461 3055 553 3101 succes
562 3069 594 3100 en
608 3056 709 3112 succes,
725 3055 773 3100 elle
785 3056 871 3116 aspira
883 3054 988 3100 bientot
1001 3054 1015 3098 A
1029 3053 1112 3098 dorni-

103 3117 186 3164 nerle
201 3117 295 3164 bassin
309 3116 395 3163 entier
407 3116 439 3162 de
457 3115 481 3163 la
493 3115 696 3162 hlediterranee.
712 3143 739 3150 —
750 3115 952 3177 Navigaret:
968 3115 1037 3176 style
1052 3114 1111 3174 pre-

106 3180 229 3227 tentieux
242 3181 269 3224 ct
281 3176 405 3238 ampoule
419 3177 493 3236 (Otto
506 3178 595 3238 Jahn).
607 3177 797 3227 —Perfossi¹
812 3177 850 3224 Cf.
863 3176 985 3228 Juvenal,
1005 3177 1035 3227 X,
1050 3181 1110 3222 173:

105 3262 115 3282 «ι
131 3240 263 3289 Creditur
276 3238 342 3286 olim
358 3238 512 3300 Velificatus
525 3240 609 3286 Athos
623 3259 644 3286 n.
659 3267 687 3273 —
701 3238 878 3300 copiosius.
894 3239 1051 3287 Antiochus.
1067 3239 1111 3298 qui

105 3318 132 3349 se
150 3302 242 3350 faisait
260 3302 394 3362 appeler«
409 3301 433 3347 le
453 3301 535 3362 grand
555 3301 604 3348 Roi
619 3299 790 3362 =›,'posst·dait
803 3305 864 3347 tous
882 3301 920 3347 les
941 3316 1008 3361 pays
1028 3300 1112 3346 situcs

103 3368 180 3411 entre
199 3363 301 3410 l'lndus
323 3365 350 3409 ct
374 3363 599 3410 l'Asie-hlineure.
622 3390 650 3397 —
672 3361 798 3436 Ignavi.
826 3363 890 3408 Voir
914 3362 1111 3422 Montesquieu,

106 3423 464 3487 Grand.etDc'cad.,chap.
479 3429 543 3472 5.—
560 3423 756 3486 Speciosms.
778 3423 847 3471 C‘est
871 3439 921 3470 unc
945 3424 1112 3470 consolation

105 3487 255 3534 semblable
277 3484 393 3548 qu'Ente
416 3486 502 3534 donne
523 3486 538 3534 a
558 3487 658 3533 Lausus
676 3490 799 3533 mourant
820 3487 889 3544 ,En.,
908 3486 940 3544 X,
964 3489 1037 3544 81ομ
1059 3486 1112 3530 Hoc

106 3551 194 3596 tamen
220 3547 319 3609 infelix
343 3547 468 3595 miseram
487 3547 609 3595 solabere
633 3551 765 3594 mortem:
788 3548 885 3594 AEueae
910 3547 1001 3608 magni
1019 3547 1114 3592 deutra

104 3610 187 3658 cadis.
209 3637 239 3646 —-
262 3607 408 3659 Viribus.
430 3609 565 3656 Hannibal
586 3611 658 3656 avait
682 3625 766 3666 concu
789 3609 811 3655 le
834 3610 922 3670 projet
946 3609 978 3655 de
1000 3623 1115 3669 grouper

103 3672 243 3720 ensemble
254 3675 317 3719 tous
329 3671 494 3720 lesennemis
508 3676 608 3720 secrets
621 3687 655 3717 ou
669 3672 827 3718 declaresde
841 3671 924 3718 Rome
937 3671 1112 3727 :Antiochus,

107 3733 240 3796 Philippa,
252 3733 291 3781 les
303 3732 432 3791 Etoliens,
445 3733 575 3794 Carthage
586 3737 614 3780 et
627 3731 775 3795 l'Espagne.

498 2745 660 2805 ndustria,
682 2746 780 2792 ablatif
798 2747 853 2808 pris
873 2745 1110 2799 adverbialerueut,

543 3903 690 3973 -ar-'
