2664 4234
314 149 398 204 460.
412 149 466 204 La
485 143 685 203 fraternite
701 147 881 202 humaine.

381 234 493 295 (Natura
510 248 556 281 nos
573 235 700 298 ,coquatos
713 233 815 294 edidit.)

141 331 219 390 Ecce
234 331 329 388 ultera
347 331 495 409 quaestio*
522 349 528 391 τ
549 331 733 398 «Quomodo
752 331 928 388 bominibus
951 331 991 388 sit
1014 337 1101 389 uten-
1117 342 1165 405 3⁶⁴

103 428 213 486 dum».
228 427 307 494 Quid
324 429 483 504 agimus*‘?
499 449 566 508 quae
582 428 689 486 damus
701 429 875 506 praecepta?
891 429 1101 506 Utparcamus
1144 461 1147 470 ν

103 525 265 602 sanguini*
287 513 446 583 humano?
475 524 663 591 Quantulum
696 533 742 582 est
769 525 797 582 ei
825 545 886 582 non
915 543 1024 582 nocere
1051 524 1101 582 cui

12 657 13 662 κ
102 621 213 680 debeas
224 621 383 702 prodesse!
400 621 511 698 Magna
522 621 656 680 scilicet*
672 621 736 700 laus
749 629 805 690 est,
822 621 845 678 si
858 621 950 680 homo
961 641 1103 686 mansue-

103 727 151 776 tus
168 717 283 776 bomini
304 721 363 776 est!
394 719 611 796 Praecipiemus
637 726 670 776 ut
694 719 842 796 naufrago
864 738 987 775 manum
1005 719 1103 796 porri-

101 822 163 892 gat,
184 815 297 874 erranti
313 815 397 895 viam,
415 802 575 885 monstret,
600 835 669 873 cum
695 815 848 874 esuriente
875 835 985 892 panem
1011 835 1102 873 suum

101 912 263 970 dividal*?
280 912 409 978 Quando
425 913 539 984 omnia,
559 933 626 992 quae
643 911 817 990 praestanda
832 920 903 969 sunt
919 932 953 969 ac
979 911 1104 969 uitanda

14 1079 17 1086 .
101 1009 222 1069 dicam?
246 1029 315 1066 cum
350 1009 463 1087 possim
499 1009 633 1066 breviter
667 1009 744 1066 hanc
777 1008 939 1066 formulam
975 1008 1103 1068 humani

101 1105 192 1164 ollicii
209 1106 347 1164 tradere:
366 1105 491 1164 «Omne
507 1106 564 1163 hoc
582 1105 664 1185 quod
683 1104 777 1176 videS,
796 1126 857 1184 quo
883 1105 988 1163 divina
1009 1113 1106 1184 atque

102 1203 234 1260 humana
253 1201 395 1260 conclusa
422 1208 505 1273 sunt,
532 1223 625 1260 unum
645 1208 714 1261 est:
734 1202 871 1260 membra
891 1202 1017 1260 sumus*
1036 1222 1105 1260 cor-

12 1361 13 1368 ,
101 1298 184 1377 poris
202 1299 315 1374 magni.
335 1299 450 1357 Natura
467 1319 522 1356 nos
537 1305 685 1375 cognatos
708 1298 815 1370 edidit,
839 1319 908 1356 cum
932 1319 968 1355 ex
995 1297 1106 1356 iisdem

100 1402 132 1452 et
164 1396 195 1452 in
228 1395 355 1452 eadem*
391 1395 539 1472 gigneret.
574 1396 648 1452 Haec
689 1394 777 1452 nobis
818 1415 951 1453 amorem
989 1394 1105 1468 indidit

101 1496 273 1563 mutuum*,
287 1500 318 1549 et
329 1491 488 1549 sociabiles
500 1491 588 1565 lecit;
605 1491 654 1549 illa
671 1513 803 1571 aequum
814 1491 994 1570 justumque
1017 1512 1098 1549 com·

14 1572 16 1578 Ι
102 1589 206 1667 posuit
224 1607 229 1647 :
248 1609 284 1646 ex
300 1588 381 1645 illius
399 1589 620 1646 constitutione
643 1589 784 1646 miserius
806 1595 852 1646 est
877 1609 987 1646 nocere
1011 1608 1104 1667 quam

103 1677 219 1757 laedi*;
238 1705 274 1742 ex
289 1684 371 1742 illius
384 1684 513 1763 imperio
527 1693 649 1764 paratae
669 1692 741 1742 sunt
750 1685 891 1764 juvantis
907 1705 1026 1742 manus.
1043 1685 1107 1742 lste

102 1802 210 1839 versus
227 1788 257 1839 et
273 1782 303 1838 in
320 1789 442 1860 pectore
459 1789 489 1839 el
506 1782 536 1858 in
551 1802 602 1839 ore
621 1782 663 1839 sit
686 1800 691 1840 :

239 1859 249 1919 l
265 1879 352 1925 Homo
363 1893 430 1936 sum,
445 1878 552 1924 humani
567 1879 630 1924 nihil
644 1893 658 1924 a
671 1893 713 1924 me
726 1879 841 1925 alienum
855 1878 937 1939 puto*
950 1897 960 1920 n

142 1957 349 2016 Habeamus*l
366 1958 398 2014 ln
416 1959 599 2015 commune*
615 1958 677 2015 nati
699 1978 816 2017 sumus
841 1957 980 2016 Societas
1000 1965 1105 2016 nostra

100 2053 238 2132 lapidum
264 2053 460 2112 fornicationi
486 2053 640 2112 simillima
664 2063 725 2124 est;
759 2075 836 2134 quae
873 2057 1009 2124 casura',
1046 2055 1105 2112 nisi

102 2149 233 2208 invicem
247 2149 405 2209 obstarent
415 2152 437 2222 *,
455 2150 513 2208 hoc
526 2150 611 2229 ipso*
624 2152 803 2210 sustinetur.

131 2255 172 2304 N⁰
182 2254 267 2305 460:
281 2254 445 2317 Quaestio.
459 2255 494 2302 Ce
507 2258 569 2302 sont
583 2256 621 2301 les
633 2255 703 2302 lieux
722 2269 860 2302 communs
878 2271 929 2316 quc
950 2254 999 2300 l'on
1011 2256 1106 2302 discu-

101 2317 231 2364 taitduns
250 2317 288 2364 les
307 2317 394 2364 ecoles
414 2317 446 2364 de
464 2317 641 2377 philosophie.
670 2343 700 2351 -
726 2315 862 2378 Agimus
885 2331 890 2364 τ
915 2317 1030 2363 allusion
1053 2333 1104 2364 aux

100 2378 225 2439 opinions
238 2376 389 2440 professe'es
406 2377 557 2439 parl'ecole
576 2378 731 2425 stoicienne.
750 2403 780 2412 —
802 2377 970 2440 sanguini.
997 2381 1020 2424 A
1045 2379 1105 2439 plu-

100 2441 186 2486 sieurs
196 2440 309 2500 reprises
320 2439 441 2500 Sc'neque
453 2454 468 2485 a
481 2439 628 2486 condamnet
637 2439 792 2486 hautement
800 2440 838 2486 les
845 2440 909 2499 J'eux
922 2440 1057 2501 sanglants
1070 2441 1106 2486 de

99 2501 197 2548 l'arene
211 2501 235 2562 (tl
252 2500 347 2559 Lucil,
361 2501 383 2562 7)
401 2504 427 2548 et
439 2501 572 2562 proclame
587 2501 612 2548 la
625 2500 764 2548 fraternite
776 2501 901 2548 humaine
913 2501 937 2559 (ὲ
947 2501 1043 2560 Lucu,
1054 2502 1104 2562 45).

99 2590 131 2598 -
142 2561 284 2621 Scilicet,
298 2577 327 2638 ce
340 2565 397 2609 mot
409 2563 517 2636 indique
532 2577 583 2636 que
593 2577 623 2609 ce
637 2561 704 2610 n'est
716 2577 764 2623 pas
779 2578 814 2634 un
830 2563 892 2609 bien
910 2564 994 2633 grand
1010 2562 1104 2634 merite

19 2665 20 2670 ψ
100 2623 1104 2746 normarumruru-teutmarusmm

19 2775 24 2807 3
101 2762 148 2794 sur
157 2747 181 2793 la
195 2747 269 2809 pitie‘,
282 2750 341 2804 sat,
356 2747 414 2804 XV,
429 2751 481 2794 131.
495 2774 524 2781 —
536 2747 687 2796 Membra
698 2759 820 2796 sumus.
834 2748 901 2794 Voir
912 2747 951 2794 les
971 2750 1049 2794 notes
1071 2749 1104 2794 de

100 2809 242 2855 laversion
256 2818 283 2854 n⁰
301 2812 353 2854 167.
371 2835 402 2842 -
422 2809 472 2858 Ex
491 2807 619 2870 iisdem,
639 2808 672 2857 ln
694 2809 806 2858 eadem
831 2823 836 2856 :
860 2824 891 2855 eu
910 2823 1019 2870 marque
1036 2808 1105 2855 l'ori-

101 2871 161 2930 gine
173 2868 282 2930 (lether,
294 2871 332 2917 les
349 2871 458 2932 astres);
478 2869 514 2927 in,
528 2871 552 2916 la
572 2871 743 2918 destination.
764 2897 794 2905 -
812 2871 972 2923 Mutuum.
994 2870 1104 2918 Ciceron

101 2934 143 2978 est
156 2946 201 2978 sur
212 2946 242 2978 ce
255 2932 331 2993 point
341 2931 403 2978 bien
420 2932 547 2978 inl'erieur
559 2932 573 2977 d
587 2931 725 2992 Se'neque:
739 2932 757 2979 il
774 2946 807 2978 ne
824 2933 973 2980 condamne
1010 2947 1037 2978 as
1054 2933 1105 2979 ior-

101 2993 253 3040 mellement
263 2994 300 3040 les
311 2994 374 3054 jeux
387 2994 419 3040 de
431 2993 593 3055 gladiateurs
612 2993 652 3054 (de
669 2992 754 3053 Offic,
769 2993 803 3052 Il,
823 2998 866 3052 163
885 2993 972 3052 Tusa,
990 2948 1023 3051 ll,
1033 2995 1064 3054 7),
1078 2997 1105 3040 et

100 3054 156 3100 loin
173 3056 205 3101 dc
223 3055 371 3115 proclamer
388 3056 425 3102 les
443 3054 557 3102 escleues
577 3068 626 3101 nos
643 3053 738 3114 freres,
757 3055 775 3100 il
793 3068 821 3101 se
842 3055 926 3102 borne
946 3057 959 3102 rl
977 3055 1105 3102 reclamer

101 3116 269 3164 timidement
279 3117 358 3177 qu'on
371 3117 409 3163 les
420 3117 498 3163 traite
513 3130 615 3163 comme
632 3116 678 3162 des
694 3117 870 3163 mercenaires
884 3117 926 3176 (de
940 3116 998 3178 Off..
1017 3117 1036 3176 l,
1055 3117 1103 3176 13).
1180 3157 1182 3163 ,

101 3204 131 3211 -
156 3177 268 3227 Laedl.
288 3176 359 3225 C'est
378 3179 402 3224 la
421 3177 497 3225 these
516 3177 660 3239 gendreuse
678 3180 807 3225 soutenue
822 3192 870 3239 pur
885 3177 979 3225 Platon
996 3179 1061 3225 dans
1081 3179 1105 3225 le

102 3238 225 3301 Gorgias.
238 3267 269 3274 —
282 3239 372 3289 Puto.
387 3239 458 3285 Beau
469 3254 529 3286 vers
541 3241 574 3286 de
584 3238 700 3286 Terence
714 3239 1105 3300 (Heautontd,1,5-l),traduit

101 3301 134 3346 de
148 3301 299 3348 biduandre.
317 3300 355 3348 cf.
371 3301 410 3347 les
421 3302 490 3347 deux
502 3315 562 3347 vers
572 3302 605 3348 de
615 3300 689 3362 Virg.
705 3315 710 3346 :
725 3299 801 3347 Haud
811 3299 906 3362 ignara
923 3301 986 3347 mall
1001 3301 1105 3348 miseris

25 3411 27 3418 ,
101 3376 261 3410 succurrere
274 3361 361 3419 diseo,
374 3361 484 3409 -Sunt
497 3361 624 3409 lacrimae
637 3376 738 3421 rerum,
752 3363 777 3409 et
787 3364 901 3409 mentem
913 3362 1038 3410 mortalia
1050 3364 1105 3410 tan-

100 3427 178 3487 gunt.
190 3452 220 3459 -
233 3424 434 3482 Habeamus,
448 3424 653 3471 sous-entendez
669 3423 716 3471 :in
727 3425 836 3485 pectore
854 3425 878 3471 et
900 3423 927 3471 in
952 3438 1006 3471 ore.
1021 3451 1047 3459 —
1068 3425 1104 3473 In

102 3498 278 3535 commune.
294 3486 364 3533 C'est
376 3486 400 3532 la
413 3484 550 3532 solidarite
569 3484 695 3532 humaine
705 3485 720 3531 rt
732 3500 783 3532 une
801 3485 904 3546 dpoque
917 3488 944 3532 et
966 3487 1031 3532 dans
1053 3500 1105 3533 une

102 3547 164 3593 ville
179 3549 213 3594 ou
225 3547 249 3594 le
262 3548 429 3609 patriotisme
443 3546 573 3593 e'tuittres
591 3546 710 3594 exclusis.
723 3573 753 3582 —
769 3546 859 3608 Quae
877 3559 1001 3596 casura
1016 3563 1021 3595 :
1036 3562 1105 3610 quae

102 3622 131 3653 se
147 3613 271 3670 rupporte
285 3608 558 3670 grammaticalement
571 3609 585 3654 a
597 3607 752 3668 fornicatio,
766 3612 793 3654 et
805 3608 986 3669 logiquement
999 3610 1014 3655 a
1026 3609 1105 3657 socie·

103 3669 190 3716 tas-
206 3670 395 3727 obstarent,
414 3671 606 3717 sous-entendu
629 3669 738 3733 lapides.
762 3696 790 3704 -
810 3670 879 3720 Hoc
898 3669 979 3732 ipso,
997 3669 1104 3718 dest-d-

102 3731 159 3778 dire
173 3746 179 3779 :
193 3733 266 3795 quod
278 3731 379 3794 lapides
395 3730 507 3778 invicem
521 3730 637 3780 obstant.

171 3821 213 3861 Vie
222 3821 334 3873 publique
348 3820 386 3861 des
406 3819 518 3861 Romaim
949 3809 955 3823 ¹
1039 3825 1064 3861 ss

528 3899 683 3948 ..463-
