2698 4242
305 142 359 200 19.
381 140 569 228 Menenius
588 141 755 210 Agrippa
773 153 822 198 au
841 140 970 209 peupie
989 137 1144 196 re'volte.

354 272 504 348 (Menenius
516 272 639 336 Agrippa
649 271 805 320 seditiosam
813 271 923 334 plebem
933 271 1105 334 alloquitur.)

169 493 210 556 4ο
266 497 307 554 Is*
323 495 519 554 intromissus
535 494 567 554 in
590 500 701 566 castra,
725 494 840 574 prisco*
854 493 907 551 illo
920 493 1042 553 dicendi
1058 499 1089 551 et
1100 492 1230 552 horrido

226 593 330 664 modo,
348 592 424 650 nihil
441 591 523 650 aliud
537 611 628 670 quam
651 591 710 650 hoc
732 611 869 649 narrasse
888 590 984 650 lertur
1008 609 1014 650 :
1040 615 1054 644 o
1076 591 1231 669 Tempore

227 691 330 769 quoin
348 689 481 758 homine,
495 709 555 746 non
572 695 606 746 ut
621 707 713 759 nunc,
726 687 827 745 omnia
839 688 870 744 in
888 708 982 746 unum
1003 687 1229 746 consentientia

228 785 280 845 sed
296 786 423 862 singulis
438 784 584 843 membris
599 805 687 843 suum
709 784 820 865 cuique
835 785 1008 855 consilium,
1031 805 1103 843 suus
1115 784 1229 842 sermo*

227 883 330 949 luerit,
348 882 521 960 indignatas
541 881 673 959 reliquas
695 888 797 960 partes
817 902 870 939 sua
890 902 973 950 cura,
994 903 1050 940 suo
1069 880 1173 940 labore
1194 901 1230 940 ac

224 979 396 1038 ministerio
411 979 512 1037 ventri
526 979 629 1037 omnia
645 979 740 1057 quaeri
752 998 758 1045 ;
771 987 909 1038 ventrem
921 979 951 1035 in
963 978 1064 1036 medio
1076 979 1228 1058 quietum,

225 1076 303 1134 nihil
319 1075 401 1134 aliud
414 1095 506 1154 quam
522 1074 603 1133 datis
616 1074 826 1154 voluptatibus
843 1076 920 1146 frui;
938 1076 1129 1154 conspirasse
1144 1074 1229 1146 inde,

224 1195 262 1232 ne
277 1193 385 1231 manus
400 1171 437 1230 ad
458 1192 493 1231 os
516 1173 618 1230 cibum
642 1173 767 1244 ferrent,
794 1193 849 1231 nec
874 1193 908 1230 os
928 1172 1081 1252 acciperet
1109 1172 1228 1242 datum,

224 1291 280 1328 nec
295 1270 402 1328 dentes
413 1269 611 1328 conficerent.
631 1270 697 1327 llac
713 1269 755 1327 ira
767 1269 841 1328 dum
854 1277 993 1328 ventrem
1008 1270 1086 1328 lame
1102 1269 1230 1328 domare

223 1367 349 1438 vellent,
363 1366 429 1446 ipsa
446 1387 505 1424 una
522 1366 659 1424 membra
681 1373 843 1446 totumque
864 1387 976 1446 corpus
998 1366 1036 1424 ad
1060 1373 1229 1425 extremum

224 1464 325 1524 tabem
338 1464 471 1523 venisse.
490 1462 564 1522 Inde
577 1463 757 1542 apparuisse
773 1464 890 1523 ventris
903 1485 1026 1545 quoque
1039 1463 1121 1523 haud
1134 1484 1229 1541 segne

225 1561 431 1621 ministerium
447 1581 524 1634 esse,
541 1581 597 1619 nec
618 1561 716 1637 magis
738 1560 777 1619 ali
797 1581 888 1640 quam
906 1561 986 1619 alere
1008 1582 1078 1619 eum
1099 1560 1230 1620 redden-

225 1668 286 1717 tem
302 1659 333 1717 in
350 1678 456 1717 omnes
470 1657 609 1736 corporis
623 1649 728 1737 partes
741 1657 833 1728 hunc,
851 1678 911 1737 quo
925 1658 1058 1717 vivimus
1073 1658 1230 1735 vigemus-

230 1777 301 1837 que‚
330 1754 463 1814 divisum
487 1755 604 1834 pariter
628 1754 658 1812 in
680 1774 783 1824 venas,
807 1764 961 1813 maturum
992 1755 1134 1814 conlecto
1157 1755 1231 1813 cibo

224 1854 414 1928 sanguinem.
443 1877 457 1906 »
484 1851 701 1931 Comparando
719 1851 791 1910 hinc
812 1872 904 1931 quam
922 1852 1068 1910 intestina
1088 1853 1230 1931 corporis

223 1949 334 2009 seditio
348 1947 455 2006 similis
475 1956 554 2007 esset
573 1949 626 2008 irae
646 1948 745 2029 plebis
771 1949 803 2006 in
820 1949 934 2021 Patres,
956 1948 1090 2008 flexisse*
1109 1957 1231 2009 mentes

228 2047 404 2122 hpminum.
422 2045 481 2126 Agi
502 2045 614 2104 deinde
635 2045 674 2104 de
686 2045 849 2104 concordia
869 2053 1016 2126 coeptum,
1031 2067 1229 2106 concessum-

230 2164 289 2222 que
319 2143 351 2201 in
380 2142 591 2213 condiciones,
623 2149 658 2201 ut
692 2143 773 2222 plebi
805 2144 851 2201 sui
893 2143 1089 2221 magistratus
1126 2152 1231 2202 essent

227 2239 441 2311 sacrosancti*‚
459 2239 571 2318 quibus
584 2239 686 2298 auxilii
696 2241 708 2264 *
722 2239 796 2299 latio
811 2239 957 2298 adversus
974 2240 1116 2298 consules
1131 2249 1228 2313 esset;

226 2357 302 2396 neve
329 2336 377 2396 cui
407 2336 533 2396 Petrum
559 2356 668 2416 capere
692 2356 761 2394 eum
788 2337 1001 2415 magistratum
1021 2337 1150 2396 liceret'st
1182 2339 1230 2397 lta

225 2433 341 2495 tribuni
350 2433 449 2512 plebei
462 2433 555 2492 creati
568 2432 653 2493 du0*.

256 2617 1231 2684 N⁰192Is:MeneniusEnl93uvantJ.·C.‚lesplebeiensserdvolterent:

227 2687 252 2729 1ο
268 2696 349 2744 parce
364 2695 414 2744 que
426 2680 466 2727 les
480 2680 626 2741 putriciens
643 2681 830 2729 conservuient
849 2697 917 2742 pour
931 2695 982 2728 eux
999 2682 1070 2730 seuls
1086 2685 1174 2731 toutes
1190 2683 1232 2732 les

227 2742 358 2807 dignites3
371 2747 396 2789 2⁰
408 2755 488 2804 parce
502 2755 563 2803 que,
579 2742 695 2803 occupes
710 2757 771 2790 sans
784 2758 858 2790 cesse
871 2743 920 2791 atla
930 2758 1031 2815 guerre,
1043 2744 1082 2792 les
1092 2744 1233 2806 plebeiens

227 2821 260 2852 ne
274 2804 421 2868 pouvaicnt
434 2802 549 2852 cultiver
566 2803 637 2852 leurs
657 2804 776 2866 champs,
795 2807 994 2867 empruntaient
1008 2807 1023 2858 d
1036 2821 1126 2865 usuro,
1145 2809 1180 2865 et,
1197 2822 1231 2854 en

227 2869 304 2914 vertu
319 2864 396 2913 d'une
407 2864 442 2913 loi
456 2864 563 2924 oruella,
580 2866 740 2913 devenaient
751 2866 776 2914 lu
790 2866 871 2915 chose
886 2867 932 2915 des
945 2867 1090 2929 patriciens
1104 2866 1181 2930 qu'iis
1196 2883 1234 2916 ne

227 2926 1231 3050 *liititillataillinitisitit'aviisitt·

227 3004 315 3045 cene,
396 3004 404 3035 ι
603 3004 691 3036 e.-
814 3025 821 3037 .
861 3004 988 3038 .aue
1021 3005 1035 3039 e
1068 3006 1230 3052 eunome,

228 3053 265 3100 tes
279 3049 410 3098 Membree
420 3049 446 3098 et
458 3004 608 3100 t’Estomho.
622 3051 760 3100 Tite-Live
771 3066 831 3099 com
851 3052 918 3100 rend
931 3050 1011 3114 qu'un
1027 3052 1096 3101 beau
1108 3053 1233 3103 discours

227 3114 308 3162 serait
318 3112 351 3160 ici
360 3112 422 3160 hors
435 3113 468 3159 de
480 3127 509 3160 sa
519 3113 603 3175 place.
614 3139 645 3149 —
656 3113 776 3163 Sermo.
788 3067 854 3160 Lai*

229 3179 313 3236 temps
327 3174 361 3222 ou
377 3173 414 3222 tes
424 3173 704 3236 betesparlaient;‘ou
717 3174 778 3222 bien
792 3189 797 3222 :
816 3175 883 3223 Tout
893 3176 971 3238 parte
984 3189 1016 3224 en
1027 3191 1089 3225 mon
1102 3191 1232 3240 ouvrape,

229 3239 253 3285 ot
272 3237 354 3284 meme
371 3235 407 3284 tea
421 3235 554 3298 poissons.
574 3264 603 3272 -
622 3235 771 3286 elexisse
786 3237 891 3298 depend
908 3238 941 3285 de
960 3238 1053 3286 lertur.
1070 3263 1098 3274 -
1114 3238 1231 3289 Sacro-

229 3297 346 3355 sancti,
365 3297 541 3345 inviolables:
558 3313 588 3346 ce
605 3299 649 3360 qui
665 3299 703 3345 les
721 3299 869 3360 protegeait
885 3302 978 3348 contre
994 3297 1101 3348 l’action
1119 3301 1151 3348 de
1168 3303 1232 3348 tous

230 3363 267 3408 les
281 3361 440 3420 magistrats.
454 3387 485 3395 -
495 3359 621 3410 Auxilii
634 3359 724 3418 latio,
739 3360 766 3407 id
779 3363 817 3408 est
826 3360 874 3422 jus
887 3360 993 3421 serendi
1005 3361 1112 3411 ausilii.
1126 3364 1150 3411 A
1162 3360 1232 3410 l'ori-

230 3425 289 3483 gine
303 3421 373 3469 leurs
386 3421 560 3468 attributions
573 3437 601 3468 se
611 3422 753 3470 bornuient
767 3423 915 3484 dprottger
929 3424 968 3470 les
985 3423 1122 3485 plebeiens
1137 3427 1233 3473 contre

229 3486 267 3532 les
285 3484 369 3531 arrets
384 3482 537 3530 arbitraires
555 3485 601 3530 des
617 3484 733 3532 consuls.
753 3484 787 3530 lls
804 3483 938 3532 n'avaient
954 3499 1002 3546 pus
1014 3486 1100 3532 meme
1117 3487 1141 3532 le
1157 3487 1232 3535 droit

230 3548 262 3593 de
281 3547 373 3608 porter
391 3545 417 3591 la
435 3545 525 3605 parole
542 3547 608 3592 dans
628 3544 792 3592 l'ussemblee
807 3547 841 3592 du
862 3547 966 3608 peuple.
983 3573 1014 3582 -
1032 3547 1172 3597 Liceret.
1189 3547 1232 3596 On

230 3608 282 3655 seit
294 3622 344 3668 que
359 3607 383 3654 le
400 3606 505 3654 tomeun
522 3605 639 3665 Clodius,
657 3605 778 3654 l’ennemi
794 3608 827 3655 de
841 3608 961 3664 Ciceron,
982 3609 1024 3656 sut
1040 3608 1127 3671 oblige
1147 3610 1180 3657 de
1202 3624 1231 3658 se

230 3669 295 3717 taire
305 3669 417 3731 adopter
428 3682 477 3729 par
488 3683 523 3715 un
534 3668 657 3730 plebeien
668 3684 736 3730 pour
747 3671 802 3717 etre
813 3669 919 3718 nomme
932 3669 1022 3718 tribun
1034 3671 1070 3718 du
1083 3670 1188 3733 peuple.
1201 3697 1232 3709 -

231 3732 310 3780 Duo.
325 3730 360 3778 Le
375 3730 486 3778 nombre
498 3731 544 3778 des
559 3731 665 3778 tribuns
679 3732 721 3779 fut
736 3730 814 3794 porte
829 3732 932 3780 ensuite
947 3733 963 3779 d
977 3733 1048 3793 cinq,
1064 3733 1125 3795 puis
1141 3733 1157 3779 d
1176 3733 1232 3782 dix.

856 3114 1012 3163 ontainedit
1023 3115 1057 3170 de
1068 3116 1154 3163 meme
1167 3130 1173 3162 :
1187 3119 1231 3165 Au

658 3901 798 3952 ..20-
