2696 4244
309 161 391 220 180.
410 163 459 218 Le
473 159 623 217 Bouffon
639 161 675 216 et
691 159 724 215 le
738 161 898 227 Persen.
917 164 919 172 ’

437 256 563 322 (Scurre'
576 258 601 305 et
615 254 754 317 rusticus.)

514 393 553 448 1¹⁹
573 410 687 450 enarra.

180 532 281 592 Pr'ono
295 531 403 592 lavore
420 532 501 591 labi*
516 531 661 591 mortales
679 531 788 590 solent.

178 629 227 701 Et,
242 630 422 709 praejudicio
438 629 511 689 dum
525 632 627 688 stant*
641 629 753 688 erroris
763 629 822 698 sui,

177 727 226 785 Ad
244 726 455 806 paenitendum
470 727 562 786 rebus
577 727 748 785 manifestis
763 727 839 803 agi*.

183 821 329 882 Facturus
347 823 459 882 ludos*
477 822 563 882 dives
579 823 705 903 quidam
719 822 831 881 nobilis

179 917 342 1000 Proposito
357 928 486 980 cunctos
500 921 646 979 invitavit
657 920 795 999 praemio,

178 1015 278 1084 Quam
298 1018 429 1098 quisque
447 1018 581 1097 posset*,
596 1017 811 1076 utnovitatem
822 1015 997 1076 ostenderet

178 1113 299 1173 Venere
315 1114 446 1174 artifices
461 1114 562 1173 laudis
575 1113 613 1175 ad
626 1115 805 1173 certamina.
1021 1111 1023 1117 ’

178 1210 264 1278 Quos
280 1212 377 1270 inter*
391 1233 505 1278 scurra,
524 1219 615 1270 notus
631 1211 766 1269 urbano*
783 1210 854 1282 sale,

182 1309 303 1367 Habere
317 1309 394 1367 dixit
412 1329 443 1367 se
458 1329 554 1386 genus
572 1307 749 1387 spectaculi,

181 1405 270 1472 Quod
284 1406 315 1465 in
334 1406 455 1465 theatro
470 1425 637 1485 numquam
649 1405 804 1484 prolatum
820 1403 930 1466 soret'.
973 1435 976 1441 ·

182 1502 347 1582 Dispersus
360 1524 466 1561 rumor
479 1503 635 1562 civitatem
653 1502 788 1561 eoncitat
804 1520 811 1561 τ

185 1600 280 1659 Paulo
295 1609 366 1659 ante
381 1621 478 1659 vacua
493 1599 614 1658 turbam
632 1600 781 1657 deficiunt
796 1599 873 1660 loca.

181 1697 215 1754 ln
232 1701 352 1756 scaena*
365 1718 438 1755 vero
453 1703 616 1776 postquam
630 1696 713 1754 solus
727 1695 868 1755 constitit

180 1794 253 1852 Sine
272 1802 420 1874 apparatu
430 1795 452 1867 *,
468 1793 560 1852 nullis
582 1793 805 1873 adjutoribus*,

180 1891 345 1950 Silentium
363 1891 429 1970 ipsa
444 1890 518 1950 lecit
533 1891 733 1969 exspectatio

181 1988 236 2046 llle
254 1989 285 2046 in
303 1989 424 2047 sinum*
437 1996 562 2068 repente
576 1987 700 2046 demisit
716 1993 820 2066 caput,

182 2085 221 2144 Et
233 2085 276 2144 sic
290 2084 417 2165 porcelli
433 2105 540 2144 vocem
556 2093 603 2144 est
620 2084 757 2143 imitatus
773 2106 837 2147 sua.

181 2183 295 2242 Verum
311 2191 345 2241 ut
360 2183 484 2241 subesse
501 2182 595 2262 pallio
613 2181 845 2254 contenderent,

183 2281 223 2339 Et
239 2279 366 2338 excuti*
379 2278 537 2358 juberent.
557 2279 624 2347 Quo
638 2280 731 2348 lacte,
743 2279 855 2337 simul*

182 2376 266 2434 Nihil
282 2385 328 2436 est
343 2385 511 2455 repertum,
526 2377 632 2434 multis
645 2384 773 2434 onerant
788 2376 942 2446 laudibus

182 2474 413 2553 Hominumque
428 2474 540 2554 plausu
554 2481 783 2553 prosequuntur
800 2473 943 2533 maximo

130 2633 173 2684 N⁰
187 2632 268 2684 180:
282 2632 416 2683 Scurra.
429 2631 548 2680 D'abord
561 2631 715 2694 equivalent
732 2630 889 2686 d'urbanus,
904 2632 1010 2684 homme
1028 2634 1072 2693 qui
1090 2648 1106 2680 n

99 2696 139 2742 les
152 2695 283 2742 manieres
295 2696 329 2742 de
342 2696 366 2743 la
384 2695 455 2753 ville,
469 2695 502 2742 de
521 2694 546 2741 la
562 2695 650 2743 bonne
665 2695 829 2754 compagnie.
844 2708 893 2763 par
905 2695 1059 2755 opposition
1072 2709 1105 2750 au

22 2799 24 2822 ,
99 2757 251 2818 provincial
272 2757 374 2818 gauche
395 2759 422 2804 et
441 2756 591 2817 emprunte.
613 2755 676 2801 Plus
695 2756 763 2810 tarel,
783 2755 850 2801 celm
869 2756 915 2816 qui
930 2756 1047 2816 ssagorne
1068 2757 1106 2804 tes

100 2820 190 2866 riches
200 2832 269 2880 pour
280 2834 307 2865 se
321 2819 385 2866 faire
398 2819 497 2865 inviter
511 2818 526 2864 d
541 2818 587 2864 des
600 2831 676 2878 repas
690 2819 723 2864 ori
736 2818 753 2863 il
768 2817 826 2877 paie
837 2832 884 2863 son
898 2817 958 2864 tcot
971 2832 1003 2863 en
1016 2818 1105 2864 flatte-

99 2881 155 2928 ries
176 2883 203 2927 et
224 2894 257 2927 en
276 2880 344 2927 bons
362 2883 441 2927 mots.
459 2906 488 2914 —
508 2879 594 2928 Laui
614 2900 641 2919 =
660 2893 760 2925 errare.
780 2905 810 2913 —
827 2878 933 2932 stant.
952 2880 1105 2941 expression

99 2943 228 2989 mititaire
242 2958 248 2990 τ
262 2941 315 2989 s'en
331 2943 402 2988 tenir
419 2943 442 2998 d,
461 2945 546 2988 rester
557 2941 663 2988 attache'
676 2941 699 2988 a.
716 2967 746 2975 —
758 2939 831 3004 Agi,
846 2940 950 3001 de'pend
963 2942 995 2988 de
1009 2941 1103 2997 setent

99 3031 132 3039 —
148 3003 267 3054 Ludos.
282 3005 332 3050 Les
345 3003 472 3050 Bomains
484 3003 685 3064 comprenaient
698 3017 760 3049 sous
771 3002 795 3049 le
808 3017 869 3048 nom
883 3003 989 3063 ge'ne'ral
1001 3003 1033 3049 de
1048 3002 1107 3050 tuot

100 3067 140 3114 les
152 3080 261 3112 courses
278 3080 310 3113 en
328 3079 399 3124 enar,
414 3066 428 3111 a
444 3065 546 3122 cheval,
563 3065 577 3110 d
595 3065 664 3126 pied,
683 3065 721 3110 les
739 3065 870 3111 exerciccs
883 3064 1050 3126 gymniques,
1069 3065 1107 3112 les

99 3127 225 3175 combats
242 3127 274 3174 de
294 3127 463 3188 gladiateurs,
483 3128 521 3174 les
537 3126 765 3186 representations
778 3127 931 3183 theatrales,
949 3127 994 3187 qui
1007 3125 1108 3174 etaient

99 3189 205 3236 donnc's
226 3189 239 3234 ὲ
257 3189 388 3235 certaines
411 3189 477 3235 fetes
495 3203 527 3234 en
546 3188 686 3235 l'honneur
706 3188 753 3234 des
771 3189 849 3238 dieux
864 3187 941 3250 (jere
962 3187 1106 3247 sotennots,

99 3251 247 3298 edle'bre'sd
261 3250 379 3320 e'poques
390 3250 454 3296 fixes
467 3253 494 3296 et
508 3264 560 3296 aux
573 3249 635 3295 lreis
650 3251 682 3296 de
695 3249 793 3310 l'Etat),
815 3265 848 3296 ou
862 3251 954 3296 otl'erts
969 3264 1000 3296 au
1015 3250 1108 3312 public

101 3327 173 3374 pour
188 3313 211 3359 le
229 3313 343 3359 dirertrr
361 3327 410 3371 par
423 3313 455 3358 de
468 3311 555 3358 riches
568 3313 689 3373 citoyens
707 3311 784 3372 (joun
802 3311 978 3373 honoraires).
993 3338 1019 3346 —
1034 3312 1108 3368 Pos-

99 3375 163 3432 set,
185 3374 377 3421 sous-entendu
402 3373 550 3420 ostendere.
574 3401 604 3407 —
625 3373 711 3432 Quos
730 3371 817 3423 inter
837 3394 868 3413 =
890 3373 961 3420 inter
982 3388 1058 3436 quos.
1076 3400 1107 3409 —

101 3435 246 3486 Urbano.
262 3436 327 3482 Voir
340 3435 496 3490 Quintitien,
511 3435 750 3494 V1,3:oi1re1·ence
764 3439 838 3482 entre
851 3433 999 3492 urbanitas,
1013 3450 1107 3496 venus-

102 3498 170 3555 ium,
184 3497 294 3554 salsum,
308 3496 432 3557 facetum,
443 3497 532 3558 jocus,
547 3496 682 3554 dicacitas,
702 3501 752 3542 etc.
771 3524 801 3530 -
821 3496 992 3546 Prolatum
1012 3497 1106 3557 foret,

100 3559 252 3618 subjonetrf
261 3560 294 3605 de
310 3559 379 3620 style
392 3560 513 3606 indirect.
528 3585 557 3592 —
575 3558 711 3608 Scaena.
731 3558 765 3604 ee
781 3562 837 3604 mot
854 3558 962 3617 de'sifrne
980 3559 995 3605 d
1014 3560 1038 3605 la
1056 3559 1108 3605 fois

101 3621 129 3668 la
143 3620 310 3682 plato-forme
326 3621 532 3682 (proscaenium)
551 3622 584 3667 ou
601 3621 639 3666 les
652 3623 757 3667 acteurs
769 3620 890 3678 jouaient
905 3621 975 3667 leurs
989 3621 1066 3672 roles.
1080 3624 1108 3667 et

102 3683 128 3729 le
141 3697 199 3729 mur
211 3683 257 3745 qui
270 3683 377 3729 l'ormait
388 3683 411 3729 le
424 3682 487 3729 lond
503 3685 658 3742 permanent
671 3682 706 3728 du
719 3681 823 3728 theatre
835 3697 904 3741 ,mur
915 3683 947 3728 de
962 3683 1061 3742 pierres
1072 3697 1107 3728 ou

100 3744 137 3790 de
149 3744 262 3800 marbre,
276 3744 340 3791 orne
358 3744 391 3791 tle
404 3745 530 3791 colonnes
543 3747 570 3790 et
583 3744 660 3804 perce'
674 3744 706 3790 de
721 3745 785 3790 trois
804 3748 936 3803 portes:
950 3748 1062 3802 scaena).
1076 3770 1108 3778 -

22 3817 23 3846 t
100 3805 279 3869 Apparatu
294 3821 300 3853 ε
318 3804 436 3854 l'attirail
449 3805 582 3852 ordinaire
594 3805 641 3851 des
654 3805 766 3851 faiseurs
778 3805 811 3851 de
829 3809 913 3852 lours,
928 3831 955 3839 -
969 3803 1110 3867 Adjuto·

525 3920 683 3971 -181-
