<?xml version="1.0" encoding="UTF-8"?>
<!DOCTYPE html PUBLIC "-//W3C//DTD XHTML 1.0 Transitional//EN"
    "http://www.w3.org/TR/xhtml1/DTD/xhtml1-transitional.dtd">
<html xmlns="http://www.w3.org/1999/xhtml" xml:lang="en" lang="en">
 <head>
  <title>
</title>
<meta http-equiv="Content-Type" content="text/html;charset=utf-8" />
  <meta name='ocr-system' content='tesseract 3.04.00' />
  <meta name='ocr-capabilities' content='ocr_page ocr_carea ocr_par ocr_line ocrx_word'/>
</head>
<body>
  <div class='ocr_page' id='page_1' title='image "./depublicaprivat01arnagoog_0119.png"; bbox 0 0 2658 4244; ppageno 0'>
   <div class='ocr_carea' id='block_1_1' title="bbox 470 170 928 230">
    <p class='ocr_par' dir='ltr' id='par_1_1' title="bbox 470 170 928 230">
     <span class='ocr_line' id='line_1_1' title="bbox 470 170 928 230; baseline -0.002 -1"><span class='ocrx_word' id='word_1_1' title='bbox 470 174 528 230; x_wconf 78' lang='lat'>71.</span> <span class='ocrx_word' id='word_1_2' title='bbox 543 175 598 230; x_wconf 83' lang='lat' dir='ltr'>La</span> <span class='ocrx_word' id='word_1_3' title='bbox 612 173 739 229; x_wconf 83' lang='lat' dir='ltr'>Patrie</span> <span class='ocrx_word' id='word_1_4' title='bbox 759 173 784 229; x_wconf 79' lang='lat' dir='ltr'>a</span> <span class='ocrx_word' id='word_1_5' title='bbox 802 170 928 230; x_wconf 77' lang='lat' dir='ltr'>Cesar.</span> 
     </span>
    </p>
   </div>
   <div class='ocr_carea' id='block_1_2' title="bbox 474 276 915 340">
    <p class='ocr_par' dir='ltr' id='par_1_2' title="bbox 474 276 915 340">
     <span class='ocr_line' id='line_1_2' title="bbox 474 276 915 340; baseline -0.002 -16"><span class='ocrx_word' id='word_1_6' title='bbox 474 276 575 340; x_wconf 83' lang='lat' dir='ltr'>(Patria</span> <span class='ocrx_word' id='word_1_7' title='bbox 590 277 729 326; x_wconf 83' lang='lat' dir='ltr'>Caesarem</span> <span class='ocrx_word' id='word_1_8' title='bbox 743 276 915 340; x_wconf 73' lang='lat' dir='ltr'>alloquitur.)</span> 
     </span>
    </p>
   </div>
   <div class='ocr_carea' id='block_1_3' title="bbox 98 399 1199 2415">
    <p class='ocr_par' dir='ltr' id='par_1_3' title="bbox 128 399 1199 1157">
     <span class='ocr_line' id='line_1_3' title="bbox 128 399 1198 484; baseline -0.002 -24"><span class='ocrx_word' id='word_1_9' title='bbox 128 399 170 464; x_wconf 76' lang='lat'>3⁶</span> <span class='ocrx_word' id='word_1_10' title='bbox 235 400 323 467; x_wconf 89' lang='lat' dir='ltr'>Quod</span> <span class='ocrx_word' id='word_1_11' title='bbox 343 402 389 459; x_wconf 88' lang='lat' dir='ltr'>si*</span> <span class='ocrx_word' id='word_1_12' title='bbox 413 409 514 459; x_wconf 89' lang='lat' dir='ltr'>tecum</span> <span class='ocrx_word' id='word_1_13' title='bbox 536 401 635 480; x_wconf 89' lang='lat' dir='ltr'>patria</span> <span class='ocrx_word' id='word_1_14' title='bbox 652 408 744 479; x_wconf 86' lang='lat' dir='ltr'>atque</span> <span class='ocrx_word' id='word_1_15' title='bbox 765 400 930 479; x_wconf 81' lang='lat' dir='ltr'>parentes*</span> <span class='ocrx_word' id='word_1_16' title='bbox 952 403 1079 479; x_wconf 84' lang='lat' dir='ltr'>possent</span> <span class='ocrx_word' id='word_1_17' title='bbox 1100 399 1198 484; x_wconf 88' lang='lat' dir='ltr'>loqui,</span> 
     </span>
     <span class='ocr_line' id='line_1_4' title="bbox 194 496 1199 576; baseline 0 -22"><span class='ocrx_word' id='word_1_18' title='bbox 194 497 333 556; x_wconf 84' lang='lat' dir='ltr'>scilicet*</span> <span class='ocrx_word' id='word_1_19' title='bbox 352 497 417 556; x_wconf 86' lang='lat' dir='ltr'>haec</span> <span class='ocrx_word' id='word_1_20' title='bbox 437 496 494 555; x_wconf 91' lang='lat' dir='ltr'>tibi</span> <span class='ocrx_word' id='word_1_21' title='bbox 516 497 677 557; x_wconf 81' lang='lat' dir='ltr'>dicerent:</span> <span class='ocrx_word' id='word_1_22' title='bbox 704 496 756 556; x_wconf 75' lang='grc' dir='ltr'>«Ο</span> <span class='ocrx_word' id='word_1_23' title='bbox 782 497 895 569; x_wconf 72' lang='lat' dir='ltr'>Caesar,</span> <span class='ocrx_word' id='word_1_24' title='bbox 917 517 973 556; x_wconf 92' lang='lat' dir='ltr'>nos</span> <span class='ocrx_word' id='word_1_25' title='bbox 992 505 1022 556; x_wconf 89' lang='lat' dir='ltr'>tc</span> <span class='ocrx_word' id='word_1_26' title='bbox 1036 497 1199 576; x_wconf 84' lang='lat' dir='ltr'><strong>genuimus</strong></span> 
     </span>
     <span class='ocr_line' id='line_1_5' title="bbox 193 593 1197 674; baseline 0.001 -23"><span class='ocrx_word' id='word_1_27' title='bbox 193 593 353 652; x_wconf 86' lang='lat' dir='ltr'>fortissimi</span> <span class='ocrx_word' id='word_1_28' title='bbox 365 595 434 665; x_wconf 88' lang='lat' dir='ltr'>viri,</span> <span class='ocrx_word' id='word_1_29' title='bbox 448 596 479 652; x_wconf 89' lang='lat' dir='ltr'>in</span> <span class='ocrx_word' id='word_1_30' title='bbox 491 594 629 673; x_wconf 87' lang='lat' dir='ltr'>optima*</span> <span class='ocrx_word' id='word_1_31' title='bbox 638 593 724 665; x_wconf 89' lang='lat' dir='ltr'>urbe,</span> <span class='ocrx_word' id='word_1_32' title='bbox 738 594 832 652; x_wconf 86' lang='lat' dir='ltr'>decus</span> <span class='ocrx_word' id='word_1_33' title='bbox 843 593 1084 674; x_wconf 84' lang='lat' dir='ltr'>praesidiumque</span> <span class='ocrx_word' id='word_1_34' title='bbox 1096 594 1197 664; x_wconf 85' lang='lat' dir='ltr'>nobis,</span> 
     </span>
     <span class='ocr_line' id='line_1_6' title="bbox 193 689 1198 770; baseline 0 -22"><span class='ocrx_word' id='word_1_35' title='bbox 193 689 334 749; x_wconf 75' lang='lat' dir='ltr'>hostibus</span> <span class='ocrx_word' id='word_1_36' title='bbox 366 699 525 750; x_wconf 86' lang='lat' dir='ltr'>terrorem.</span> <span class='ocrx_word' id='word_1_37' title='bbox 557 691 630 758; x_wconf 88' lang='lat' dir='ltr'>Quae</span> <span class='ocrx_word' id='word_1_38' title='bbox 664 690 770 749; x_wconf 88' lang='lat' dir='ltr'>multis</span> <span class='ocrx_word' id='word_1_39' title='bbox 802 691 960 750; x_wconf 77' lang='lat' dir='ltr'>laboribus</span> <span class='ocrx_word' id='word_1_40' title='bbox 992 697 1023 749; x_wconf 91' lang='lat' dir='ltr'>et</span> <span class='ocrx_word' id='word_1_41' title='bbox 1053 690 1198 770; x_wconf 86' lang='lat' dir='ltr'>periculis</span> 
     </span>
     <span class='ocr_line' id='line_1_7' title="bbox 192 787 1197 866; baseline 0.001 -21"><span class='ocrx_word' id='word_1_42' title='bbox 192 805 383 866; x_wconf 79' lang='lat' dir='ltr'>ceperamus,</span> <span class='ocrx_word' id='word_1_43' title='bbox 400 809 434 846; x_wconf 87' lang='lat' dir='ltr'>ea</span> <span class='ocrx_word' id='word_1_44' title='bbox 446 788 502 846; x_wconf 91' lang='lat' dir='ltr'>tibi</span> <span class='ocrx_word' id='word_1_45' title='bbox 521 788 659 846; x_wconf 88' lang='lat' dir='ltr'>nascenti</span> <span class='ocrx_word' id='word_1_46' title='bbox 674 808 745 846; x_wconf 90' lang='lat' dir='ltr'>cum</span> <span class='ocrx_word' id='word_1_47' title='bbox 766 788 868 846; x_wconf 89' lang='lat' dir='ltr'>anima</span> <span class='ocrx_word' id='word_1_48' title='bbox 889 788 981 846; x_wconf 90' lang='lat' dir='ltr'>simul</span> <span class='ocrx_word' id='word_1_49' title='bbox 1001 787 1197 858; x_wconf 67' lang='lat' dir='ltr'>tradidimus</span> 
     </span>
     <span class='ocr_line' id='line_1_8' title="bbox 192 883 1197 964; baseline 0.001 -22"><span class='ocrx_word' id='word_1_50' title='bbox 192 885 322 963; x_wconf 89' lang='lat' dir='ltr'>patriam</span> <span class='ocrx_word' id='word_1_51' title='bbox 332 905 505 943; x_wconf 86' lang='lat' dir='ltr'>maxumam</span> <span class='ocrx_word' id='word_1_52' title='bbox 522 885 553 942; x_wconf 89' lang='lat' dir='ltr'>in</span> <span class='ocrx_word' id='word_1_53' title='bbox 563 886 664 956; x_wconf 88' lang='lat' dir='ltr'>terris,</span> <span class='ocrx_word' id='word_1_54' title='bbox 674 883 800 942; x_wconf 79' lang='lat' dir='ltr'>donrum</span> <span class='ocrx_word' id='word_1_55' title='bbox 810 883 1041 964; x_wconf 81' lang='lat' dir='ltr'>*familiamque</span> <span class='ocrx_word' id='word_1_56' title='bbox 1052 884 1084 941; x_wconf 92' lang='lat' dir='ltr'>in</span> <span class='ocrx_word' id='word_1_57' title='bbox 1099 885 1197 961; x_wconf 88' lang='lat' dir='ltr'>patria</span> 
     </span>
     <span class='ocr_line' id='line_1_9' title="bbox 191 979 1197 1059; baseline 0 -20"><span class='ocrx_word' id='word_1_58' title='bbox 191 981 406 1054; x_wconf 89' lang='lat' dir='ltr'>clarissimam,</span> <span class='ocrx_word' id='word_1_59' title='bbox 439 990 587 1059; x_wconf 86' lang='lat' dir='ltr'>praeterea</span> <span class='ocrx_word' id='word_1_60' title='bbox 619 981 715 1038; x_wconf 88' lang='lat' dir='ltr'>bonas</span> <span class='ocrx_word' id='word_1_61' title='bbox 745 981 857 1054; x_wconf 84' lang='lat' dir='ltr'>artes*,</span> <span class='ocrx_word' id='word_1_62' title='bbox 888 981 1033 1040; x_wconf 87' lang='lat' dir='ltr'>honestas</span> <span class='ocrx_word' id='word_1_63' title='bbox 1059 979 1197 1053; x_wconf 85' lang='lat' dir='ltr'>divitias,</span> 
     </span>
     <span class='ocr_line' id='line_1_10' title="bbox 192 1077 1198 1157; baseline 0.001 -22"><span class='ocrx_word' id='word_1_64' title='bbox 192 1086 349 1156; x_wconf 89' lang='lat' dir='ltr'>postremo</span> <span class='ocrx_word' id='word_1_65' title='bbox 364 1079 466 1137; x_wconf 90' lang='lat' dir='ltr'>omnia</span> <span class='ocrx_word' id='word_1_66' title='bbox 478 1078 730 1137; x_wconf 82' lang='lat' dir='ltr'>honestamenta*</span> <span class='ocrx_word' id='word_1_67' title='bbox 746 1077 829 1156; x_wconf 87' lang='lat' dir='ltr'>pacis</span> <span class='ocrx_word' id='word_1_68' title='bbox 839 1086 871 1136; x_wconf 89' lang='lat' dir='ltr'>et</span> <span class='ocrx_word' id='word_1_69' title='bbox 881 1079 1027 1157; x_wconf 86' lang='lat' dir='ltr'>praemia*</span> <span class='ocrx_word' id='word_1_70' title='bbox 1043 1077 1125 1136; x_wconf 89' lang='lat' dir='ltr'>belli.</span> <span class='ocrx_word' id='word_1_71' title='bbox 1138 1077 1198 1136; x_wconf 87' lang='lat' dir='ltr'>Pro</span> 
     </span>
    </p>

    <p class='ocr_par' dir='ltr' id='par_1_4' title="bbox 189 1174 1197 1834">
     <span class='ocr_line' id='line_1_11' title="bbox 191 1174 1197 1255; baseline 0.001 -24"><span class='ocrx_word' id='word_1_72' title='bbox 191 1175 239 1232; x_wconf 93' lang='lat' dir='ltr'>his</span> <span class='ocrx_word' id='word_1_73' title='bbox 252 1175 448 1254; x_wconf 77' lang='lat' dir='ltr'>amplissimis</span> <span class='ocrx_word' id='word_1_74' title='bbox 464 1174 620 1234; x_wconf 85' lang='lat' dir='ltr'>beneficiis</span> <span class='ocrx_word' id='word_1_75' title='bbox 631 1195 693 1233; x_wconf 92' lang='lat' dir='ltr'>non</span> <span class='ocrx_word' id='word_1_76' title='bbox 704 1175 873 1252; x_wconf 79' lang='lat' dir='ltr'>flagitium*</span> <span class='ocrx_word' id='word_1_77' title='bbox 886 1195 902 1233; x_wconf 92' lang='lat' dir='ltr'>a</span> <span class='ocrx_word' id='word_1_78' title='bbox 918 1182 959 1246; x_wconf 87' lang='lat' dir='ltr'>te,</span> <span class='ocrx_word' id='word_1_79' title='bbox 973 1195 1071 1255; x_wconf 90' lang='lat' dir='ltr'>neque</span> <span class='ocrx_word' id='word_1_80' title='bbox 1081 1175 1197 1233; x_wconf 90' lang='lat' dir='ltr'>malum</span> 
     </span>
     <span class='ocr_line' id='line_1_12' title="bbox 190 1270 1195 1350; baseline 0.001 -21"><span class='ocrx_word' id='word_1_81' title='bbox 190 1271 321 1345; x_wconf 89' lang='lat' dir='ltr'>lacinus,</span> <span class='ocrx_word' id='word_1_82' title='bbox 344 1273 489 1350; x_wconf 87' lang='lat' dir='ltr'>petimus,</span> <span class='ocrx_word' id='word_1_83' title='bbox 512 1271 564 1330; x_wconf 88' lang='lat' dir='ltr'>sed</span> <span class='ocrx_word' id='word_1_84' title='bbox 592 1272 637 1329; x_wconf 93' lang='lat' dir='ltr'>uti</span> <span class='ocrx_word' id='word_1_85' title='bbox 666 1271 840 1330; x_wconf 88' lang='lat' dir='ltr'>libertatem</span> <span class='ocrx_word' id='word_1_86' title='bbox 872 1291 1009 1331; x_wconf 87' lang='lat' dir='ltr'>eversam</span> <span class='ocrx_word' id='word_1_87' title='bbox 1039 1270 1195 1330; x_wconf 81' lang='lat' dir='ltr'>restituas.</span> 
     </span>
     <span class='ocr_line' id='line_1_13' title="bbox 190 1368 1197 1447; baseline 0 -21"><span class='ocrx_word' id='word_1_88' title='bbox 190 1369 256 1434; x_wconf 86' lang='lat' dir='ltr'>Qua</span> <span class='ocrx_word' id='word_1_89' title='bbox 272 1389 305 1426; x_wconf 90' lang='lat' dir='ltr'>re</span> <span class='ocrx_word' id='word_1_90' title='bbox 318 1375 448 1447; x_wconf 86' lang='lat' dir='ltr'>patrata,</span> <span class='ocrx_word' id='word_1_91' title='bbox 472 1369 612 1447; x_wconf 88' lang='lat' dir='ltr'>prolecto</span> <span class='ocrx_word' id='word_1_92' title='bbox 632 1389 687 1446; x_wconf 87' lang='lat' dir='ltr'>per</span> <span class='ocrx_word' id='word_1_93' title='bbox 704 1377 811 1446; x_wconf 89' lang='lat' dir='ltr'>gentes</span> <span class='ocrx_word' id='word_1_94' title='bbox 835 1389 942 1427; x_wconf 90' lang='lat' dir='ltr'>omnes</span> <span class='ocrx_word' id='word_1_95' title='bbox 966 1368 1046 1427; x_wconf 87' lang='lat' dir='ltr'>lama</span> <span class='ocrx_word' id='word_1_96' title='bbox 1070 1368 1197 1427; x_wconf 87' lang='lat' dir='ltr'>virtutis</span> 
     </span>
     <span class='ocr_line' id='line_1_14' title="bbox 190 1463 1196 1544; baseline -0.002 -20"><span class='ocrx_word' id='word_1_97' title='bbox 190 1472 252 1524; x_wconf 88' lang='lat' dir='ltr'>tuae</span> <span class='ocrx_word' id='word_1_98' title='bbox 276 1465 455 1524; x_wconf 46' lang='lat' dir='ltr'>volitabit&amp;</span> <span class='ocrx_word' id='word_1_99' title='bbox 484 1465 625 1544; x_wconf 88' lang='lat' dir='ltr'>Namque</span> <span class='ocrx_word' id='word_1_100' title='bbox 647 1464 704 1522; x_wconf 89' lang='lat' dir='ltr'>hac</span> <span class='ocrx_word' id='word_1_101' title='bbox 727 1463 942 1543; x_wconf 81' lang='lat' dir='ltr'>tempestate*,</span> <span class='ocrx_word' id='word_1_102' title='bbox 969 1465 1090 1523; x_wconf 88' lang='lat' dir='ltr'>tametsi</span> <span class='ocrx_word' id='word_1_103' title='bbox 1106 1465 1196 1523; x_wconf 91' lang='lat' dir='ltr'>domi</span> 
     </span>
     <span class='ocr_line' id='line_1_15' title="bbox 190 1561 1196 1642; baseline -0.001 -22"><span class='ocrx_word' id='word_1_104' title='bbox 190 1561 369 1642; x_wconf 87' lang='lat' dir='ltr'>militiaeque</span> <span class='ocrx_word' id='word_1_105' title='bbox 382 1562 528 1641; x_wconf 75' lang='lat' dir='ltr'>praeclara</span> <span class='ocrx_word' id='word_1_106' title='bbox 544 1563 682 1620; x_wconf 89' lang='lat' dir='ltr'>l&#39;acinora</span> <span class='ocrx_word' id='word_1_107' title='bbox 696 1562 796 1638; x_wconf 82' lang='lat' dir='ltr'>egisti,</span> <span class='ocrx_word' id='word_1_108' title='bbox 821 1568 923 1632; x_wconf 85' lang='lat' dir='ltr'>tamen</span> <span class='ocrx_word' id='word_1_109' title='bbox 943 1561 1040 1641; x_wconf 91' lang='lat' dir='ltr'>gloria</span> <span class='ocrx_word' id='word_1_110' title='bbox 1055 1569 1108 1620; x_wconf 89' lang='lat' dir='ltr'>tua</span> <span class='ocrx_word' id='word_1_111' title='bbox 1125 1582 1196 1620; x_wconf 90' lang='lat' dir='ltr'>cum</span> 
     </span>
     <span class='ocr_line' id='line_1_16' title="bbox 189 1659 1196 1738; baseline 0 -22"><span class='ocrx_word' id='word_1_112' title='bbox 189 1659 294 1717; x_wconf 90' lang='lat' dir='ltr'>multis</span> <span class='ocrx_word' id='word_1_113' title='bbox 308 1659 382 1716; x_wconf 89' lang='lat' dir='ltr'>viris</span> <span class='ocrx_word' id='word_1_114' title='bbox 394 1659 527 1717; x_wconf 90' lang='lat' dir='ltr'>lortibus</span> <span class='ocrx_word' id='word_1_115' title='bbox 543 1659 671 1738; x_wconf 84' lang='lat' dir='ltr'>aequalis</span> <span class='ocrx_word' id='word_1_116' title='bbox 689 1659 767 1718; x_wconf 81' lang='lat' dir='ltr'>est*.</span> <span class='ocrx_word' id='word_1_117' title='bbox 787 1659 819 1716; x_wconf 84' lang='lat' dir='ltr'>Si</span> <span class='ocrx_word' id='word_1_118' title='bbox 838 1679 913 1716; x_wconf 88' lang='lat' dir='ltr'>vero</span> <span class='ocrx_word' id='word_1_119' title='bbox 937 1659 1044 1718; x_wconf 87' lang='lat' dir='ltr'>urbem</span> <span class='ocrx_word' id='word_1_120' title='bbox 1070 1659 1196 1737; x_wconf 87' lang='lat' dir='ltr'>amplis-</span> 
     </span>
     <span class='ocr_line' id='line_1_17' title="bbox 190 1755 1196 1834; baseline 0.001 -22"><span class='ocrx_word' id='word_1_121' title='bbox 190 1756 267 1813; x_wconf 86' lang='lat' dir='ltr'>simo</span> <span class='ocrx_word' id='word_1_122' title='bbox 290 1756 413 1814; x_wconf 88' lang='lat' dir='ltr'>nomine</span> <span class='ocrx_word' id='word_1_123' title='bbox 433 1763 464 1813; x_wconf 90' lang='lat' dir='ltr'>et</span> <span class='ocrx_word' id='word_1_124' title='bbox 485 1775 630 1814; x_wconf 88' lang='lat' dir='ltr'>maxumo</span> <span class='ocrx_word' id='word_1_125' title='bbox 653 1755 782 1833; x_wconf 89' lang='lat' dir='ltr'>imperio</span> <span class='ocrx_word' id='word_1_126' title='bbox 802 1775 897 1834; x_wconf 84' lang='lat' dir='ltr'>prope</span> <span class='ocrx_word' id='word_1_127' title='bbox 913 1755 978 1834; x_wconf 82' lang='lat' dir='ltr'>jam</span> <span class='ocrx_word' id='word_1_128' title='bbox 1000 1755 1038 1813; x_wconf 92' lang='lat' dir='ltr'>ab</span> <span class='ocrx_word' id='word_1_129' title='bbox 1062 1756 1196 1813; x_wconf 83' lang='lat' dir='ltr'>occasu*</span> 
     </span>
    </p>

    <p class='ocr_par' dir='ltr' id='par_1_5' title="bbox 105 1851 1196 2028">
     <span class='ocr_line' id='line_1_18' title="bbox 105 1851 1196 1932; baseline 0.002 -22"><span class='ocrx_word' id='word_1_130' title='bbox 105 1855 106 1860; x_wconf 72' lang='grc'>’</span> <span class='ocrx_word' id='word_1_131' title='bbox 190 1853 370 1924; x_wconf 86' lang='lat' dir='ltr'>restitueris,</span> <span class='ocrx_word' id='word_1_132' title='bbox 399 1853 467 1932; x_wconf 91' lang='lat' dir='ltr'>quis</span> <span class='ocrx_word' id='word_1_133' title='bbox 494 1860 524 1910; x_wconf 89' lang='lat' dir='ltr'>te</span> <span class='ocrx_word' id='word_1_134' title='bbox 553 1852 675 1922; x_wconf 90' lang='lat' dir='ltr'>clarior,</span> <span class='ocrx_word' id='word_1_135' title='bbox 702 1852 770 1932; x_wconf 90' lang='lat' dir='ltr'>quis</span> <span class='ocrx_word' id='word_1_136' title='bbox 791 1851 889 1930; x_wconf 89' lang='lat' dir='ltr'>major</span> <span class='ocrx_word' id='word_1_137' title='bbox 919 1853 950 1909; x_wconf 89' lang='lat' dir='ltr'>in</span> <span class='ocrx_word' id='word_1_138' title='bbox 973 1852 1063 1911; x_wconf 89' lang='lat' dir='ltr'>terris</span> <span class='ocrx_word' id='word_1_139' title='bbox 1080 1852 1196 1912; x_wconf 82' lang='lat' dir='ltr'>luerit?</span> 
     </span>
     <span class='ocr_line' id='line_1_19' title="bbox 190 1949 1196 2028; baseline 0 -21"><span class='ocrx_word' id='word_1_140' title='bbox 190 1949 310 2028; x_wconf 83' lang='lat' dir='ltr'>Quippe</span> <span class='ocrx_word' id='word_1_141' title='bbox 328 1949 353 2007; x_wconf 93' lang='lat' dir='ltr'>si</span> <span class='ocrx_word' id='word_1_142' title='bbox 368 1950 496 2008; x_wconf 92' lang='lat' dir='ltr'>morbo*</span> <span class='ocrx_word' id='word_1_143' title='bbox 508 1950 573 2028; x_wconf 87' lang='lat' dir='ltr'>jam</span> <span class='ocrx_word' id='word_1_144' title='bbox 589 1957 643 2008; x_wconf 89' lang='lat' dir='ltr'>aut</span> <span class='ocrx_word' id='word_1_145' title='bbox 660 1949 742 2007; x_wconf 87' lang='lat' dir='ltr'>lato*</span> <span class='ocrx_word' id='word_1_146' title='bbox 766 1949 839 2007; x_wconf 91' lang='lat' dir='ltr'>huic</span> <span class='ocrx_word' id='word_1_147' title='bbox 858 1949 988 2027; x_wconf 89' lang='lat' dir='ltr'>imperio</span> <span class='ocrx_word' id='word_1_148' title='bbox 1008 1969 1096 2007; x_wconf 89' lang='lat' dir='ltr'>secus</span> <span class='ocrx_word' id='word_1_149' title='bbox 1116 1949 1196 2007; x_wconf 89' lang='lat' dir='ltr'>acci·</span> 
     </span>
    </p>

    <p class='ocr_par' dir='ltr' id='par_1_6' title="bbox 98 2045 1195 2415">
     <span class='ocr_line' id='line_1_20' title="bbox 98 2045 1192 2126; baseline 0 -22"><span class='ocrx_word' id='word_1_150' title='bbox 98 2047 102 2057; x_wconf 84' lang='lat'>&#39;</span> <span class='ocrx_word' id='word_1_151' title='bbox 190 2047 253 2116; x_wconf 86' lang='lat' dir='ltr'>dat,</span> <span class='ocrx_word' id='word_1_152' title='bbox 282 2047 331 2104; x_wconf 91' lang='lat' dir='ltr'>cui</span> <span class='ocrx_word' id='word_1_153' title='bbox 361 2045 488 2104; x_wconf 90' lang='lat' dir='ltr'>dubium</span> <span class='ocrx_word' id='word_1_154' title='bbox 515 2054 561 2104; x_wconf 87' lang='lat' dir='ltr'>est</span> <span class='ocrx_word' id='word_1_155' title='bbox 581 2047 656 2126; x_wconf 90' lang='lat' dir='ltr'>quin</span> <span class='ocrx_word' id='word_1_156' title='bbox 682 2067 736 2124; x_wconf 91' lang='lat' dir='ltr'>per</span> <span class='ocrx_word' id='word_1_157' title='bbox 757 2046 862 2104; x_wconf 90' lang='lat' dir='ltr'>orbem</span> <span class='ocrx_word' id='word_1_158' title='bbox 881 2052 1030 2105; x_wconf 87' lang='lat' dir='ltr'>terrarum</span> <span class='ocrx_word' id='word_1_159' title='bbox 1053 2047 1192 2118; x_wconf 78' lang='lat' dir='ltr'>vestitae,</span> 
     </span>
     <span class='ocr_line' id='line_1_21' title="bbox 190 2141 1195 2213; baseline 0 -13"><span class='ocrx_word' id='word_1_160' title='bbox 190 2143 280 2213; x_wconf 86' lang='lat' dir='ltr'>bella,</span> <span class='ocrx_word' id='word_1_161' title='bbox 304 2142 411 2201; x_wconf 88' lang='lat' dir='ltr'>caedes</span> <span class='ocrx_word' id='word_1_162' title='bbox 432 2144 614 2202; x_wconf 84' lang='lat' dir='ltr'>oriantur*?</span> <span class='ocrx_word' id='word_1_163' title='bbox 638 2143 727 2208; x_wconf 86' lang='lat' dir='ltr'>Quod</span> <span class='ocrx_word' id='word_1_164' title='bbox 749 2143 773 2200; x_wconf 92' lang='lat' dir='ltr'>si</span> <span class='ocrx_word' id='word_1_165' title='bbox 796 2143 852 2204; x_wconf 89' lang='lat' dir='ltr'>tibi</span> <span class='ocrx_word' id='word_1_166' title='bbox 871 2142 951 2200; x_wconf 92' lang='lat' dir='ltr'>bona</span> <span class='ocrx_word' id='word_1_167' title='bbox 975 2141 1082 2200; x_wconf 92' lang='lat' dir='ltr'>lubido</span> <span class='ocrx_word' id='word_1_168' title='bbox 1100 2143 1195 2202; x_wconf 87' lang='lat' dir='ltr'>luerit</span> 
     </span>
     <span class='ocr_line' id='line_1_22' title="bbox 191 2239 1192 2322; baseline 0.001 -24"><span class='ocrx_word' id='word_1_169' title='bbox 191 2241 297 2319; x_wconf 85' lang='lat' dir='ltr'>patriae</span> <span class='ocrx_word' id='word_1_170' title='bbox 316 2241 558 2322; x_wconf 81' lang='lat' dir='ltr'>parentibusque</span> <span class='ocrx_word' id='word_1_171' title='bbox 579 2239 794 2316; x_wconf 88' lang='lat' dir='ltr'>gratificandi:</span> <span class='ocrx_word' id='word_1_172' title='bbox 812 2239 1017 2319; x_wconf 79' lang='lat' dir='ltr'>posteroque*</span> <span class='ocrx_word' id='word_1_173' title='bbox 1042 2246 1192 2319; x_wconf 89' lang='lat' dir='ltr'>tempore,</span> 
     </span>
     <span class='ocr_line' id='line_1_23' title="bbox 190 2335 1192 2415; baseline 0.001 -21"><span class='ocrx_word' id='word_1_174' title='bbox 190 2336 346 2415; x_wconf 89' lang='lat' dir='ltr'>republica</span> <span class='ocrx_word' id='word_1_175' title='bbox 361 2339 512 2407; x_wconf 88' lang='lat' dir='ltr'>restituta,</span> <span class='ocrx_word' id='word_1_176' title='bbox 528 2357 621 2414; x_wconf 87' lang='lat' dir='ltr'>super</span> <span class='ocrx_word' id='word_1_177' title='bbox 636 2357 740 2394; x_wconf 90' lang='lat' dir='ltr'>omnes</span> <span class='ocrx_word' id='word_1_178' title='bbox 757 2335 901 2394; x_wconf 89' lang='lat' dir='ltr'>mortales</span> <span class='ocrx_word' id='word_1_179' title='bbox 916 2337 1013 2414; x_wconf 89' lang='lat' dir='ltr'>gloria</span> <span class='ocrx_word' id='word_1_180' title='bbox 1030 2336 1192 2413; x_wconf 82' lang='lat' dir='ltr'>agitabis*,</span> 
     </span>
    </p>
   </div>
   <div class='ocr_carea' id='block_1_4' title="bbox 189 2433 842 2515">
    <p class='ocr_par' dir='ltr' id='par_1_7' title="bbox 189 2433 842 2515">
     <span class='ocr_line' id='line_1_24' title="bbox 189 2433 842 2515; baseline -0.003 -23"><span class='ocrx_word' id='word_1_181' title='bbox 189 2443 304 2515; x_wconf 88' lang='lat' dir='ltr'>tuaque</span> <span class='ocrx_word' id='word_1_182' title='bbox 320 2434 431 2493; x_wconf 83' lang='lat' dir='ltr'>unius*</span> <span class='ocrx_word' id='word_1_183' title='bbox 444 2454 526 2491; x_wconf 90' lang='lat' dir='ltr'>mors</span> <span class='ocrx_word' id='word_1_184' title='bbox 542 2433 605 2491; x_wconf 84' lang='lat' dir='ltr'>vita</span> <span class='ocrx_word' id='word_1_185' title='bbox 621 2433 732 2492; x_wconf 88' lang='lat' dir='ltr'>clarior</span> <span class='ocrx_word' id='word_1_186' title='bbox 747 2434 842 2491; x_wconf 88' lang='lat' dir='ltr'>erit».</span> 
     </span>
    </p>
   </div>
   <div class='ocr_carea' id='block_1_5' title="bbox 171 2573 1195 3870">
    <p class='ocr_par' dir='ltr' id='par_1_8' title="bbox 171 2573 1195 3870">
     <span class='ocr_line' id='line_1_25' title="bbox 220 2573 1193 2635; baseline 0 -11"><span class='ocrx_word' id='word_1_187' title='bbox 220 2575 261 2624; x_wconf 76' lang='lat' dir='ltr'>N⁰</span> <span class='ocrx_word' id='word_1_188' title='bbox 272 2576 312 2626; x_wconf 78' lang='lat'>&#39;71</span> <span class='ocrx_word' id='word_1_189' title='bbox 325 2589 330 2621; x_wconf 90' lang='lat'>:</span> <span class='ocrx_word' id='word_1_190' title='bbox 346 2573 484 2635; x_wconf 85' lang='lat' dir='ltr'>Quodsi.</span> <span class='ocrx_word' id='word_1_191' title='bbox 497 2574 608 2621; x_wconf 88' lang='lat' dir='ltr'>Voirles</span> <span class='ocrx_word' id='word_1_192' title='bbox 621 2578 699 2621; x_wconf 91' lang='lat' dir='ltr'>notes</span> <span class='ocrx_word' id='word_1_193' title='bbox 710 2575 743 2620; x_wconf 90' lang='lat' dir='ltr'>de</span> <span class='ocrx_word' id='word_1_194' title='bbox 756 2574 780 2620; x_wconf 88' lang='lat' dir='ltr'>la</span> <span class='ocrx_word' id='word_1_195' title='bbox 793 2575 900 2620; x_wconf 83' lang='lat' dir='ltr'>version</span> <span class='ocrx_word' id='word_1_196' title='bbox 912 2577 965 2621; x_wconf 88' lang='lat'>196.</span> <span class='ocrx_word' id='word_1_197' title='bbox 976 2573 1175 2624; x_wconf 71' lang='lat' dir='ltr'>—Parentes</span> <span class='ocrx_word' id='word_1_198' title='bbox 1186 2590 1193 2624; x_wconf 90' lang='lat'><strong>:</strong></span> 
     </span>
     <span class='ocr_line' id='line_1_26' title="bbox 189 2635 1194 2698; baseline 0 -14"><span class='ocrx_word' id='word_1_199' title='bbox 189 2637 297 2698; x_wconf 75' lang='lat' dir='ltr'>designe</span> <span class='ocrx_word' id='word_1_200' title='bbox 314 2638 326 2683; x_wconf 78' lang='lat' dir='ltr'>a</span> <span class='ocrx_word' id='word_1_201' title='bbox 345 2637 369 2682; x_wconf 89' lang='lat' dir='ltr'>la</span> <span class='ocrx_word' id='word_1_202' title='bbox 387 2637 438 2683; x_wconf 84' lang='lat' dir='ltr'>lois</span> <span class='ocrx_word' id='word_1_203' title='bbox 455 2651 497 2682; x_wconf 91' lang='lat' dir='ltr'>ses</span> <span class='ocrx_word' id='word_1_204' title='bbox 510 2637 632 2682; x_wconf 74' lang='lat' dir='ltr'>ancitres</span> <span class='ocrx_word' id='word_1_205' title='bbox 645 2640 672 2682; x_wconf 87' lang='lat' dir='ltr'>et</span> <span class='ocrx_word' id='word_1_206' title='bbox 690 2651 732 2683; x_wconf 90' lang='lat' dir='ltr'>scs</span> <span class='ocrx_word' id='word_1_207' title='bbox 750 2639 868 2696; x_wconf 88' lang='lat' dir='ltr'>parents.</span> <span class='ocrx_word' id='word_1_208' title='bbox 884 2663 915 2670; x_wconf 90' lang='lat'>—</span> <span class='ocrx_word' id='word_1_209' title='bbox 932 2635 1113 2686; x_wconf 81' lang='lat' dir='ltr'>Scilicet:</span> <span class='ocrx_word' id='word_1_210' title='bbox 1136 2639 1194 2684; x_wconf 88' lang='lat' dir='ltr'>tum</span> 
     </span>
     <span class='ocr_line' id='line_1_27' title="bbox 171 2696 1192 2759; baseline -0.002 -13"><span class='ocrx_word' id='word_1_211' title='bbox 171 2725 173 2729; x_wconf 85' lang='lat'>.</span> <span class='ocrx_word' id='word_1_212' title='bbox 188 2714 259 2747; x_wconf 85' lang='lat' dir='ltr'>uero.</span> <span class='ocrx_word' id='word_1_213' title='bbox 274 2726 300 2733; x_wconf 99' lang='lat'><strong>—</strong></span> <span class='ocrx_word' id='word_1_214' title='bbox 315 2697 454 2759; x_wconf 84' lang='lat' dir='ltr'>Optima.</span> <span class='ocrx_word' id='word_1_215' title='bbox 467 2698 505 2744; x_wconf 89' lang='lat' dir='ltr'>Cl.</span> <span class='ocrx_word' id='word_1_216' title='bbox 519 2697 591 2758; x_wconf 84' lang='lat' dir='ltr'>Virg.</span> <span class='ocrx_word' id='word_1_217' title='bbox 606 2697 713 2758; x_wconf 73' lang='lat' dir='ltr'>(Georg.</span> <span class='ocrx_word' id='word_1_218' title='bbox 731 2697 763 2754; x_wconf 89' lang='lat' dir='ltr'>ll,</span> <span class='ocrx_word' id='word_1_219' title='bbox 777 2701 831 2758; x_wconf 75' lang='lat'>534)</span> <span class='ocrx_word' id='word_1_220' title='bbox 844 2713 849 2744; x_wconf 89' lang='lat'>:</span> <span class='ocrx_word' id='word_1_221' title='bbox 863 2696 969 2744; x_wconf 85' lang='lat' dir='ltr'>Scilicet</span> <span class='ocrx_word' id='word_1_222' title='bbox 981 2700 1005 2744; x_wconf 86' lang='lat' dir='ltr'>et</span> <span class='ocrx_word' id='word_1_223' title='bbox 1017 2711 1108 2744; x_wconf 89' lang='lat' dir='ltr'>rerum</span> <span class='ocrx_word' id='word_1_224' title='bbox 1121 2696 1192 2757; x_wconf 75' lang='lat' dir='ltr'>sacta</span> 
     </span>
     <span class='ocr_line' id='line_1_28' title="bbox 190 2758 1194 2823; baseline -0.001 -15"><span class='ocrx_word' id='word_1_225' title='bbox 190 2763 228 2809; x_wconf 84' lang='lat' dir='ltr'>cst</span> <span class='ocrx_word' id='word_1_226' title='bbox 236 2759 422 2823; x_wconf 87' lang='lat' dir='ltr'>pulcherrima</span> <span class='ocrx_word' id='word_1_227' title='bbox 435 2759 524 2805; x_wconf 77' lang='lat' dir='ltr'>Roma.</span> <span class='ocrx_word' id='word_1_228' title='bbox 539 2786 569 2793; x_wconf 95' lang='lat'><em>-</em></span> <span class='ocrx_word' id='word_1_229' title='bbox 580 2759 725 2808; x_wconf 87' lang='lat' dir='ltr'>Domum.</span> <span class='ocrx_word' id='word_1_230' title='bbox 734 2759 769 2805; x_wconf 89' lang='lat' dir='ltr'>La</span> <span class='ocrx_word' id='word_1_231' title='bbox 780 2773 843 2819; x_wconf 82' lang='lat' dir='ltr'>gens</span> <span class='ocrx_word' id='word_1_232' title='bbox 856 2758 937 2814; x_wconf 84' lang='lat' dir='ltr'>Julia,</span> <span class='ocrx_word' id='word_1_233' title='bbox 952 2760 1036 2819; x_wconf 80' lang='lat' dir='ltr'>quise</span> <span class='ocrx_word' id='word_1_234' title='bbox 1047 2760 1194 2807; x_wconf 87' lang='lat' dir='ltr'>rattachait</span> 
     </span>
     <span class='ocr_line' id='line_1_29' title="bbox 189 2820 1192 2881; baseline -0.003 -11"><span class='ocrx_word' id='word_1_235' title='bbox 189 2823 280 2870; x_wconf 77' lang='lat' dir='ltr'>dEnde</span> <span class='ocrx_word' id='word_1_236' title='bbox 289 2823 338 2869; x_wconf 75' lang='lat' dir='ltr'>cta</span> <span class='ocrx_word' id='word_1_237' title='bbox 351 2822 441 2867; x_wconf 79' lang='lat' dir='ltr'>Vcnus</span> <span class='ocrx_word' id='word_1_238' title='bbox 450 2836 497 2881; x_wconf 89' lang='lat' dir='ltr'>par</span> <span class='ocrx_word' id='word_1_239' title='bbox 508 2821 571 2867; x_wconf 89' lang='lat' dir='ltr'>lule.</span> <span class='ocrx_word' id='word_1_240' title='bbox 583 2848 612 2854; x_wconf 94' lang='lat'><em>-</em></span> <span class='ocrx_word' id='word_1_241' title='bbox 624 2820 722 2869; x_wconf 83' lang='lat' dir='ltr'>Artes</span> <span class='ocrx_word' id='word_1_242' title='bbox 734 2836 738 2866; x_wconf 71' lang='grc' dir='ltr'><em>ι</em></span> <span class='ocrx_word' id='word_1_243' title='bbox 749 2821 767 2866; x_wconf 83' lang='grc'>11</span> <span class='ocrx_word' id='word_1_244' title='bbox 777 2821 904 2881; x_wconf 82' lang='lat' dir='ltr'>s&#39;agitdes</span> <span class='ocrx_word' id='word_1_245' title='bbox 912 2822 1011 2867; x_wconf 88' lang='lat' dir='ltr'>talents</span> <span class='ocrx_word' id='word_1_246' title='bbox 1022 2821 1054 2866; x_wconf 89' lang='lat' dir='ltr'>de</span> <span class='ocrx_word' id='word_1_247' title='bbox 1065 2821 1089 2867; x_wconf 89' lang='lat' dir='ltr'>J.</span> <span class='ocrx_word' id='word_1_248' title='bbox 1101 2820 1192 2878; x_wconf 70' lang='lat' dir='ltr'>Cesar,</span> 
     </span>
     <span class='ocr_line' id='line_1_30' title="bbox 189 2883 1192 2946; baseline -0.001 -15"><span class='ocrx_word' id='word_1_249' title='bbox 189 2886 233 2946; x_wconf 91' lang='lat' dir='ltr'>qui</span> <span class='ocrx_word' id='word_1_250' title='bbox 247 2884 317 2931; x_wconf 75' lang='grc'><strong>3111</strong></span> <span class='ocrx_word' id='word_1_251' title='bbox 331 2898 382 2930; x_wconf 86' lang='lat' dir='ltr'>non</span> <span class='ocrx_word' id='word_1_252' title='bbox 396 2883 544 2930; x_wconf 85' lang='lat' dir='ltr'>seulement</span> <span class='ocrx_word' id='word_1_253' title='bbox 554 2897 588 2928; x_wconf 93' lang='lat' dir='ltr'>un</span> <span class='ocrx_word' id='word_1_254' title='bbox 601 2883 683 2942; x_wconf 81' lang='lat' dir='ltr'>grand</span> <span class='ocrx_word' id='word_1_255' title='bbox 697 2883 802 2928; x_wconf 90' lang='lat' dir='ltr'>homme</span> <span class='ocrx_word' id='word_1_256' title='bbox 815 2883 847 2928; x_wconf 88' lang='lat' dir='ltr'>de</span> <span class='ocrx_word' id='word_1_257' title='bbox 861 2897 962 2942; x_wconf 86' lang='lat' dir='ltr'>guerre,</span> <span class='ocrx_word' id='word_1_258' title='bbox 976 2883 1041 2928; x_wconf 89' lang='lat' dir='ltr'>mais</span> <span class='ocrx_word' id='word_1_259' title='bbox 1058 2897 1092 2928; x_wconf 92' lang='lat' dir='ltr'>un</span> <span class='ocrx_word' id='word_1_260' title='bbox 1108 2885 1192 2942; x_wconf 81' lang='lat' dir='ltr'>grand</span> 
     </span>
     <span class='ocr_line' id='line_1_31' title="bbox 189 2942 1194 3004; baseline 0 -11"><span class='ocrx_word' id='word_1_261' title='bbox 189 2950 305 3002; x_wconf 88' lang='lat' dir='ltr'>orateur,</span> <span class='ocrx_word' id='word_1_262' title='bbox 319 2961 354 2991; x_wconf 90' lang='lat' dir='ltr'>un</span> <span class='ocrx_word' id='word_1_263' title='bbox 365 2945 447 3004; x_wconf 86' lang='lat' dir='ltr'>grand</span> <span class='ocrx_word' id='word_1_264' title='bbox 459 2945 596 3001; x_wconf 80' lang='lat' dir='ltr'>historien,</span> <span class='ocrx_word' id='word_1_265' title='bbox 609 2959 643 2990; x_wconf 93' lang='lat' dir='ltr'>un</span> <span class='ocrx_word' id='word_1_266' title='bbox 654 2945 737 3002; x_wconf 81' lang='lat' dir='ltr'>grand</span> <span class='ocrx_word' id='word_1_267' title='bbox 748 2945 853 2991; x_wconf 88' lang='lat' dir='ltr'>honune</span> <span class='ocrx_word' id='word_1_268' title='bbox 871 2943 968 2991; x_wconf 80' lang='lat' dir='ltr'>d‘Etat.</span> <span class='ocrx_word' id='word_1_269' title='bbox 985 2971 1014 2978; x_wconf 92' lang='lat'><em>-</em></span> <span class='ocrx_word' id='word_1_270' title='bbox 1031 2942 1194 2993; x_wconf 77' lang='lat' dir='ltr'>Honesta-</span> 
     </span>
     <span class='ocr_line' id='line_1_32' title="bbox 190 3005 1193 3066; baseline -0.004 -9"><span class='ocrx_word' id='word_1_271' title='bbox 190 3010 309 3063; x_wconf 85' lang='lat' dir='ltr'>menta,</span> <span class='ocrx_word' id='word_1_272' title='bbox 328 3006 441 3053; x_wconf 89' lang='lat' dir='ltr'>allusion</span> <span class='ocrx_word' id='word_1_273' title='bbox 457 3021 508 3052; x_wconf 84' lang='lat' dir='ltr'>aux</span> <span class='ocrx_word' id='word_1_274' title='bbox 525 3009 580 3052; x_wconf 86' lang='lat' dir='ltr'>arts</span> <span class='ocrx_word' id='word_1_275' title='bbox 604 3006 636 3050; x_wconf 90' lang='lat' dir='ltr'>de</span> <span class='ocrx_word' id='word_1_276' title='bbox 654 3005 678 3051; x_wconf 93' lang='grc'>13</span> <span class='ocrx_word' id='word_1_277' title='bbox 695 3006 764 3066; x_wconf 82' lang='lat' dir='ltr'>paix.</span> <span class='ocrx_word' id='word_1_278' title='bbox 791 3033 817 3040; x_wconf 94' lang='lat'><em>-</em></span> <span class='ocrx_word' id='word_1_279' title='bbox 839 3005 981 3054; x_wconf 72' lang='lat' dir='ltr'>Praemia</span> <span class='ocrx_word' id='word_1_280' title='bbox 1000 3020 1005 3052; x_wconf 89' lang='lat'>:</span> <span class='ocrx_word' id='word_1_281' title='bbox 1024 3019 1053 3052; x_wconf 89' lang='lat' dir='ltr'>ce</span> <span class='ocrx_word' id='word_1_282' title='bbox 1073 3009 1135 3052; x_wconf 89' lang='lat' dir='ltr'>sont</span> <span class='ocrx_word' id='word_1_283' title='bbox 1153 3006 1193 3053; x_wconf 91' lang='lat' dir='ltr'>les</span> 
     </span>
     <span class='ocr_line' id='line_1_33' title="bbox 190 3065 1192 3131; baseline 0.001 -15"><span class='ocrx_word' id='word_1_284' title='bbox 190 3069 304 3131; x_wconf 78' lang='lat' dir='ltr'>qualites</span> <span class='ocrx_word' id='word_1_285' title='bbox 318 3069 361 3128; x_wconf 89' lang='lat' dir='ltr'>qui</span> <span class='ocrx_word' id='word_1_286' title='bbox 371 3068 406 3113; x_wconf 91' lang='lat' dir='ltr'>lui</span> <span class='ocrx_word' id='word_1_287' title='bbox 421 3070 582 3128; x_wconf 89' lang='lat' dir='ltr'>permettent</span> <span class='ocrx_word' id='word_1_288' title='bbox 596 3068 628 3112; x_wconf 86' lang='lat' dir='ltr'>de</span> <span class='ocrx_word' id='word_1_289' title='bbox 640 3065 731 3112; x_wconf 88' lang='lat' dir='ltr'>briller</span> <span class='ocrx_word' id='word_1_290' title='bbox 743 3067 809 3114; x_wconf 88' lang='lat' dir='ltr'>dans</span> <span class='ocrx_word' id='word_1_291' title='bbox 820 3068 845 3113; x_wconf 90' lang='lat' dir='ltr'>la</span> <span class='ocrx_word' id='word_1_292' title='bbox 856 3081 956 3126; x_wconf 78' lang='lat' dir='ltr'>guerre.</span> <span class='ocrx_word' id='word_1_293' title='bbox 971 3094 1000 3100; x_wconf 96' lang='lat'>—</span> <span class='ocrx_word' id='word_1_294' title='bbox 1010 3066 1192 3128; x_wconf 77' lang='lat' dir='ltr'>Flagitium</span> 
     </span>
     <span class='ocr_line' id='line_1_34' title="bbox 189 3127 1191 3189; baseline -0.003 -11"><span class='ocrx_word' id='word_1_295' title='bbox 189 3131 290 3178; x_wconf 89' lang='lat' dir='ltr'>semble</span> <span class='ocrx_word' id='word_1_296' title='bbox 310 3131 432 3189; x_wconf 73' lang='lat' dir='ltr'>designer</span> <span class='ocrx_word' id='word_1_297' title='bbox 451 3144 485 3174; x_wconf 91' lang='lat' dir='ltr'>un</span> <span class='ocrx_word' id='word_1_298' title='bbox 504 3132 619 3175; x_wconf 83' lang='lat' dir='ltr'>attentat</span> <span class='ocrx_word' id='word_1_299' title='bbox 638 3134 730 3174; x_wconf 88' lang='lat' dir='ltr'>contre</span> <span class='ocrx_word' id='word_1_300' title='bbox 750 3129 774 3174; x_wconf 89' lang='lat' dir='ltr'>la</span> <span class='ocrx_word' id='word_1_301' title='bbox 794 3128 944 3176; x_wconf 73' lang='grc'><strong>1113111,-</strong></span> <span class='ocrx_word' id='word_1_302' title='bbox 964 3127 1134 3177; x_wconf 77' lang='lat' dir='ltr'>volitabit.</span> <span class='ocrx_word' id='word_1_303' title='bbox 1150 3129 1191 3176; x_wconf 83' lang='lat' dir='ltr'>Cf.</span> 
     </span>
     <span class='ocr_line' id='line_1_35' title="bbox 191 3189 1194 3253; baseline 0.001 -15"><span class='ocrx_word' id='word_1_304' title='bbox 191 3193 273 3253; x_wconf 75' lang='lat' dir='ltr'>Virg,</span> <span class='ocrx_word' id='word_1_305' title='bbox 296 3192 401 3252; x_wconf 65' lang='lat' dir='ltr'>Georp,</span> <span class='ocrx_word' id='word_1_306' title='bbox 424 3191 469 3246; x_wconf 94' lang='lat' dir='ltr'>lll,</span> <span class='ocrx_word' id='word_1_307' title='bbox 489 3195 522 3238; x_wconf 83' lang='lat'>9:</span> <span class='ocrx_word' id='word_1_308' title='bbox 542 3190 685 3250; x_wconf 75' lang='lat' dir='ltr'>Victorque</span> <span class='ocrx_word' id='word_1_309' title='bbox 698 3189 912 3236; x_wconf 88' lang='lat' dir='ltr'>oirumootitare</span> <span class='ocrx_word' id='word_1_310' title='bbox 921 3203 972 3251; x_wconf 88' lang='lat' dir='ltr'>per</span> <span class='ocrx_word' id='word_1_311' title='bbox 985 3205 1040 3236; x_wconf 87' lang='lat' dir='ltr'>ora.</span> <span class='ocrx_word' id='word_1_312' title='bbox 1056 3217 1086 3223; x_wconf 91' lang='lat'><em>—</em></span> <span class='ocrx_word' id='word_1_313' title='bbox 1103 3189 1194 3239; x_wconf 84' lang='lat' dir='ltr'>Tem-</span> 
     </span>
     <span class='ocr_line' id='line_1_36' title="bbox 189 3251 1193 3316; baseline -0.002 -14"><span class='ocrx_word' id='word_1_314' title='bbox 189 3255 319 3316; x_wconf 83' lang='lat' dir='ltr'>pestate</span> <span class='ocrx_word' id='word_1_315' title='bbox 341 3273 371 3294; x_wconf 88' lang='lat'><strong>:</strong></span> <span class='ocrx_word' id='word_1_316' title='bbox 392 3254 517 3314; x_wconf 85' lang='lat' dir='ltr'>tempore.</span> <span class='ocrx_word' id='word_1_317' title='bbox 539 3279 570 3286; x_wconf 90' lang='lat'>—</span> <span class='ocrx_word' id='word_1_318' title='bbox 589 3251 737 3310; x_wconf 76' lang='lat' dir='ltr'>AEqualis</span> <span class='ocrx_word' id='word_1_319' title='bbox 756 3254 814 3301; x_wconf 87' lang='lat' dir='ltr'>est.</span> <span class='ocrx_word' id='word_1_320' title='bbox 836 3252 951 3297; x_wconf 89' lang='lat' dir='ltr'>Bossuct</span> <span class='ocrx_word' id='word_1_321' title='bbox 968 3253 1008 3297; x_wconf 89' lang='lat' dir='ltr'>dit</span> <span class='ocrx_word' id='word_1_322' title='bbox 1025 3253 1039 3297; x_wconf 85' lang='grc'><strong>1</strong></span> <span class='ocrx_word' id='word_1_323' title='bbox 1056 3266 1107 3312; x_wconf 90' lang='lat' dir='ltr'>peu</span> <span class='ocrx_word' id='word_1_324' title='bbox 1130 3253 1193 3313; x_wconf 77' lang='lat' dir='ltr'>pres</span> 
     </span>
     <span class='ocr_line' id='line_1_37' title="bbox 190 3313 1191 3374; baseline -0.001 -12"><span class='ocrx_word' id='word_1_325' title='bbox 190 3317 214 3362; x_wconf 88' lang='lat' dir='ltr'>la</span> <span class='ocrx_word' id='word_1_326' title='bbox 235 3317 319 3361; x_wconf 68' lang='lat' dir='ltr'>niente</span> <span class='ocrx_word' id='word_1_327' title='bbox 339 3315 419 3360; x_wconf 86' lang='lat' dir='ltr'>chose</span> <span class='ocrx_word' id='word_1_328' title='bbox 432 3329 463 3360; x_wconf 87' lang='lat' dir='ltr'>cn</span> <span class='ocrx_word' id='word_1_329' title='bbox 477 3317 633 3374; x_wconf 87' lang='lat' dir='ltr'>comparant</span> <span class='ocrx_word' id='word_1_330' title='bbox 646 3313 736 3359; x_wconf 77' lang='lat' dir='ltr'>Conde</span> <span class='ocrx_word' id='word_1_331' title='bbox 749 3328 800 3359; x_wconf 83' lang='lat' dir='ltr'>aux</span> <span class='ocrx_word' id='word_1_332' title='bbox 817 3316 906 3360; x_wconf 87' lang='lat' dir='ltr'>autres</span> <span class='ocrx_word' id='word_1_333' title='bbox 923 3314 1019 3374; x_wconf 86' lang='lat' dir='ltr'>grands</span> <span class='ocrx_word' id='word_1_334' title='bbox 1035 3313 1191 3374; x_wconf 84' lang='lat' dir='ltr'>cupitaines,</span> 
     </span>
     <span class='ocr_line' id='line_1_38' title="bbox 188 3374 1192 3435; baseline -0.001 -11"><span class='ocrx_word' id='word_1_335' title='bbox 188 3381 271 3425; x_wconf 87' lang='lat' dir='ltr'>avant</span> <span class='ocrx_word' id='word_1_336' title='bbox 283 3378 315 3422; x_wconf 90' lang='lat' dir='ltr'>dc</span> <span class='ocrx_word' id='word_1_337' title='bbox 329 3380 447 3422; x_wconf 90' lang='lat' dir='ltr'>montrcr</span> <span class='ocrx_word' id='word_1_338' title='bbox 459 3374 522 3435; x_wconf 81' lang='lat' dir='ltr'>qu&#39;il</span> <span class='ocrx_word' id='word_1_339' title='bbox 535 3375 573 3421; x_wconf 86' lang='lat' dir='ltr'>les</span> <span class='ocrx_word' id='word_1_340' title='bbox 586 3389 710 3434; x_wconf 88' lang='lat' dir='ltr'>surpasse</span> <span class='ocrx_word' id='word_1_341' title='bbox 722 3389 770 3435; x_wconf 90' lang='lat' dir='ltr'>par</span> <span class='ocrx_word' id='word_1_342' title='bbox 785 3375 809 3421; x_wconf 90' lang='lat' dir='ltr'>la</span> <span class='ocrx_word' id='word_1_343' title='bbox 827 3375 906 3435; x_wconf 77' lang='lat' dir='ltr'>pidtc&#39;.</span> <span class='ocrx_word' id='word_1_344' title='bbox 929 3401 956 3408; x_wconf 96' lang='lat'><em>-</em></span> <span class='ocrx_word' id='word_1_345' title='bbox 977 3374 1105 3423; x_wconf 84' lang='lat' dir='ltr'>Occasu</span> <span class='ocrx_word' id='word_1_346' title='bbox 1128 3374 1192 3422; x_wconf 82' lang='lat' dir='ltr'>s&#39;ex-</span> 
     </span>
     <span class='ocr_line' id='line_1_39' title="bbox 190 3435 1192 3501; baseline 0 -17"><span class='ocrx_word' id='word_1_347' title='bbox 190 3440 279 3501; x_wconf 90' lang='lat' dir='ltr'>pliquc</span> <span class='ocrx_word' id='word_1_348' title='bbox 295 3453 343 3498; x_wconf 88' lang='lat' dir='ltr'>par</span> <span class='ocrx_word' id='word_1_349' title='bbox 360 3437 511 3484; x_wconf 85' lang='lat' dir='ltr'>libertatem</span> <span class='ocrx_word' id='word_1_350' title='bbox 526 3451 651 3483; x_wconf 80' lang='lat' dir='ltr'>euersam.</span> <span class='ocrx_word' id='word_1_351' title='bbox 668 3462 697 3470; x_wconf 94' lang='lat'>—</span> <span class='ocrx_word' id='word_1_352' title='bbox 710 3435 834 3494; x_wconf 80' lang='lat' dir='ltr'>Morbo,</span> <span class='ocrx_word' id='word_1_353' title='bbox 853 3436 966 3482; x_wconf 87' lang='lat' dir='ltr'>allusion</span> <span class='ocrx_word' id='word_1_354' title='bbox 982 3437 996 3482; x_wconf 79' lang='lat' dir='ltr'>d</span> <span class='ocrx_word' id='word_1_355' title='bbox 1010 3450 1059 3482; x_wconf 88' lang='lat' dir='ltr'>nne</span> <span class='ocrx_word' id='word_1_356' title='bbox 1078 3436 1192 3484; x_wconf 81' lang='lat' dir='ltr'>maledie</span> 
     </span>
     <span class='ocr_line' id='line_1_40' title="bbox 189 3497 1193 3562; baseline -0.001 -15"><span class='ocrx_word' id='word_1_357' title='bbox 189 3500 307 3562; x_wconf 89' lang='lat' dir='ltr'>possible</span> <span class='ocrx_word' id='word_1_358' title='bbox 325 3501 357 3545; x_wconf 89' lang='lat' dir='ltr'>de</span> <span class='ocrx_word' id='word_1_359' title='bbox 373 3499 460 3546; x_wconf 70' lang='lat' dir='ltr'>Cesar.</span> <span class='ocrx_word' id='word_1_360' title='bbox 477 3525 503 3533; x_wconf 89' lang='lat'><em>-</em></span> <span class='ocrx_word' id='word_1_361' title='bbox 519 3499 600 3547; x_wconf 85' lang='lat' dir='ltr'>Fato</span> <span class='ocrx_word' id='word_1_362' title='bbox 615 3513 620 3544; x_wconf 90' lang='lat'>:</span> <span class='ocrx_word' id='word_1_363' title='bbox 635 3498 690 3542; x_wconf 91' lang='lat' dir='ltr'>ceci</span> <span class='ocrx_word' id='word_1_364' title='bbox 702 3497 781 3544; x_wconf 89' lang='lat' dir='ltr'>laissc</span> <span class='ocrx_word' id='word_1_365' title='bbox 796 3498 854 3544; x_wconf 81' lang='lat' dir='ltr'>voir</span> <span class='ocrx_word' id='word_1_366' title='bbox 865 3513 916 3557; x_wconf 88' lang='lat' dir='ltr'>quo</span> <span class='ocrx_word' id='word_1_367' title='bbox 930 3498 953 3544; x_wconf 88' lang='lat' dir='ltr'>la</span> <span class='ocrx_word' id='word_1_368' title='bbox 967 3497 1045 3544; x_wconf 88' lang='lat' dir='ltr'>lettre</span> <span class='ocrx_word' id='word_1_369' title='bbox 1053 3500 1094 3544; x_wconf 88' lang='grc'>331</span> <span class='ocrx_word' id='word_1_370' title='bbox 1109 3497 1193 3546; x_wconf 77' lang='lat' dir='ltr'>ecrite</span> 
     </span>
     <span class='ocr_line' id='line_1_41' title="bbox 188 3558 1195 3623; baseline -0.001 -15"><span class='ocrx_word' id='word_1_371' title='bbox 188 3563 266 3623; x_wconf 76' lang='lat' dir='ltr'>apres</span> <span class='ocrx_word' id='word_1_372' title='bbox 290 3561 315 3607; x_wconf 91' lang='grc'>13</span> <span class='ocrx_word' id='word_1_373' title='bbox 338 3565 407 3607; x_wconf 88' lang='lat' dir='ltr'>mort</span> <span class='ocrx_word' id='word_1_374' title='bbox 423 3561 454 3606; x_wconf 92' lang='lat' dir='ltr'>de</span> <span class='ocrx_word' id='word_1_375' title='bbox 477 3560 557 3607; x_wconf 72' lang='lat' dir='ltr'>Cesar</span> <span class='ocrx_word' id='word_1_376' title='bbox 578 3558 711 3617; x_wconf 81' lang='lat' dir='ltr'>(Gerlach,</span> <span class='ocrx_word' id='word_1_377' title='bbox 736 3560 802 3605; x_wconf 88' lang='lat' dir='ltr'>dans</span> <span class='ocrx_word' id='word_1_378' title='bbox 820 3574 862 3605; x_wconf 90' lang='lat' dir='ltr'>ses</span> <span class='ocrx_word' id='word_1_379' title='bbox 882 3559 962 3606; x_wconf 74' lang='lat' dir='ltr'>lt&#39;otes</span> <span class='ocrx_word' id='word_1_380' title='bbox 988 3558 1125 3620; x_wconf 85' lang='lat' dir='ltr'>Critiques</span> <span class='ocrx_word' id='word_1_381' title='bbox 1147 3575 1195 3607; x_wconf 88' lang='lat' dir='ltr'>sur</span> 
     </span>
     <span class='ocr_line' id='line_1_42' title="bbox 189 3620 1192 3681; baseline -0.001 -11"><span class='ocrx_word' id='word_1_382' title='bbox 189 3624 312 3680; x_wconf 85' lang='lat' dir='ltr'>Salluste,</span> <span class='ocrx_word' id='word_1_383' title='bbox 330 3622 401 3680; x_wconf 78' lang='lat' dir='ltr'>Bale,</span> <span class='ocrx_word' id='word_1_384' title='bbox 419 3626 486 3678; x_wconf 78' lang='lat'>1853,</span> <span class='ocrx_word' id='word_1_385' title='bbox 499 3623 538 3667; x_wconf 86' lang='lat' dir='ltr'>dit</span> <span class='ocrx_word' id='word_1_386' title='bbox 549 3636 599 3681; x_wconf 86' lang='lat' dir='ltr'>que</span> <span class='ocrx_word' id='word_1_387' title='bbox 611 3621 635 3666; x_wconf 90' lang='lat' dir='ltr'>la</span> <span class='ocrx_word' id='word_1_388' title='bbox 646 3620 770 3667; x_wconf 85' lang='lat' dir='ltr'>suasoria</span> <span class='ocrx_word' id='word_1_389' title='bbox 782 3622 848 3667; x_wconf 88' lang='lat' dir='ltr'>dont</span> <span class='ocrx_word' id='word_1_390' title='bbox 858 3637 887 3667; x_wconf 87' lang='lat' dir='ltr'>ce</span> <span class='ocrx_word' id='word_1_391' title='bbox 901 3636 1010 3681; x_wconf 82' lang='lat' dir='ltr'>passage</span> <span class='ocrx_word' id='word_1_392' title='bbox 1023 3623 1064 3667; x_wconf 91' lang='lat' dir='ltr'>est</span> <span class='ocrx_word' id='word_1_393' title='bbox 1079 3621 1128 3668; x_wconf 80' lang='lat' dir='ltr'>tire</span> <span class='ocrx_word' id='word_1_394' title='bbox 1150 3626 1192 3669; x_wconf 91' lang='lat' dir='ltr'>est</span> 
     </span>
     <span class='ocr_line' id='line_1_43' title="bbox 188 3681 1192 3745; baseline -0.002 -14"><span class='ocrx_word' id='word_1_395' title='bbox 188 3687 222 3732; x_wconf 88' lang='lat' dir='ltr'>de</span> <span class='ocrx_word' id='word_1_396' title='bbox 240 3684 360 3745; x_wconf 75' lang='lat' dir='ltr'>l&#39;dpoque</span> <span class='ocrx_word' id='word_1_397' title='bbox 378 3685 410 3730; x_wconf 90' lang='lat' dir='ltr'>de</span> <span class='ocrx_word' id='word_1_398' title='bbox 426 3684 592 3744; x_wconf 62' lang='lat' dir='ltr'>Vespasien).</span> <span class='ocrx_word' id='word_1_399' title='bbox 612 3710 642 3716; x_wconf 89' lang='lat'>—</span> <span class='ocrx_word' id='word_1_400' title='bbox 658 3681 824 3731; x_wconf 81' lang='lat' dir='ltr'>oriantur.</span> <span class='ocrx_word' id='word_1_401' title='bbox 850 3683 889 3729; x_wconf 88' lang='lat' dir='ltr'>Cf.</span> <span class='ocrx_word' id='word_1_402' title='bbox 916 3683 1016 3739; x_wconf 80' lang='lat' dir='ltr'>Tacite,</span> <span class='ocrx_word' id='word_1_403' title='bbox 1041 3681 1118 3741; x_wconf 83' lang='lat' dir='ltr'>Hist,</span> <span class='ocrx_word' id='word_1_404' title='bbox 1145 3683 1192 3742; x_wconf 90' lang='lat' dir='ltr'>IV,</span> 
     </span>
     <span class='ocr_line' id='line_1_44' title="bbox 190 3743 1191 3807; baseline 0.001 -14"><span class='ocrx_word' id='word_1_405' title='bbox 190 3751 227 3794; x_wconf 78' lang='lat'>74.</span> <span class='ocrx_word' id='word_1_406' title='bbox 252 3773 278 3780; x_wconf 99' lang='lat'><strong>—</strong></span> <span class='ocrx_word' id='word_1_407' title='bbox 303 3747 511 3806; x_wconf 82' lang='lat' dir='ltr'>Posteroque.</span> <span class='ocrx_word' id='word_1_408' title='bbox 538 3743 573 3791; x_wconf 89' lang='lat' dir='ltr'>La</span> <span class='ocrx_word' id='word_1_409' title='bbox 593 3744 722 3805; x_wconf 90' lang='lat' dir='ltr'>particule</span> <span class='ocrx_word' id='word_1_410' title='bbox 741 3758 793 3805; x_wconf 84' lang='lat' dir='ltr'>que</span> <span class='ocrx_word' id='word_1_411' title='bbox 817 3745 979 3805; x_wconf 91' lang='lat' dir='ltr'>correspond</span> <span class='ocrx_word' id='word_1_412' title='bbox 996 3745 1029 3790; x_wconf 91' lang='lat' dir='ltr'>ici</span> <span class='ocrx_word' id='word_1_413' title='bbox 1047 3745 1061 3790; x_wconf 83' lang='lat' dir='ltr'>d</span> <span class='ocrx_word' id='word_1_414' title='bbox 1081 3746 1191 3807; x_wconf 82' lang='lat' dir='ltr'>tuaque.</span> 
     </span>
     <span class='ocr_line' id='line_1_45' title="bbox 187 3805 1192 3870; baseline -0.002 -14"><span class='ocrx_word' id='word_1_415' title='bbox 187 3807 382 3870; x_wconf 80' lang='lat' dir='ltr'>-Agitauis</span> <span class='ocrx_word' id='word_1_416' title='bbox 394 3827 424 3848; x_wconf 91' lang='lat'><strong><em>=</em></strong></span> <span class='ocrx_word' id='word_1_417' title='bbox 434 3806 513 3854; x_wconf 88' lang='lat' dir='ltr'>vives.</span> <span class='ocrx_word' id='word_1_418' title='bbox 529 3832 556 3840; x_wconf 94' lang='lat'><em>-</em></span> <span class='ocrx_word' id='word_1_419' title='bbox 567 3805 681 3863; x_wconf 88' lang='lat' dir='ltr'>Unius,</span> <span class='ocrx_word' id='word_1_420' title='bbox 699 3805 821 3868; x_wconf 79' lang='lat' dir='ltr'>employd</span> <span class='ocrx_word' id='word_1_421' title='bbox 839 3807 905 3852; x_wconf 90' lang='lat' dir='ltr'>dans</span> <span class='ocrx_word' id='word_1_422' title='bbox 919 3821 953 3851; x_wconf 94' lang='lat' dir='ltr'>un</span> <span class='ocrx_word' id='word_1_423' title='bbox 966 3820 1027 3853; x_wconf 87' lang='lat' dir='ltr'>sens</span> <span class='ocrx_word' id='word_1_424' title='bbox 1042 3807 1192 3868; x_wconf 87' lang='lat' dir='ltr'>superlatis.</span> 
     </span>
    </p>
   </div>
   <div class='ocr_carea' id='block_1_6' title="bbox 617 3921 755 3970">
    <p class='ocr_par' dir='ltr' id='par_1_9' title="bbox 617 3921 755 3970">
     <span class='ocr_line' id='line_1_46' title="bbox 617 3921 755 3970; baseline 0 -12"><span class='ocrx_word' id='word_1_425' title='bbox 617 3921 755 3970; x_wconf 73' lang='lat'>..72-</span> 
     </span>
    </p>
   </div>
   <div class='ocr_carea' id='block_1_7' title="bbox 0 0 1334 4244">
    <p class='ocr_par' dir='ltr' id='par_1_10' title="bbox 0 0 1334 4244">
     <span class='ocr_line' id='line_1_47' title="bbox 0 0 1334 4244; baseline 0 1"><span class='ocrx_word' id='word_1_426' title='bbox 0 0 1334 4244; x_wconf 95' lang='lat' dir='ltr'> </span> 
     </span>
    </p>
   </div>
  </div>
 </body>
</html>
