2698 4234
206 206 290 262 358.
311 204 473 274 seneque
497 217 537 260 se
561 204 679 273 prame
702 205 746 259 de
761 205 801 259 la
815 203 1028 272 corruption

478 294 522 348 de
543 305 610 348 son
624 293 754 360 temps.

232 387 279 452 (De
287 387 402 452 perditis
414 387 459 436 sui
472 387 598 450 temporis
610 385 867 452 moribusqueritur
878 386 994 450 Seneca.)

198 519 273 589 Qui*
288 520 313 580 si
329 521 460 597 senescit
475 527 579 579 tantus
598 519 629 578 in
642 540 757 580 caeeum
774 518 875 578 Chaos

199 617 333 677 Casurus
346 618 457 676 iterum
468 617 489 690 *,
509 637 592 675 nunc
602 617 690 676 adest
705 616 819 675 mundo
831 616 895 675 dies

198 715 368 794 Supremus
381 714 443 788 ille,
463 714 516 794 qui
531 721 650 793 premat
660 734 756 792 genus
769 713 898 792 impium
908 712 920 735 '

101 818 103 822 ’
198 810 273 870 Caeli
285 811 384 882 ruina,
402 831 507 869 rursus
522 811 691 890 utstirpem
703 809 835 868 novam*

197 907 341 981 Generet,
355 928 516 966 renascens
529 907 638 966 melior
653 927 660 969 :
678 914 712 966 ut
727 906 881 986 quondam
898 906 969 967 tulit

195 1005 212 1063 J
217 1005 324 1063 uvenis
335 1008 357 1078 *,
370 1012 494 1064 tenente
510 1025 604 1082 regna
621 1005 754 1063 Saturno
769 1003 842 1084 poli.

196 1103 220 1160 T
222 1122 282 1161 unc
294 1102 345 1160 illa
358 1102 445 1180 virgo
456 1103 478 1172 *,
494 1101 628 1160 numinis
645 1101 747 1178 magni
762 1101 838 1174 Dea,

197 1199 213 1256 J
219 1198 336 1272 ustitia,
353 1198 428 1257 caelo
444 1199 535 1257 missa
551 1219 620 1257 cum
637 1205 742 1258 sancta
759 1197 844 1270 Fide,
904 1269 907 1273 Ι

196 1296 304 1353 Terras
316 1295 441 1372 regebat
453 1295 547 1353 mitis.
564 1295 741 1354 Humanum
760 1314 857 1371 genus

200 1391 267 1450 Non
282 1391 360 1450 bella
377 1393 497 1462 norat*,
513 1412 574 1449 non
588 1393 669 1451 tubae
682 1391 823 1450 fremitus
838 1398 988 1453 truces...‹

198 1489 319 1568 Cupido
332 1487 405 1547 belli
418 1488 525 1560 crevit,
540 1496 633 1569 atque
646 1489 712 1548 auri
727 1489 834 1548 sames.

197 1586 310 1644 Totum
325 1606 380 1665 per
392 1585 496 1643 orbem
513 1585 679 1643 maximum
696 1591 837 1644 exortum
852 1591 898 1643 est
912 1583 1037 1658 malum,

197 1683 360 1754 Luxuria*,
373 1682 468 1761 pestis
482 1681 593 1740 blanda
611 1701 617 1742 :
632 1682 681 1741 cui
694 1682 775 1740 vires
790 1681 878 1740 dedit

197 1778 366 1859 Roburque
382 1779 506 1856 longum
521 1787 653 1858 tempus,
672 1786 764 1859 atque
782 1798 867 1836 error
876 1776 988 1856 gravis.

198 1875 333 1943 Collecta
350 1876 425 1934 vitia
440 1897 495 1956 per
513 1883 559 1951 tot
574 1882 679 1934 aetates
694 1875 747 1933 diu

199 1973 233 2030 In
248 1993 304 2031 nos
317 1972 492 2032 redundant
502 1973 523 2031 *.
542 1971 660 2031 Saeculo
675 1972 842 2051 premimur
856 1969 952 2048 gravi,

199 2070 265 2136 Quo
277 2069 392 2128 seelera
408 2077 548 2147 regnant.
565 2069 660 2127 Saevit
673 2069 814 2148 impietas
832 2069 952 2141 surens;

198 2166 294 2245 Turpi
309 2166 404 2225 libido
419 2167 538 2224 Venere
553 2166 730 2224 dominatur
744 2173 870 2244 potens;

200 2264 345 2334 Luxuria,
362 2263 474 2321 victrix
488 2263 582 2335 orbiS,
600 2262 765 2321 immensas
779 2259 873 2340 opes*

198 2360 388 2439 iampridem
404 2360 505 2419 avaris
524 2359 676 2432 manibus,
693 2367 728 2418 ut
741 2357 860 2438 perdat,
880 2358 970 2435 rapit.

146 2552 268 2616 N⁰358
284 2569 289 2601 ι
304 2553 373 2614 Qut,
398 2553 506 2614 designe
530 2554 554 2600 le
578 2554 675 2600 monde
690 2551 791 2600 zerbis.
812 2551 846 2599 Ce
868 2565 979 2613 passage
1003 2553 1043 2598 est
1068 2551 1118 2598 tire

117 2615 196 2662 d'une
219 2616 337 2676 tragedie
357 2614 479 2677 pre'teste
496 2615 618 2662 intitule'e
630 2614 742 2662 Octnuie.
762 2615 817 2660 Elte
834 2617 874 2660 est
887 2627 947 2660 sans
962 2613 1042 2660 doute
1055 2612 1118 2659 l'ou-

117 2692 197 2738 vrege
207 2676 268 2724 d'un
281 2677 418 2724 imitnteur
428 2678 460 2722 de
470 2677 589 2738 seneque
599 2677 643 2738 qui
652 2676 762 2722 ecriveit
771 2689 873 2722 comme
881 2675 917 2721 lui
926 2675 973 2721 des
985 2673 1118 2734 tragedies

116 2753 186 2800 pour
202 2738 240 2785 les
257 2739 372 2785 lectures
394 2738 543 2801 publiques.
563 2739 731 2787 -Iterum
749 2749 897 2786 casurus.
921 2736 970 2782 Les
990 2735 1118 2783 stoiciens

116 2801 258 2862 croyuient
283 2814 335 2862 que
363 2800 387 2846 le
411 2801 507 2846 monde
529 2799 703 2846 retcmberuit
725 2799 791 2845 dans
811 2799 834 2844 le
854 2798 943 2855 chaos,
963 2798 1029 2844 mnis
1050 2811 1118 2857 pour

115 2864 241 2910 renuttre.
253 2861 292 2908 Cf.
308 2860 378 2920 sen,
394 2861 482 2917 Quest.
498 2862 562 2919 net,
578 2861 623 2917 ΙΙΙ,
636 2866 677 2908 29:
693 2881 703 2902 «ι
715 2861 781 2907 Cum
791 2861 883 2922 pnrtes
899 2858 992 2906 mundi
1006 2857 1118 2906 interire

116 2921 260 2970 debuerint
272 2922 406 2970 aboleriue
417 2922 540 2983 funditus
556 2925 632 2981 tetre,
644 2924 671 2968 ut
683 2922 714 2969 de
724 2921 829 2983 intepru
838 2922 906 2968 totne
917 2922 1089 2982 qenereutur.
1105 2938 1116 2962 n

117 2985 157 3032 (ΙΙ.
181 2985 288 3041 Lucem,
303 2984 323 3042 Ι,
342 2985 630 3046 72.-1mpium.Cs.
645 2985 693 3030 Vir
713 3021 729 3042 .,
745 2983 849 3046 Gecrq,
866 2983 886 3042 Ι,
901 2986 944 3028 468
959 2997 965 3030 ;
978 2981 1062 3044 Impia
1086 2995 1118 3029 ue

115 3047 253 3094 aeternum
267 3045 415 3093 timuerunt
425 3047 530 3093 saecuta
544 3046 690 3093 noctem.—
731 3057 836 3095 ovam.
850 2996 1116 3107 cs.vi1·g.‚E9t.iv,

117 3112 146 3154 7:
160 3107 220 3155 Jnm
235 3122 303 3154 neve
321 3109 462 3169 progenies
481 3109 554 3156 caelo
571 3107 674 3154 demitti
691 3122 722 3152 ur
740 3107 803 3153 alto.
821 3133 851 3140 -
868 3106 1017 3155 Juveuis.
1034 3105 1072 3152 Cf.
1094 3106 1117 3152 le

118 3168 220 3217 novitus
248 3168 333 3216 lurida
354 3168 448 3216 mundi
464 3169 497 3215 de
515 3170 638 3216 Lucrece.
661 3195 689 3202 -
707 3168 807 3228 Virgo
828 3182 833 3214 :
857 3167 961 3214 Astree.
984 3167 1024 3214 Cf.
1043 3167 1116 3226 Virg.

116 3229 188 3339 Epi,
201 3231 211 3276 Ι
241 3236 272 3290 ,6
287 3244 292 3277 :
305 3230 363 3277 Jnm
378 3231 446 3277 redit
459 3233 483 3277 et
498 3230 587 3294 Virpo,
602 3230 713 3277 redeunt
724 3227 850 3276 Saturnia
864 3243 954 3292 reque.
964 3227 1117 3277 -Norae

117 3353 183 3408 Quis
195 3354 247 3401 ruit
263 3355 410 3400 horrendos
448 3355 530 3401 rimus
548 3355 593 3415 qui
611 3353 723 3414 protulit
740 3356 833 3401 enses?
849 3349 1053 3400 —Luxuria.
1077 3349 1116 3398 Cf.

115 3415 239 3475 Juvenal,
262 3415 307 3474 VI,
333 3420 376 3461 292
398 3369 529 3464 :brevior
548 3415 631 3462 ermis
659 3413 777 3460 Lusuriu
800 3412 933 3472 incubuit,
963 3412 1118 3474 victumque

95 3476 260 3525 ‘ulciscitur
280 3475 389 3532 urbem;
409 3477 488 3536 idem,
507 3475 552 3536 III,
577 3481 626 3524 62:
647 3477 706 3524 Jam
728 3475 812 3522 ridem
839 3475 924 3538 Syrus
947 3473 974 3521 in
1002 3473 1118 3522 Tiberim

116 3538 230 3601 defluxit
244 3537 363 3586 Orontes.
375 3564 405 3572 -
418 3539 626 3587 Redundant.
638 3537 676 3585 Cf.
719 3552 804 3594 crece,
818 3536 874 3594 Od,
887 3537 934 3596 ΙΙΙ,
948 3542 970 3594 6,
982 3541 1010 3584 38
1025 3551 1030 3584 :
1044 3536 1118 3584 AEtcs

115 3602 269 3663 parentum,
280 3599 361 3662 pejor
373 3599 437 3657 evis,
453 3599 516 3647 tulit
528 3600 581 3647 Nes
596 3599 747 3662 nequiores,
763 3613 823 3646 mec
835 3599 946 3646 daturos
959 3596 1118 3661 Preperiiem

116 3661 289 3710 vitiosiorem.
304 3688 332 3697 —
346 3662 435 3724 Opes.
445 3662 484 3709 (ΙΙ.
497 3661 610 3708 Petrone
624 3661 665 3723 (de
681 3661 773 3708 Mutat.
788 3660 871 3723 Reip.)
886 3675 891 3707 z
905 3660 1009 3722 Sparsis
1023 3658 1118 3720 opibus

116 3738 243 3771 converse
261 3723 389 3786 potestus,
412 3723 526 3786 Ipseque
549 3721 673 3784 majestas
695 3737 762 3770 euro
786 3723 913 3784 corrupte
936 3720 1052 3784 jacebat.
1078 3721 1117 3768 (ΙΙ.

118 3787 225 3847 Lucam,
239 3785 259 3845 Ι,
273 3790 334 3834 166;
350 3786 468 3848 Totoque
481 3783 628 3833 arcessitur
639 3783 703 3832 orbe
714 3798 768 3848 quc
779 3799 845 3848 pens
857 3798 980 3848 quaeque
991 3783 1070 3846 perit.

151 3329 156 3339 .
172 3291 285 3352 Tibulle,
304 3293 323 3352 1,
338 3297 359 3351 3,
374 3297 419 3351 ³53
435 3293 454 3350 Ι,
470 3297 506 3350 10,
521 3298 532 3339 t
548 3307 553 3339 :
568 3292 652 3347 Quem
670 3291 737 3338 bene
754 3291 868 3338 Saturno
887 3290 1015 3337 vivebant
1028 3303 1117 3350 rege...

545 3953 639 4005 -aet
663 3982 698 3992 ν
