2696 4244
70 590 175 654 .4,

207 197 291 258 225.
307 198 517 257 Discretlon
532 201 599 256 des
613 200 839 343 magilstrats
850 201 895 255 de
907 200 946 255 la
958 198 1175 269 repubuque

603 299 708 345 roma
723 300 778 343 ne.

189 399 334 462 (Quantum
350 400 455 450 romani
468 401 644 464 mapistratus
659 401 690 448 de
700 400 819 464 publicis
836 399 918 450 rebus
931 400 1043 449 reticere
1057 399 1190 450 sollemne

610 478 775 541 habuerint.)

228 620 315 678 Adeo
328 641 438 698 magna
460 621 587 680 caritate
603 621 709 700 patriae
727 622 922 693 tenebantur,
942 627 976 680 ut
993 641 1103 679 arcana
1118 641 1194 678 con·

190 716 256 774 silia
272 725 393 796 patrum
413 719 678 797 conscriptorum*
696 719 800 777 multis
816 717 945 776 saeculis
963 738 1053 775 nemo
1068 724 1195 775 senator

190 813 409 872 enuntiaverit.
427 814 462 880 Q.
484 813 595 872 Fabius
611 814 764 872 Maximus
786 813 1010 885 tantummode,
1032 820 1063 871 et
1082 813 1108 872 is
1126 813 1195 892 ipse

190 929 246 987 per
257 909 506 988 imprudentiam,
526 910 564 967 de
578 911 668 969 tertio
685 910 801 969 Punico
818 909 898 968 bello
915 910 1090 978 indicenda,
1108 910 1193 988 quod

191 1013 309 1065 secreto
320 1007 351 1065 in
364 1009 448 1066 curia
463 1016 527 1067 erat
543 1015 657 1079 actum,
674 1007 707 1067 P.
724 1007 846 1074 Crasso,
864 1028 915 1065 rus
932 1013 1048 1086 petens,
1066 1006 1193 1064 domum

191 1105 358 1162 revertenti
374 1105 406 1163 in
423 1106 552 1164 itinere*
572 1105 719 1176 narravit,
741 1125 859 1164 memor
877 1124 946 1162 eum
968 1103 1100 1160 triennio
1121 1111 1195 1160 ante

192 1208 377 1278 quaestorem
400 1203 525 1273 lactum,
549 1203 735 1282 ignarusque
756 1201 891 1261 nondum
914 1220 930 1258 a
956 1199 1137 1258 censoribus
1161 1200 1193 1256 in

192 1297 333 1357 ordinem
352 1300 538 1358 senatorium
555 1300 728 1358 adlectum*
742 1299 816 1380 (quo
834 1317 893 1356 uno
910 1296 1109 1355 modoetiam
1132 1295 1192 1368 his,

193 1395 246 1474 qui
253 1395 318 1475 jam
334 1396 466 1455 honores
481 1404 648 1473 gesserant,
667 1397 767 1455 aditus
782 1396 812 1454 in
828 1396 943 1454 curiam
957 1393 1119 1472 dabatur);
1139 1393 1192 1450 sed

193 1493 334 1571 quamvis
354 1492 501 1551 honestus
517 1513 602 1552 error
623 1493 708 1551 Fabii
730 1499 821 1561 esset,
841 1492 1039 1550 vehementer
1058 1499 1193 1548 tamena

193 1589 371 1656 consulibus
380 1590 561 1670 objurgatus
572 1598 627 1650 est.
640 1591 814 1671 Numquam
826 1589 906 1648 enim
919 1586 1194 1654 taciturnitatem*,

193 1687 345 1766 optimum
365 1709 400 1745 ac
423 1688 610 1746 tutissimum
629 1687 941 1746 administrandarum
962 1705 1064 1742 rerum
1088 1684 1195 1741 vincu-

194 1784 269 1856 lum,
288 1783 464 1842 labefactari
486 1783 640 1842 volebant.
661 1785 752 1861 Ergo,
770 1805 839 1842 cum
857 1783 938 1841 Asiae
958 1802 1010 1838 rex
1028 1781 1194 1848 Eumene«,

194 1881 421 1938 amantissimus
446 1888 558 1938 nostrae
590 1881 692 1950 Urbis,
721 1880 835 1939 bellum
863 1900 880 1938 a
908 1878 1019 1936 Perse*
1047 1877 1197 1935 adversus

195 1977 343 2056 populum
359 1977 531 2035 Romanum
541 1978 711 2057 comparari
723 1976 1031 2046 senatuinuntiasset,
1049 1995 1109 2031 non
1124 1980 1196 2031 ante

195 2074 265 2131 sciri
282 2075 383 2151 potuit
399 2073 473 2151 quid
491 2082 544 2131 aut
564 2074 614 2132 ille
629 2075 750 2134 locutus
768 2081 858 2146 esset,
874 2081 927 2132 aut
943 2080 1047 2152 patres
1063 2090 1192 2148 respon—

194 2170 322 2239 dissent,
339 2191 428 2248 quam
446 2178 570 2250 captum
584 2172 696 2231 Persen
710 2173 867 2250 cognitum
881 2176 937 2229 est.
956 2168 1065 2226 Fidum
1084 2174 1149 2224 erat
1165 2172 1195 2223 et

194 2267 290 2324 altum
322 2267 497 2346 reipublicae
530 2278 637 2347 pectus
667 2270 783 2341 curia*,
815 2267 987 2343 silentiique
1015 2263 1197 2322 salubritate

194 2363 347 2421 munitum
358 2365 697 2445 etvallatumundique,
709 2360 1195 2444 cujuslimenintrantes,abjecta

196 2461 316 2538 privata
329 2462 466 2534 caritate,
481 2462 636 2541 publicam
651 2461 828 2520 induebant.

226 2665 268 2714 N⁰
282 2665 347 2716 225
362 2679 367 2712 :
382 2665 655 2734 conscriptorum.
670 2664 787 2725 Tarquin
800 2662 929 2719 l'Ancien,
939 2675 971 2708 en
980 2660 1197 2721 adjoignantaux

193 2730 286 2835 patres
300 2726 434 2788 majorum
446 2729 568 2788 pontium
585 2727 622 2773 les
633 2728 725 2788 patres
739 2725 874 2772 minorum
885 2722 1016 2798 petilium,
1033 2723 1106 2769 avait
1119 2721 1198 2782 porte'

207 2803 220 2835 e
238 2788 348 2834 nombre
369 2790 415 2834 des
438 2788 575 2836 sinateurs
594 2789 607 2834 tl
628 2793 680 2836 300,
699 2788 738 2834 En
757 2791 809 2845 509,
831 2785 951 2832 Valerius
972 2783 1110 2830 Publicola
1129 2799 1148 2845 y
1167 2783 1199 2830 ut

196 2855 286 2897 entrer
303 2851 349 2896 des
366 2850 511 2911 plebiiens,
534 2851 588 2910 qui,
613 2851 667 2911 pris
687 2852 753 2896 dans
776 2849 799 2896 la
822 2861 908 2894 masse
928 2846 962 2891 du
982 2845 1087 2906 peuple,
1109 2845 1199 2891 iurent

197 2912 305 2972 appelis
319 2911 472 2972 conscripti.
489 2911 507 2956 ll
521 2926 538 2971 y
554 2915 599 2958 eut
612 2913 681 2958 alors
698 2913 764 2958 dans
776 2912 799 2956 le
813 2909 889 2956 sinat
901 2908 939 2954 les
949 2910 1041 3014 patres
1059 2906 1199 2974 (d'origine

198 2973 371 3034 patricienne)
381 2973 452 3019 etles
464 2972 607 3035 conscripti
618 2973 754 3032 (d'oripine
763 2971 938 3032 ple'beienne).
972 2971 1043 3016 atres
1051 2967 1200 3028 conscripti

197 3041 238 3082 est
251 3036 319 3081 donc
333 3050 401 3095 pour
413 3033 505 3081 Patres
523 3037 547 3080 et
565 3034 719 3096 conscripti.
734 3033 837 3080 Choisis
854 3032 869 3078 d
885 3030 1003 3090 l'origine
1017 3044 1065 3090 par
1077 3030 1115 3076 les
1134 3029 1197 3084 rois,

197 3097 236 3143 les
255 3097 391 3142 senateurs
407 3095 430 3141 16
448 3097 536 3143 iurent
554 3097 656 3144 ensuite
677 3111 725 3156 par
743 3096 779 3141 les
795 3091 911 3147 consuls,
931 3096 958 3137 et
974 3093 1086 3150 apartir
1103 3091 1135 3136 de
1153 3094 1197 3136 ³51

198 3173 246 3220 par
258 3158 296 3204 les
308 3171 442 3204 ccnseurs.
456 3183 482 3190 —
497 3158 532 3205 In
544 3157 661 3207 itinere
673 3157 706 3205 :il
717 3158 740 3203 le
752 3158 892 3202 rencontru
906 3156 1071 3199 6666616.-
1079 3150 1200 3200 Adlec-

199 3227 276 3268 tum.
291 3219 431 3328 Adbpere.
448 3218 536 3279 tepere
550 3219 577 3265 in
590 3221 721 3273 senatum,
733 3217 905 3278 proprement
919 3213 1038 3259 :dresser
1050 3212 1074 3258 la
1087 3213 1148 3260 liste
1162 3215 1199 3260 du

198 3281 282 3328 senat.
303 3307 332 3313 -
380 3278 637 3330 aciturnitatem.
659 3281 709 3327 Les
729 3279 838 3326 seances
856 3276 891 3321 du
909 3274 984 3320 senat
1003 3272 1131 3321 n'etaient
1150 3289 1201 3334 pas

199 3342 348 3404 publiques.
361 3369 390 3375 -
403 3342 512 3390 Perse.
528 3343 578 3388 Sur
592 3343 695 3395 Persee,
710 3343 748 3388 roi
762 3342 794 3386 de
806 3336 970 3391 Mace'doine,
983 3337 1010 3380 et
1022 3348 1068 3379 sur
1080 3350 1122 3381 ses
1135 3350 1201 3396 pro-

196 3405 249 3465 Jets
263 3404 294 3448 de
311 3417 403 3462 guerre
417 3407 509 3449 contre
523 3405 561 3449 les
580 3404 705 3452 Romains
724 3402 781 3449 voir
798 3402 822 3446 la
837 3397 966 3460 premiere
981 3399 1043 3440 note
1058 3397 1091 3441 de
1105 3397 1128 3442 la
1142 3411 1201 3442 vcr-

199 3465 257 3512 sion
271 3467 323 3515 uti,
339 3464 482 3525 Plaidoper
495 3479 527 3511 en
539 3464 633 3524 saveur
646 3467 691 3512 des
705 3462 837 3511 Rliodiens
851 3456 972 3526 rivallis.
987 3455 1045 3500 Life
1058 3458 1139 3510 aussi.
1155 3473 1202 3504 sur

199 3541 228 3572 sa
243 3525 349 3576 discite,
363 3527 387 3572 la
402 3527 506 3571 version
521 3532 558 3582 51,
573 3528 707 3574 Eutreuue
725 3527 756 3572 de
774 3521 841 3570 Paul
860 3517 944 3566 limile
959 3519 984 3562 et
1001 3517 1032 3562 de
1051 3516 1155 3565 Perre'e.
1171 3545 1201 3554 -

199 3586 306 3637 Curia.
319 3587 384 3633 Voir
396 3588 419 3633 16
433 3588 591 3649 magnilique
607 3590 680 3650 e'loge
694 3588 771 3650 qu'cn
785 3584 832 3632 fait
845 3577 1040 3637 Montesquieu.
1056 3578 1202 3626 Grandem·

198 3649 224 3694 et
236 3647 396 3700 De'radenre,
411 3649 447 3694 l'l
460 3663 465 3697 :
479 3652 505 3694 et
518 3649 638 3710 Ciceron,
653 3651 705 3697 Pro
722 3647 829 3700 Milone,
843 3647 890 3688 90:
905 3657 915 3680 «
930 3638 1058 3706 templum
1074 3641 1202 3687 sanctitu-

198 3712 243 3768 tis,
259 3710 452 3770 amplitudinis,
467 3713 573 3770 mcntis,
587 3713 690 3759 consilii
703 3707 812 3773 publici,
829 3705 910 3764 caput
926 3699 1009 3755 urbis,
1028 3713 1101 3746 aram
1115 3703 1203 3748 socio-

197 3786 265 3832 rum,
279 3775 386 3832 portum
400 3771 517 3817 omnium
531 3775 678 3832 gentium...
693 3793 704 3816 i

620 3951 778 4002 -228-
