2658 4244
204 159 286 214 104.
307 157 650 228 Empoisonnement
666 159 710 214 de
725 157 976 216 Britannicus..

285 312 289 320 Ι
353 307 355 311 ,
443 254 491 317 (De
504 253 657 302 Britannici
670 255 751 317 nece.)

134 370 225 430 Mos*
251 370 422 440 habebatur
443 369 616 449 principum
641 369 763 440 liberos,
781 390 851 428 cum
871 369 981 428 ceteris
996 368 1096 426 idem*
1112 367 1152 431 2⁶

12 533 13 540 ,
95 468 195 526 aetatis
213 467 380 540 nobilibus
398 467 560 526 sedentes*
575 467 669 540 vesei,
686 467 717 524 in
736 466 883 546 adspectu
906 466 1097 546 propinquo-

12 607 13 620 ,
95 585 174 636 rum,
191 564 315 644 propria
331 573 362 622 et
376 564 516 644 parciore
531 585 646 624 mensa.
665 564 731 622 lllic
746 564 890 643 epulante
908 563 1095 633 Britannice,

96 661 166 741 quia
182 661 269 720 cibos
283 669 438 741 potusque
449 661 515 741 ejus
532 660 670 720 delectus
679 681 716 722 ex
727 661 876 719 ministris
890 669 981 738 gustu
994 659 1099 739 explo-

97 759 216 830 rabat*,
240 779 279 818 ne
297 759 493 817 omitteretur
514 759 691 817 institutum
716 765 771 816 aut
798 759 975 837 utriusque*
999 765 1098 815 morte

97 855 279 934 proderetur
293 856 405 928 scelus,
416 856 493 914 talis
503 855 591 914 dolus
609 864 751 935 repertus
762 863 818 913 est.
846 855 973 913 lnnoxia
998 853 1099 912 adhuc

93 974 129 1011 ac
153 952 317 1033 praecalida
344 961 375 1011 et
402 953 497 1011 libata
521 961 613 1030 gustu
641 953 727 1032 potio
749 952 882 1012 traditur
902 951 1096 1022 Britannico;

93 1051 176 1122 dein,
200 1053 365 1130 postquam
385 1049 525 1108 fervore*
547 1049 803 1128 adspernabatur,
830 1049 940 1126 frigida
968 1049 1001 1106 in
1019 1069 1098 1128 aqua

91 1147 282 1206 all'unditur*
293 1167 459 1216 venenum,
477 1146 560 1225 quod
572 1147 614 1205 ita
631 1154 759 1205 cunctos
774 1147 841 1226 ejus
853 1153 936 1205 artus
950 1144 1097 1224 pervasit,

93 1252 128 1302 ut
145 1265 206 1302 vox
225 1244 361 1324 pariter*
387 1251 417 1302 et
433 1244 560 1323 spiritus
578 1251 770 1322 raperentur.
801 1243 987 1322 Trepidatur
1006 1263 1023 1300 a
1041 1242 1099 1300 cir-

93 1341 348 1400 cumsedentibus
366 1359 372 1399 :
391 1340 557 1418 diffugiunt
580 1340 807 1419 imprudentes3
829 1339 987 1420 atquibus
1009 1339 1099 1397 altior

91 1438 269 1498 intellectus
281 1439 303 1511 *,
325 1438 494 1496 resistunt*
507 1437 598 1495 defixi
612 1445 644 1495 et
661 1437 815 1495 Neronem
838 1437 1005 1496 intuentes.
1031 1435 1096 1507 llle,

91 1543 127 1594 ut
144 1536 229 1594 erat*
244 1534 380 1603 reclinis
399 1541 429 1592 et
454 1534 558 1592 nescio
581 1534 703 1606 similis,
732 1534 882 1593 solitum*
903 1534 945 1592 ita
967 1533 1020 1601 ait,
1043 1552 1099 1612 per

89 1632 300 1690 comitialem*
315 1631 547 1710 morbumque
567 1632 666 1710 prima
688 1631 725 1690 ab
747 1631 878 1690 infantia
899 1631 1099 1690 afflictaretur

90 1729 302 1800 Britannicae,
329 1736 361 1786 et
388 1728 544 1787 redituros
566 1728 715 1808 paulatim
740 1728 824 1786 visus
853 1747 1032 1806 sensusque.
1057 1732 1099 1784 At

12 1863 13 1872 κ
90 1826 273 1906 Agrippinae
290 1826 316 1883 is
332 1846 440 1904 pavor,
453 1846 486 1884 ea
499 1826 710 1884 consternatio
718 1826 842 1898 mentia,
856 1825 998 1905 quamvis
1008 1823 1097 1882 vultu

90 1930 298 2002 premeretur,
312 1923 449 1993 emicuit,
461 1931 494 1981 ut
506 1922 635 2002 perinde
649 1923 786 2000 ignaram
800 1923 905 1996 fuisse,
917 1942 953 1982 ac
960 1941 1098 1980 sororem

12 2035 13 2040 ’
92 2019 267 2079 Britannici
288 2018 460 2092 Octaviam,
483 2019 661 2078 constiterit
678 2019 816 2100 :quippe
837 2017 896 2078 sibi
919 2038 1097 2098 supremum

89 2117 242 2175 auxilium
266 2124 418 2195 ereptum,
436 2122 468 2176 et
490 2116 672 2195 parricidii*
693 2117 866 2196 exemplum
888 2115 1096 2194 intellegebat.

12 2263 13 2280 2
91 2215 221 2273 Octavia
233 2234 369 2295 quoque,
390 2213 532 2294 quamvis
550 2213 678 2272 rudibus
696 2213 795 2285 annis,
819 2213 967 2285 dolorem,
987 2215 1098 2272 carita-

12 2295 13 2298 *
91 2321 165 2383 tem,
181 2331 288 2370 omnes
302 2313 430 2369 allectus
441 2310 630 2369 abscondere
645 2311 807 2370 didicerat.
830 2312 886 2384 lta,
909 2319 980 2390 post
1005 2311 1098 2370 breve

92 2408 263 2480 silentium,
278 2408 409 2488 repetita
420 2407 556 2467 convivii
571 2408 677 2466 laetitia
690 2409 713 2470 *.

122 2567 163 2617 N⁰
189 2566 252 2616 104
279 2579 286 2616 2
307 2567 389 2616 Mos.
410 2565 542 2614 Coutume
567 2566 723 2628 emprunte'e
748 2581 800 2614 aux
818 2568 926 2614 anciens
947 2567 1049 2616 Perses.
1068 2593 1098 2602 -

94 2629 184 2678 Idem
197 2635 236 2689 t:
251 2628 392 2691 ejusdem).
406 2628 446 2676 Cf.
460 2629 498 2675 les
516 2629 685 2690 expressions
701 2643 706 2676 ι
721 2627 748 2675 id
760 2628 855 2687 aetatis,
871 2628 897 2676 id
916 2629 1052 2691 temporis.
1068 2655 1098 2664 -

94 2691 261 2740 sedentes.
274 2691 311 2737 La
322 2693 447 2736 coutume
455 2690 488 2736 de
496 2690 711 2751 mangeretcndu
719 2705 765 2736 sur
773 2691 819 2738 des
827 2691 881 2749 lits,
894 2705 926 2738 en
937 2690 1099 2752 s'appuyanl

92 2767 140 2799 sur
155 2753 180 2798 le
198 2753 292 2810 coude,
308 2751 400 2798 imitee
420 2752 453 2798 de
467 2751 586 2807 l'Oricnt,
602 2767 633 2798 nc
652 2753 692 2798 l'ut
707 2751 817 2798 d'abord
833 2753 918 2799 suivie
935 2768 985 2814 que
999 2767 1048 2814 par
1059 2754 1098 2800 les

94 2814 213 2860 hommes
232 2829 238 2860 :
256 2814 295 2860 les
313 2813 423 2860 iemmes
441 2817 468 2859 et
484 2813 523 2860 les
541 2814 646 2860 enl'ants
663 2814 852 2861 continuerent
868 2815 1005 2875 almanger
1019 2815 1097 2868 assis,

95 2889 197 2922 comme
214 2876 253 2922 les
270 2875 380 2922 anciens
401 2875 537 2922 Romains.
558 2901 588 2909 -
604 2875 837 2936 explorabat:
857 2874 922 2922 c’est
942 2877 966 2922 le
986 2877 1040 2923 rdle
1065 2877 1098 2923 de

12 2973 14 2990 ι
95 2935 215 2984 l'esclave
231 2937 424 2999 praegustator.
443 2963 473 2971 -
491 2935 678 2997 Utriusque,
695 2937 728 2983 ‹le
743 2938 913 2985 Britannicus
933 2941 960 2984 et
979 2939 1015 2984 du
1029 2952 1099 3000 prac-

12 2995 14 3032 l
93 3002 226 3060 pustator.
249 3025 279 3033 -
296 2998 438 3047 Fervore
457 3017 488 3040 =
502 3000 615 3060 propter
635 2998 777 3058 servorem.
796 3025 826 3034 —
840 2999 1052 3059 Adfunditur,
1073 3000 1099 3046 le

12 3077 14 3094 ·
96 3061 190 3120 poison
209 3063 250 3107 est
266 3059 343 3106 verse
360 3074 426 3106 avec
440 3058 506 3106 l'eau
524 3061 608 3106 froide
624 3061 669 3120 qui
686 3061 710 3106 le
728 3062 855 3108 contient.
872 3088 902 3095 -
919 3061 1052 3111 Pariter
1068 3081 1099 3104 =

94 3122 194 3169 statim.
210 3122 439 3171 -Intellectus
451 3135 457 3168 t
471 3121 539 3168 Mais
552 3136 618 3167 ceux
633 3122 677 3182 qui
690 3123 723 3168 de
737 3123 762 3169 la
777 3137 842 3168 cour
854 3126 901 3168 ont
916 3138 950 3169 un
964 3125 1023 3184 plus
1036 3124 1099 3184 long

12 3237 13 3240 Ἴ
97 3198 183 3244 usage.
201 3183 268 3230 Voir
283 3183 308 3230 le
325 3183 392 3230 recit
411 3184 444 3230 de
462 3183 561 3229 Racine
576 3183 768 3243 (Britannicus,
787 3186 855 3230 Acte
869 3185 902 3236 V,
917 3200 953 3232 sc.
973 3186 1005 3247 5),
1023 3186 1099 3246 quia

97 3245 196 3306 neglige
218 3245 346 3306 quelques
366 3245 443 3291 traits
462 3245 609 3306 rigoureux
626 3246 658 3292 de
677 3245 769 3293 Tacite
790 3259 795 3292 ι
817 3245 947 3293 resistunt
968 3247 1050 3308 defici
1067 3273 1100 3282 -

96 3307 207 3368 repetita
229 3306 345 3354 convicii
365 3306 467 3354 laetitia.
486 3332 515 3340 -
530 3306 713 3365 Resistunt,
733 3308 889 3354 demeurent
907 3309 922 3354 a
937 3310 994 3356 leur
1011 3310 1097 3370 place,

12 3367 14 3420 l
96 3367 184 3430 defini,
198 3370 324 3430 lesyeux
338 3368 403 3415 fixe's
421 3383 466 3414 sur
481 3368 569 3415 Ne'ron
584 3369 661 3430 (pour
676 3385 694 3430 y
709 3369 758 3416 lire
775 3384 805 3416 ce
822 3370 899 3430 qu'ils
915 3375 963 3418 out
980 3373 994 3417 at
1012 3371 1097 3432 faire).

12 3445 13 3492 ς
97 3429 172 3477 Voila
189 3444 218 3477 ce
235 3445 287 3491 que
305 3430 387 3478 Taine
404 3430 533 3491 appelle«
551 3431 597 3478 des
613 3431 736 3478 couleurs
751 3446 836 3490 crues,
850 3433 896 3479 des
915 3433 992 3479 traits
1010 3433 1100 3480 saisis-

12 3499 13 3504 ’
95 3496 169 3539 sants
187 3512 208 3540 r.
226 3518 255 3526 -
268 3491 314 3541 Ut
328 3493 410 3549 erat,
427 3494 530 3538 restant
546 3492 656 3551 couche,
670 3507 772 3540 comme
790 3493 807 3540 il
826 3493 899 3541 e'tait.
916 3521 945 3528 -
960 3493 1099 3544 Solitum

97 3553 127 3616 (s.
151 3557 203 3601 ent.
224 3553 286 3616 ese),
307 3567 340 3600 au
356 3555 458 3601 neutre.
482 3579 511 3587 —
528 3553 742 3605 comitialem.
763 3555 790 3602 Si
816 3555 958 3616 quelqu'un
983 3556 1099 3603 tombait

94 3614 247 3678 d'ipitepsie
258 3615 379 3677 pendant
390 3616 415 3662 la
427 3615 540 3662 reunion
553 3616 600 3664 des
615 3618 739 3675 cornices,
753 3617 918 3664 l'asseinblee
935 3619 1000 3664 etait
1012 3618 1099 3678 ajour-

96 3677 153 3724 nee.
165 3703 194 3712 -
211 3676 390 3727 Parricidii
406 3691 412 3724 :
427 3677 458 3725 Je
477 3676 584 3739 prc'vois
607 3693 657 3738 que
677 3681 717 3725 tes
737 3693 820 3740 coups
836 3679 978 3725 viendront
993 3677 1099 3740 jusqu'i

96 3745 121 3786 ta
140 3740 209 3786 mere
225 3739 356 3801 (Recine).
372 3765 402 3774 -
421 3737 567 3789 Laetitia,
584 3739 619 3785 Ce
632 3740 737 3786 dernier
755 3741 827 3798 trait,
842 3741 889 3801 ¹qui
902 3741 1004 3801 peinta
1021 3755 1056 3786 nu
1073 3740 1098 3786 la

95 3801 204 3848 t'erocite'
220 3803 248 3848 et
262 3800 287 3848 la
301 3801 498 3849 dissimulation
511 3801 543 3847 de
560 3801 585 3848 la
601 3815 665 3848 cour
680 3802 856 3864 imperiales
873 3802 915 3848 ete
930 3801 1032 3862 neglige
1050 3815 1100 3859 par

96 3863 203 3910 llaciue.

518 3954 553 3963 ..
572 3925 622 3969 tun
641 3953 676 3964 ..
