2664 4234
89 89 181 177 4:36.
192 122 325 178 contre
336 136 385 179 un
400 120 527 192 consul
539 122 690 194 designe'
706 123 768 192 qui
784 136 835 180 va
851 117 1008 193 prendre
1030 135 1097 180 son

199 212 509 268 commendement
522 223 613 268 sans
627 211 733 268 avoir
745 211 924 281 accompli
937 212 993 269 les
1047 277 1050 282 ,

99 381 101 386 ,
363 305 589 365 ceremonies
604 309 823 377 presentes.

94 403 140 466 (In
153 407 291 454 consulem
309 407 555 472 designatunvqui,
568 407 674 469 infectis
684 409 776 468 sacris,
789 409 817 458 1η
833 408 1000 472 prouinciam
1021 423 1098 456 suam

558 488 635 549 abii.)

139 599 319 674 Flaminius,
343 601 450 661 consul
468 603 658 680 designatus,
685 603 807 662 infectis
831 603 958 675 sacris*,
983 582 1098 662 'Arimi-
1115 608 1155 671 3⁰

96 716 183 768 num,
199 697 229 754 in
248 699 440 776 provinciam
456 720 553 772 suam,
568 700 646 758 clam
661 699 787 758 abierat.
810 701 850 758 Ea
867 721 913 758 res
929 699 981 761 ubi
997 699 1097 777 palam

96 792 179 851 facta
197 801 253 865 est,
271 816 383 856 novam
399 797 525 876 insuper
539 797 615 855 iram
632 797 770 855 infestis*
788 797 851 876 jam
868 804 938 855 ante
961 795 1098 874 patribus

97 891 197 948 movit
213 910 219 950 :
239 916 255 946 i<
270 913 331 950 non
345 913 414 950 cum
431 900 538 951 senatu
552 892 655 965 modo,
669 893 721 951 sed
732 894 797 974 jam
812 914 881 952 cum
901 893 959 956 diis
975 893 1099 949 immora

97 987 211 1046 talibus
225 987 260 1046 C.
278 988 462 1048 Flaminium
474 989 587 1064 bellum
603 1011 718 1068 gerere.
735 990 901 1048 Consulem
912 997 982 1048 ante
996 990 1100 1047 inaus-

99 1084 201 1162 picato
215 1085 327 1144 lactum
344 1086 561 1144 revocantibus
574 1107 611 1144 ex
626 1087 691 1165 ipsa
712 1087 776 1145 acie
808 1087 867 1145 diis
884 1095 976 1165 atque
1000 1085 1099 1142 homi-

98 1181 192 1248 nibus
206 1203 267 1240 non
281 1184 420 1261 paruisse
427 1209 434 1252 ;
453 1204 534 1242 nunc
550 1183 740 1242 conscientia
752 1185 944 1262 spretorum*
961 1189 992 1240 et
1007 1181 1100 1259 Capi·
1135 1227 1138 1235 .

98 1277 206 1337 tolium
223 1287 252 1337 et
269 1279 448 1338 sollemnem
468 1287 610 1338 votorum
635 1281 895 1359 nuncupationem
919 1279 1043 1354 fugisse,
1062 1297 1099 1339 ne

98 1374 147 1432 die
163 1375 233 1434 initi·
247 1377 443 1453 magistratus
458 1376 545 1434 Jovis
561 1377 670 1454 optimi
686 1377 811 1434 maximi
828 1376 976 1455 templum
989 1375 1097 1444 adiret,

99 1493 137 1530 ne
153 1483 292 1531 senatum
306 1475 425 1531 invisus
441 1474 505 1552 ipse
518 1480 549 1531 et
566 1473 622 1530 sihi
639 1474 692 1531 uni
706 1474 840 1532 invisum
856 1474 976 1532 videret
990 1492 1099 1534 cousu-

98 1569 245 1648 leretque,
276 1591 313 1628 ne
335 1571 458 1629 Latinas
490 1570 640 1628 indiceret
661 1569 795 1648 lovique
819 1571 931 1629 Latiari
952 1569 1099 1628 sollemne

99 1687 219 1725 sacrum
238 1668 268 1725 in
283 1675 388 1726 monte
403 1667 578 1736 faceretne
594 1668 752 1746 auspicato
775 1667 931 1746 proiectus
951 1668 981 1724 in
1007 1665 1100 1744 Capi-

101 1756 226 1822 tolium*
238 1764 275 1822 ad
290 1772 361 1823 vota
372 1764 588 1843 nuncupanda,
605 1764 768 1844 paludatus
778 1764 849 1822 inde
862 1785 931 1822 cum
940 1762 1100 1822 lictoribus

100 1860 132 1917 in
144 1862 334 1939 provinciam
346 1862 414 1920 iret.
433 1861 516 1919 Lixae
533 1861 635 1932 modu,
652 1861 716 1920 sine
733 1861 915 1938 insignibus,
932 1861 998 1918 sine
1013 1859 1101 1917 licto-

100 1957 183 2016 ribus
203 1959 375 2037 proiectum
396 1958 485 2029 clam,
509 1958 627 2027 furtim,
647 1957 728 2017 haud
746 1958 834 2016 aliter
848 1979 939 2037 quam
960 1957 984 2015 si
1003 1955 1101 2015 exsilii

100 2074 189 2112 causa
212 2054 310 2112 solum
339 2056 509 2114 vertisset*.
541 2055 639 2132 Magis
668 2075 723 2133 pro
752 2055 912 2133 majestate
938 2053 1100 2111 videlicet*

102 2151 222 2229 imperii
240 2152 369 2210 Arimini
385 2173 474 2231 quam
490 2152 597 2210 Romae
613 2151 824 2228 magistratum
846 2151 994 2208 initurum
1022 2158 1051 2207 et
1069 2149 1099 2206 in

100 2246 276 2306 deversorio
293 2247 437 2328 hospitali
453 2268 543 2328 quam
566 2246 647 2326 apud
673 2256 798 2326 penates
823 2268 893 2306 suos
919 2255 1099 2326 praetextam

102 2353 305 2423 sumpturum.
342 2370 354 2398 n
385 2344 605 2403 Revocandum
638 2344 773 2402 universi
800 2343 1100 2422 retrahendumque*

100 2450 287 2500 censuerunt
299 2451 329 2500 et
341 2441 514 2518 cogendum
527 2440 674 2499 omnibus·
686 2441 770 2520 prius
786 2448 967 2520 praesentem
979 2440 1010 2497 in
1027 2439 1113 2512 deos⁴

104 2538 304 2617 hominesque
317 2539 404 2616 fungi
419 2538 526 2596 officiis
539 2558 630 2618 quam
647 2537 685 2595 ad
702 2537 868 2596 exercitum
880 2544 911 2594 et
928 2537 958 2594 in
977 2537 1103 2616 provin-

100 2636 180 2694 ciam
195 2635 262 2694 iret.

131 2750 172 2799 N⁰
189 2748 256 2799 436
274 2765 278 2796 :
296 2749 419 2799 Sacris.
444 2749 513 2796 Pour
532 2750 646 2810 prendre
669 2749 822 2810 possession
843 2749 875 2794 de
893 2746 1054 2809 l'imperium
1078 2748 1102 2793 le

102 2811 196 2858 consul
209 2812 299 2858 devait
312 2812 376 2858 faire
389 2827 424 2857 un
437 2810 556 2858 sacrifice
572 2811 585 2856 a
603 2810 708 2871 Jupiter
722 2825 774 2858 aux
792 2809 880 2858 Feries
900 2810 996 2856 latinos
1014 2824 1059 2855 sur
1079 2810 1116 2868 le¹

102 2877 176 2920 mont
190 2873 296 2920 Albain.
312 2875 401 2920 Arent
414 2874 446 2919 de
461 2873 561 2934 quittcr
574 2872 667 2930 Rome,
681 2872 698 2917 il
709 2872 800 2918 deruit
819 2872 884 2918 l'airc
906 2871 952 2917 des
973 2885 1053 2917 voeux
1068 2886 1100 2917 au

101 2933 222 2995 Capitole
235 2950 283 2994 pro
298 2935 409 2996 imperio
422 2948 470 2981 suo
483 2932 672 2995 communique
686 2933 842 2995 republica,
861 2938 888 2980 et
909 2948 937 2979 se
953 2936 1048 2978 mettre
1067 2947 1100 2978 en

101 2999 177 3043 route
200 2999 291 3042 revetu
312 2998 343 3042 de
370 3010 418 3043 son
444 3001 564 3042 costume
584 2996 706 3041 militaire
730 2995 904 3056 (paludatus).
930 2993 1048 3041 L'entrec
1068 3008 1100 3041 en

100 3058 197 3118 charge
211 3058 345 3119 (potestas)
359 3058 406 3104 des
419 3057 527 3104 consuls
542 3047 608 3103 c'tait
627 3057 658 3103 de
676 3058 761 3103 meme
776 3057 902 3103 entoure'e
920 3058 952 3102 de
969 3056 1101 3102 certaines

100 3119 273 3166 ceremonies.
285 3120 333 3166 Les
345 3120 413 3165 deux
424 3119 532 3165 consuls
541 3119 665 3165 devaiem
676 3133 705 3164 ce
711 3119 808 3180 ι10111111
823 3118 870 3178 (les
880 3119 935 3164 ides
945 3117 976 3163 dc
984 3117 1100 3178 janvier)

102 3195 164 3228 user
184 3182 218 3227 du
227 3181 275 3243 jus
296 3180 486 3242 auspiciorum,
500 3181 600 3226 rcvetir
612 3179 636 3225 la
647 3179 768 3241 prc'textc
784 3181 882 3226 devant
896 3179 966 3225 leurs
980 3180 1100 3239 penates,

100 3247 129 3290 et
148 3244 268 3290 recevoir
281 3243 319 3288 les
331 3242 483 3302 hommagcs
498 3240 643 3302 (salutatio)
659 3242 706 3288 des
726 3241 872 3297 sdnateurs,
889 3241 935 3287 des
954 3240 1102 3286 chevaliers

100 3308 129 3351 et
148 3305 194 3351 dcs
222 3305 378 3366 principaux
397 3304 525 3364 citoyens.
549 3303 583 3348 lls
607 3303 731 3349 devaient
753 3303 823 3349 aussi
842 3303 916 3348 oll'rir
934 3317 969 3348 un
991 3305 1101 3348 taurceu

103 3366 182 3412 blanc
199 3366 339 3428 diupiter,
352 3381 384 3411 au
398 3364 528 3426 Capitole.
544 3391 573 3398 -
586 3364 728 3412 Infestis.
744 3365 814 3410 Pour
830 3365 900 3410 deux
916 3365 1019 3410 raisons
1035 3363 1102 3410 :tri-

102 3426 156 3474 bun
181 3428 216 3474 du
240 3427 344 3489 pcuple,
363 3427 380 3473 11
401 3427 473 3472 avait
496 3426 609 3496 propose'
637 3441 687 3472 une
704 3426 739 3472 loi
758 3427 872 3486 agraire;
895 3428 931 3484 et,
972 3425 1013 3471 lus
1033 3425 1101 3484 tard,

101 3489 208 3536 nomme
228 3489 320 3536 consul
334 3503 395 3535 sans
413 3488 488 3534 avoir
511 3502 566 3548 pris
582 3488 619 3533 lcs
639 3487 762 3548 auspices
780 3440 976 3548 (inauspicatol),
994 3487 1013 3532 il
1030 3486 1103 3533 avait

101 3551 168 3597 livre
182 3551 299 3607 hataille,
315 3549 444 3597 conserve
461 3563 509 3596 son
526 3549 758 3596 commandement
770 3552 797 3596 et
807 3549 907 3595 obtenu
918 3549 942 3594 le
959 3548 1102 3609 triomphe,

101 3612 201 3673 malgrc
214 3613 238 3659 le
253 3612 336 3659 senat.
353 3639 382 3646 —
398 3610 588 3680 spretorum
602 3625 606 3657 :
621 3625 667 3657 eos
680 3614 785 3671 spretos
803 3625 887 3657 essea
907 3624 943 3656 se.
962 3637 990 3644 —
1008 3609 1104 3678 Capi-

102 3676 225 3733 tolium,
244 3674 348 3735 depend
366 3673 398 3720 de
420 3674 480 3731 iret,
504 3675 530 3720 et
547 3686 600 3718 non
617 3672 649 3718 de
664 3671 812 3736 profectus.
836 3699 865 3706 -
890 3670 1104 3720 vertisset:

104 3737 241 3783 mutasset.
264 3762 294 3770 -
315 3733 488 3794 Videlicet,
513 3733 643 3796 ironique.
664 3759 693 3768 -
715 3733 971 3792 Retrahendum‚
994 3733 1103 3794 indique

99 3796 218 3859 l'emploi
231 3799 263 3844 de
276 3798 301 3844 la
312 3797 440 3844 violence.

524 3883 683 3936 -439-
