<?xml version="1.0" encoding="UTF-8"?>
<!DOCTYPE html PUBLIC "-//W3C//DTD XHTML 1.0 Transitional//EN"
    "http://www.w3.org/TR/xhtml1/DTD/xhtml1-transitional.dtd">
<html xmlns="http://www.w3.org/1999/xhtml" xml:lang="en" lang="en">
 <head>
  <title>
</title>
<meta http-equiv="Content-Type" content="text/html;charset=utf-8" />
  <meta name='ocr-system' content='tesseract 3.04.00' />
  <meta name='ocr-capabilities' content='ocr_page ocr_carea ocr_par ocr_line ocrx_word'/>
</head>
<body>
  <div class='ocr_page' id='page_1' title='image "./depublicaprivat01arnagoog_0316.png"; bbox 0 0 2756 4238; ppageno 0'>
   <div class='ocr_carea' id='block_1_1' title="bbox 363 152 904 344">
    <p class='ocr_par' dir='ltr' id='par_1_1' title="bbox 363 152 904 344">
     <span class='ocr_line' id='line_1_1' title="bbox 363 152 904 237; baseline -0.004 -3"><span class='ocrx_word' id='word_1_1' title='bbox 363 177 448 237; x_wconf 77' lang='lat'><strong>264.</strong></span> <span class='ocrx_word' id='word_1_2' title='bbox 468 176 635 234; x_wconf 67' lang='lat' dir='ltr'>paitrau</span> <span class='ocrx_word' id='word_1_3' title='bbox 654 177 720 234; x_wconf 81' lang='lat' dir='ltr'>aes</span> <span class='ocrx_word' id='word_1_4' title='bbox 740 152 904 235; x_wconf 73' lang='lat' dir='ltr'>esurias.</span> 
     </span>
     <span class='ocr_line' id='line_1_2' title="bbox 470 281 794 344; baseline -0.006 -14"><span class='ocrx_word' id='word_1_5' title='bbox 470 281 517 344; x_wconf 77' lang='lat' dir='ltr'>(De</span> <span class='ocrx_word' id='word_1_6' title='bbox 531 282 671 330; x_wconf 76' lang='lat' dir='ltr'><em>Gallorum</em></span> <span class='ocrx_word' id='word_1_7' title='bbox 685 281 794 344; x_wconf 79' lang='lat' dir='ltr'>indole.)</span> 
     </span>
    </p>
   </div>
   <div class='ocr_carea' id='block_1_2' title="bbox 132 434 1201 2344">
    <p class='ocr_par' dir='ltr' id='par_1_2' title="bbox 132 434 1201 2344">
     <span class='ocr_line' id='line_1_3' title="bbox 172 434 1190 520; baseline -0.005 -18"><span class='ocrx_word' id='word_1_8' title='bbox 172 441 318 502; x_wconf 88' lang='lat' dir='ltr'>Celsioris</span> <span class='ocrx_word' id='word_1_9' title='bbox 331 450 457 502; x_wconf 77' lang='lat' dir='ltr'>staturae</span> <span class='ocrx_word' id='word_1_10' title='bbox 466 443 478 465; x_wconf 85' lang='lat'>*</span> <span class='ocrx_word' id='word_1_11' title='bbox 491 449 522 500; x_wconf 92' lang='lat' dir='ltr'>et</span> <span class='ocrx_word' id='word_1_12' title='bbox 534 440 657 500; x_wconf 88' lang='lat' dir='ltr'>candidi</span> <span class='ocrx_word' id='word_1_13' title='bbox 668 442 680 464; x_wconf 86' lang='lat'>*</span> <span class='ocrx_word' id='word_1_14' title='bbox 693 462 779 520; x_wconf 87' lang='lat' dir='ltr'>paene</span> <span class='ocrx_word' id='word_1_15' title='bbox 795 440 876 500; x_wconf 90' lang='lat' dir='ltr'>Galli</span> <span class='ocrx_word' id='word_1_16' title='bbox 891 446 962 500; x_wconf 89' lang='lat' dir='ltr'>sunt</span> <span class='ocrx_word' id='word_1_17' title='bbox 973 461 1090 511; x_wconf 78' lang='lat' dir='ltr'>omneS,</span> <span class='ocrx_word' id='word_1_18' title='bbox 1103 447 1132 498; x_wconf 87' lang='lat' dir='ltr'>el</span> <span class='ocrx_word' id='word_1_19' title='bbox 1149 434 1190 497; x_wconf 75' lang='lat'>3‘</span> 
     </span>
     <span class='ocr_line' id='line_1_4' title="bbox 132 533 1201 618; baseline -0.005 -20"><span class='ocrx_word' id='word_1_20' title='bbox 132 540 227 610; x_wconf 91' lang='lat' dir='ltr'>rutili,</span> <span class='ocrx_word' id='word_1_21' title='bbox 249 540 462 618; x_wconf 89' lang='lat' dir='ltr'>luminumque</span> <span class='ocrx_word' id='word_1_22' title='bbox 480 539 625 598; x_wconf 86' lang='lat' dir='ltr'>torvitate</span> <span class='ocrx_word' id='word_1_23' title='bbox 644 538 806 608; x_wconf 74' lang='lat' dir='ltr'>terribiles,</span> <span class='ocrx_word' id='word_1_24' title='bbox 825 533 906 597; x_wconf 91' lang='lat' dir='ltr'>avidi</span> <span class='ocrx_word' id='word_1_25' title='bbox 925 537 1099 616; x_wconf 80' lang='lat' dir='ltr'>jurgiorum</span> <span class='ocrx_word' id='word_1_26' title='bbox 1109 537 1133 607; x_wconf 72' lang='lat'>¹,</span> <span class='ocrx_word' id='word_1_27' title='bbox 1199 565 1201 573; x_wconf 91' lang='lat'>·</span> 
     </span>
     <span class='ocr_line' id='line_1_5' title="bbox 132 633 1135 714; baseline -0.005 -19"><span class='ocrx_word' id='word_1_28' title='bbox 132 644 164 694; x_wconf 90' lang='lat' dir='ltr'>et</span> <span class='ocrx_word' id='word_1_29' title='bbox 179 635 329 714; x_wconf 75' lang='lat' dir='ltr'>sublatius</span> <span class='ocrx_word' id='word_1_30' title='bbox 343 636 592 697; x_wconf 77' lang='lat' dir='ltr'>in&#39;solesceutes*.</span> <span class='ocrx_word' id='word_1_31' title='bbox 611 634 786 694; x_wconf 84' lang='lat' dir='ltr'>Metuendae</span> <span class='ocrx_word' id='word_1_32' title='bbox 797 636 809 659; x_wconf 91' lang='lat'><strong>*</strong></span> <span class='ocrx_word' id='word_1_33' title='bbox 823 655 915 694; x_wconf 90' lang='lat' dir='ltr'>voces</span> <span class='ocrx_word' id='word_1_34' title='bbox 929 633 1135 713; x_wconf 91' lang='lat' dir='ltr'>complurium</span> 
     </span>
     <span class='ocr_line' id='line_1_6' title="bbox 132 729 1136 813; baseline -0.003 -23"><span class='ocrx_word' id='word_1_35' title='bbox 132 741 163 791; x_wconf 84' lang='lat' dir='ltr'>et</span> <span class='ocrx_word' id='word_1_36' title='bbox 180 733 326 805; x_wconf 78' lang='lat' dir='ltr'>minaces,</span> <span class='ocrx_word' id='word_1_37' title='bbox 344 733 534 813; x_wconf 79' lang='lat' dir='ltr'>placatorum</span> <span class='ocrx_word' id='word_1_38' title='bbox 550 731 639 812; x_wconf 85' lang='lat' dir='ltr'>juxta</span> <span class='ocrx_word' id='word_1_39' title='bbox 656 740 687 790; x_wconf 92' lang='lat' dir='ltr'>et</span> <span class='ocrx_word' id='word_1_40' title='bbox 704 731 913 792; x_wconf 86' lang='lat' dir='ltr'>irascentium.</span> <span class='ocrx_word' id='word_1_41' title='bbox 933 729 1017 788; x_wconf 90' lang='lat' dir='ltr'>Tersi</span> <span class='ocrx_word' id='word_1_42' title='bbox 1032 737 1136 788; x_wconf 87' lang='lat' dir='ltr'>tamen</span> 
     </span>
     <span class='ocr_line' id='line_1_7' title="bbox 133 826 1133 909; baseline -0.006 -21"><span class='ocrx_word' id='word_1_43' title='bbox 133 829 199 909; x_wconf 89' lang='lat' dir='ltr'>pari</span> <span class='ocrx_word' id='word_1_44' title='bbox 223 829 384 908; x_wconf 78' lang='lat' dir='ltr'>diligentia</span> <span class='ocrx_word' id='word_1_45' title='bbox 406 830 516 889; x_wconf 89' lang='lat' dir='ltr'>cuncti.</span> <span class='ocrx_word' id='word_1_46' title='bbox 534 836 565 888; x_wconf 90' lang='lat' dir='ltr'>et</span> <span class='ocrx_word' id='word_1_47' title='bbox 588 829 728 901; x_wconf 88' lang='lat' dir='ltr'>mundi*,</span> <span class='ocrx_word' id='word_1_48' title='bbox 754 829 863 888; x_wconf 90' lang='lat' dir='ltr'>necin</span> <span class='ocrx_word' id='word_1_49' title='bbox 886 827 1034 887; x_wconf 84' lang='lat' dir='ltr'>tractibus</span> <span class='ocrx_word' id='word_1_50' title='bbox 1062 826 1133 896; x_wconf 90' lang='lat' dir='ltr'>illis,</span> 
     </span>
     <span class='ocr_line' id='line_1_8' title="bbox 133 921 1136 1007; baseline -0.006 -22"><span class='ocrx_word' id='word_1_51' title='bbox 133 924 328 1007; x_wconf 84' lang='lat' dir='ltr'>maximeque</span> <span class='ocrx_word' id='word_1_52' title='bbox 350 926 431 1006; x_wconf 90' lang='lat' dir='ltr'>apud</span> <span class='ocrx_word' id='word_1_53' title='bbox 457 927 643 1007; x_wconf 87' lang='lat' dir='ltr'>Aquitanos,</span> <span class='ocrx_word' id='word_1_54' title='bbox 671 926 788 1006; x_wconf 90' lang='lat' dir='ltr'>poterit</span> <span class='ocrx_word' id='word_1_55' title='bbox 815 925 925 1005; x_wconf 88' lang='lat' dir='ltr'>aliquis</span> <span class='ocrx_word' id='word_1_56' title='bbox 951 923 1060 994; x_wconf 88' lang='lat' dir='ltr'>videri,</span> <span class='ocrx_word' id='word_1_57' title='bbox 1088 921 1136 981; x_wconf 92' lang='lat' dir='ltr'>vel</span> 
     </span>
     <span class='ocr_line' id='line_1_9' title="bbox 133 1020 1137 1104; baseline -0.004 -23"><span class='ocrx_word' id='word_1_58' title='bbox 133 1024 258 1096; x_wconf 89' lang='lat' dir='ltr'>semina,</span> <span class='ocrx_word' id='word_1_59' title='bbox 294 1025 366 1083; x_wconf 87' lang='lat' dir='ltr'>licet</span> <span class='ocrx_word' id='word_1_60' title='bbox 392 1044 539 1104; x_wconf 83' lang='lat' dir='ltr'>perquam</span> <span class='ocrx_word' id='word_1_61' title='bbox 565 1044 692 1103; x_wconf 85' lang='lat' dir='ltr'>pauper,</span> <span class='ocrx_word' id='word_1_62' title='bbox 716 1030 750 1082; x_wconf 92' lang='lat' dir='ltr'>ut</span> <span class='ocrx_word' id='word_1_63' title='bbox 774 1023 845 1082; x_wconf 90' lang='lat' dir='ltr'>alibi</span> <span class='ocrx_word' id='word_1_64' title='bbox 867 1021 973 1081; x_wconf 86' lang='lat' dir='ltr'>frustis</span> <span class='ocrx_word' id='word_1_65' title='bbox 997 1020 1137 1104; x_wconf 85' lang='lat' dir='ltr'>squalere</span> 
     </span>
     <span class='ocr_line' id='line_1_10' title="bbox 133 1117 1140 1200; baseline -0.003 -21"><span class='ocrx_word' id='word_1_66' title='bbox 133 1141 316 1200; x_wconf 88' lang='lat' dir='ltr'>pannorum.</span> <span class='ocrx_word' id='word_1_67' title='bbox 337 1120 598 1180; x_wconf 48' lang='lat' dir='ltr'>Ad&#39;militandum</span> <span class='ocrx_word' id='word_1_68' title='bbox 614 1121 714 1179; x_wconf 92' lang='lat' dir='ltr'>omnis</span> <span class='ocrx_word' id='word_1_69' title='bbox 730 1127 803 1178; x_wconf 87' lang='lat' dir='ltr'>aetas</span> <span class='ocrx_word' id='word_1_70' title='bbox 825 1119 1000 1199; x_wconf 90' lang='lat' dir='ltr'>aptissima;</span> <span class='ocrx_word' id='word_1_71' title='bbox 1021 1126 1051 1176; x_wconf 88' lang='lat' dir='ltr'>et</span> <span class='ocrx_word' id='word_1_72' title='bbox 1070 1117 1140 1196; x_wconf 92' lang='lat' dir='ltr'>pari</span> 
     </span>
     <span class='ocr_line' id='line_1_11' title="bbox 133 1214 1136 1298; baseline -0.003 -23"><span class='ocrx_word' id='word_1_73' title='bbox 133 1218 268 1296; x_wconf 78' lang='lat' dir='ltr'>pectoris</span> <span class='ocrx_word' id='word_1_74' title='bbox 292 1218 402 1276; x_wconf 92' lang='lat' dir='ltr'>robore</span> <span class='ocrx_word' id='word_1_75' title='bbox 422 1238 514 1276; x_wconf 87' lang='lat' dir='ltr'>senex</span> <span class='ocrx_word' id='word_1_76' title='bbox 534 1217 573 1275; x_wconf 88' lang='lat' dir='ltr'>ad</span> <span class='ocrx_word' id='word_1_77' title='bbox 595 1217 789 1298; x_wconf 87' lang='lat' dir='ltr'>procinctum</span> <span class='ocrx_word' id='word_1_78' title='bbox 807 1217 931 1276; x_wconf 83' lang='lat' dir='ltr'>ducitur</span> <span class='ocrx_word' id='word_1_79' title='bbox 951 1222 983 1274; x_wconf 90' lang='lat' dir='ltr'>et</span> <span class='ocrx_word' id='word_1_80' title='bbox 1000 1214 1136 1284; x_wconf 88' lang='lat' dir='ltr'>adultus,</span> 
     </span>
     <span class='ocr_line' id='line_1_12' title="bbox 135 1312 1151 1391; baseline -0.004 -19"><span class='ocrx_word' id='word_1_81' title='bbox 135 1314 224 1391; x_wconf 81' lang='lat' dir='ltr'>gelu*</span> <span class='ocrx_word' id='word_1_82' title='bbox 237 1313 355 1374; x_wconf 89' lang='lat' dir='ltr'>duratis</span> <span class='ocrx_word' id='word_1_83' title='bbox 369 1314 495 1373; x_wconf 90' lang='lat' dir='ltr'>artubus</span> <span class='ocrx_word' id='word_1_84' title='bbox 509 1321 540 1373; x_wconf 91' lang='lat' dir='ltr'>et</span> <span class='ocrx_word' id='word_1_85' title='bbox 554 1314 657 1373; x_wconf 91' lang='lat' dir='ltr'>labore</span> <span class='ocrx_word' id='word_1_86' title='bbox 670 1312 804 1385; x_wconf 85' lang='lat' dir='ltr'>assiduo,</span> <span class='ocrx_word' id='word_1_87' title='bbox 826 1313 922 1372; x_wconf 91' lang='lat' dir='ltr'>multa</span> <span class='ocrx_word' id='word_1_88' title='bbox 944 1318 1151 1391; x_wconf 66' lang='lat' dir='ltr'>contemptu-1</span> 
     </span>
     <span class='ocr_line' id='line_1_13' title="bbox 134 1408 1138 1490; baseline -0.003 -21"><span class='ocrx_word' id='word_1_89' title='bbox 134 1419 231 1470; x_wconf 83' lang='lat' dir='ltr'>ruset</span> <span class='ocrx_word' id='word_1_90' title='bbox 247 1411 441 1470; x_wconf 79' lang='lat' dir='ltr'>formidanda</span> <span class='ocrx_word' id='word_1_91' title='bbox 459 1430 465 1471; x_wconf 75' lang='grc' dir='ltr'><strong><em>ε</em></strong></span> <span class='ocrx_word' id='word_1_92' title='bbox 484 1432 540 1470; x_wconf 90' lang='lat' dir='ltr'>nec</span> <span class='ocrx_word' id='word_1_93' title='bbox 553 1431 660 1471; x_wconf 91' lang='lat' dir='ltr'>eorum</span> <span class='ocrx_word' id='word_1_94' title='bbox 678 1411 843 1490; x_wconf 88' lang='lat' dir='ltr'>aliquando</span> <span class='ocrx_word' id='word_1_95' title='bbox 858 1411 1031 1490; x_wconf 87' lang='lat' dir='ltr'>quisquam,</span> <span class='ocrx_word' id='word_1_96' title='bbox 1053 1416 1088 1467; x_wconf 91' lang='lat' dir='ltr'>ut</span> <span class='ocrx_word' id='word_1_97' title='bbox 1106 1408 1138 1466; x_wconf 92' lang='lat' dir='ltr'>in</span> 
     </span>
     <span class='ocr_line' id='line_1_14' title="bbox 136 1504 1139 1589; baseline -0.003 -23"><span class='ocrx_word' id='word_1_98' title='bbox 136 1508 235 1581; x_wconf 90' lang='lat' dir='ltr'>ltalia,</span> <span class='ocrx_word' id='word_1_99' title='bbox 252 1529 364 1567; x_wconf 92' lang='lat' dir='ltr'>munus</span> <span class='ocrx_word' id='word_1_100' title='bbox 382 1509 528 1567; x_wconf 91' lang='lat' dir='ltr'>Martium</span> <span class='ocrx_word' id='word_1_101' title='bbox 546 1508 777 1589; x_wconf 65' lang='lat' dir='ltr'>pertimescens</span> <span class='ocrx_word' id='word_1_102' title='bbox 795 1507 937 1588; x_wconf 88' lang='lat' dir='ltr'>pollicem</span> <span class='ocrx_word' id='word_1_103' title='bbox 956 1507 1012 1565; x_wconf 92' lang='lat' dir='ltr'>sibi</span> <span class='ocrx_word' id='word_1_104' title='bbox 1031 1504 1139 1585; x_wconf 87' lang='lat' dir='ltr'>praeci-</span> 
     </span>
     <span class='ocr_line' id='line_1_15' title="bbox 135 1601 1151 1685; baseline -0.002 -23"><span class='ocrx_word' id='word_1_105' title='bbox 135 1605 192 1678; x_wconf 89' lang='lat' dir='ltr'>dit,</span> <span class='ocrx_word' id='word_1_106' title='bbox 209 1605 292 1685; x_wconf 93' lang='lat' dir='ltr'>quod</span> <span class='ocrx_word' id='word_1_107' title='bbox 309 1606 448 1664; x_wconf 72' lang='lat' dir='ltr'>localiter</span> <span class='ocrx_word' id='word_1_108' title='bbox 469 1625 591 1664; x_wconf 92' lang='lat' dir='ltr'>murcos</span> <span class='ocrx_word' id='word_1_109' title='bbox 609 1601 777 1684; x_wconf 86' lang='lat' dir='ltr'>appellant.</span> <span class='ocrx_word' id='word_1_110' title='bbox 794 1605 866 1662; x_wconf 91' lang='lat' dir='ltr'>Vini</span> <span class='ocrx_word' id='word_1_111' title='bbox 887 1604 1009 1662; x_wconf 91' lang='lat' dir='ltr'>avidum</span> <span class='ocrx_word' id='word_1_112' title='bbox 1030 1623 1151 1681; x_wconf 67' lang='lat' dir='ltr'>genus,</span> 
     </span>
     <span class='ocr_line' id='line_1_16' title="bbox 135 1700 1151 1781; baseline -0.005 -20"><span class='ocrx_word' id='word_1_113' title='bbox 135 1703 301 1761; x_wconf 76' lang='lat' dir='ltr'>affectans*</span> <span class='ocrx_word' id='word_1_114' title='bbox 313 1700 350 1760; x_wconf 88' lang='lat' dir='ltr'>ad</span> <span class='ocrx_word' id='word_1_115' title='bbox 363 1702 426 1760; x_wconf 90' lang='lat' dir='ltr'>vini</span> <span class='ocrx_word' id='word_1_116' title='bbox 438 1702 671 1760; x_wconf 88' lang='lat' dir='ltr'>similitudinem</span> <span class='ocrx_word' id='word_1_117' title='bbox 686 1701 873 1781; x_wconf 90' lang='lat' dir='ltr'>multiplices</span> <span class='ocrx_word' id='word_1_118' title='bbox 888 1708 997 1780; x_wconf 85' lang='lat' dir='ltr'>potus3</span> <span class='ocrx_word' id='word_1_119' title='bbox 1014 1707 1045 1758; x_wconf 92' lang='lat' dir='ltr'>et</span> <span class='ocrx_word' id='word_1_120' title='bbox 1059 1700 1151 1758; x_wconf 69' lang='lat' dir='ltr'>inter»</span> 
     </span>
     <span class='ocr_line' id='line_1_17' title="bbox 136 1797 1137 1879; baseline -0.003 -22"><span class='ocrx_word' id='word_1_121' title='bbox 136 1820 188 1858; x_wconf 93' lang='lat' dir='ltr'>eos</span> <span class='ocrx_word' id='word_1_122' title='bbox 208 1797 339 1858; x_wconf 88' lang='lat' dir='ltr'>humiles</span> <span class='ocrx_word' id='word_1_123' title='bbox 360 1799 496 1879; x_wconf 88' lang='lat' dir='ltr'>quidam,</span> <span class='ocrx_word' id='word_1_124' title='bbox 513 1798 632 1858; x_wconf 91' lang='lat' dir='ltr'>obtusis</span> <span class='ocrx_word' id='word_1_125' title='bbox 648 1798 796 1858; x_wconf 89' lang='lat' dir='ltr'>ebrietate</span> <span class='ocrx_word' id='word_1_126' title='bbox 816 1799 964 1857; x_wconf 88' lang='lat' dir='ltr'>continua</span> <span class='ocrx_word' id='word_1_127' title='bbox 987 1797 1137 1868; x_wconf 80' lang='lat' dir='ltr'>sensibus,</span> 
     </span>
     <span class='ocr_line' id='line_1_18' title="bbox 138 1894 1141 1977; baseline -0.002 -23"><span class='ocrx_word' id='word_1_128' title='bbox 138 1917 229 1977; x_wconf 91' lang='lat' dir='ltr'>quam</span> <span class='ocrx_word' id='word_1_129' title='bbox 261 1896 374 1955; x_wconf 88' lang='lat' dir='ltr'>suroris</span> <span class='ocrx_word' id='word_1_130' title='bbox 400 1895 607 1955; x_wconf 89' lang='lat' dir='ltr'>voluntariam</span> <span class='ocrx_word' id='word_1_131' title='bbox 635 1895 769 1976; x_wconf 91' lang='lat' dir='ltr'>speciem</span> <span class='ocrx_word' id='word_1_132' title='bbox 794 1895 966 1954; x_wconf 85' lang='lat' dir='ltr'>Catoniana</span> <span class='ocrx_word' id='word_1_133' title='bbox 989 1894 1141 1953; x_wconf 86' lang='lat' dir='ltr'>sententia</span> 
     </span>
     <span class='ocr_line' id='line_1_19' title="bbox 139 1990 1140 2072; baseline -0.004 -20"><span class='ocrx_word' id='word_1_134' title='bbox 139 1993 291 2066; x_wconf 89' lang='lat' dir='ltr'>definivit,</span> <span class='ocrx_word' id='word_1_135' title='bbox 322 2000 483 2072; x_wconf 86' lang='lat' dir='ltr'>raptantur</span> <span class='ocrx_word' id='word_1_136' title='bbox 508 1992 698 2052; x_wconf 90' lang='lat' dir='ltr'>discursibus</span> <span class='ocrx_word' id='word_1_137' title='bbox 722 1993 809 2072; x_wconf 81' lang='lat' dir='ltr'>vagis</span> <span class='ocrx_word' id='word_1_138' title='bbox 835 2010 842 2052; x_wconf 92' lang='lat'><strong>:</strong></span> <span class='ocrx_word' id='word_1_139' title='bbox 869 2000 903 2051; x_wconf 93' lang='lat' dir='ltr'>ut</span> <span class='ocrx_word' id='word_1_140' title='bbox 930 2012 1038 2051; x_wconf 86' lang='lat' dir='ltr'>verum</span> <span class='ocrx_word' id='word_1_141' title='bbox 1063 1990 1140 2050; x_wconf 91' lang='lat' dir='ltr'>illud</span> 
     </span>
     <span class='ocr_line' id='line_1_20' title="bbox 142 2088 1141 2170; baseline 0 -24"><span class='ocrx_word' id='word_1_142' title='bbox 142 2090 294 2161; x_wconf 88' lang='lat' dir='ltr'>videatur,</span> <span class='ocrx_word' id='word_1_143' title='bbox 318 2091 400 2170; x_wconf 90' lang='lat' dir='ltr'>quod</span> <span class='ocrx_word' id='word_1_144' title='bbox 419 2091 460 2150; x_wconf 91' lang='lat' dir='ltr'>ait</span> <span class='ocrx_word' id='word_1_145' title='bbox 480 2089 649 2149; x_wconf 88' lang='lat' dir='ltr'>defendens</span> <span class='ocrx_word' id='word_1_146' title='bbox 669 2090 832 2149; x_wconf 90' lang='lat' dir='ltr'>Fonteium</span> <span class='ocrx_word' id='word_1_147' title='bbox 853 2089 981 2162; x_wconf 91' lang='lat' dir='ltr'>Tullius,</span> <span class='ocrx_word' id='word_1_148' title='bbox 999 2113 1014 2145; x_wconf 79' lang='lat' dir='ltr'>u</span> <span class='ocrx_word' id='word_1_149' title='bbox 1035 2088 1141 2149; x_wconf 89' lang='lat' dir='ltr'>Gallos</span> 
     </span>
     <span class='ocr_line' id='line_1_21' title="bbox 142 2187 1141 2274; baseline -0.001 -29"><span class='ocrx_word' id='word_1_150' title='bbox 142 2195 215 2267; x_wconf 87' lang='lat' dir='ltr'>post</span> <span class='ocrx_word' id='word_1_151' title='bbox 233 2187 298 2246; x_wconf 84' lang='lat' dir='ltr'>haec</span> <span class='ocrx_word' id='word_1_152' title='bbox 316 2187 444 2246; x_wconf 90' lang='lat' dir='ltr'>dilutius</span> <span class='ocrx_word' id='word_1_153' title='bbox 464 2207 529 2246; x_wconf 88' lang='lat' dir='ltr'>esse</span> <span class='ocrx_word' id='word_1_154' title='bbox 538 2193 672 2274; x_wconf 89' lang='lat' dir='ltr'>poturos</span> <span class='ocrx_word' id='word_1_155' title='bbox 691 2211 719 2260; x_wconf 82' lang='lat' dir='ltr'>n,</span> <span class='ocrx_word' id='word_1_156' title='bbox 736 2187 833 2268; x_wconf 84' lang='lat' dir='ltr'>quod*</span> <span class='ocrx_word' id='word_1_157' title='bbox 849 2187 892 2245; x_wconf 91' lang='lat' dir='ltr'>illi</span> <span class='ocrx_word' id='word_1_158' title='bbox 904 2205 1056 2246; x_wconf 90' lang='lat' dir='ltr'>venenum</span> <span class='ocrx_word' id='word_1_159' title='bbox 1076 2205 1141 2244; x_wconf 88' lang='lat' dir='ltr'>esse</span> 
     </span>
     <span class='ocr_line' id='line_1_22' title="bbox 139 2283 454 2344; baseline 0.003 -2"><span class='ocrx_word' id='word_1_160' title='bbox 139 2283 379 2344; x_wconf 89' lang='lat' dir='ltr'>arbitrabantur.</span> <span class='ocrx_word' id='word_1_161' title='bbox 452 2331 454 2336; x_wconf 69' lang='lat'>,</span> 
     </span>
    </p>
   </div>
   <div class='ocr_carea' id='block_1_3' title="bbox 134 2423 1224 3600">
    <p class='ocr_par' dir='ltr' id='par_1_3' title="bbox 134 2423 1224 3600">
     <span class='ocr_line' id='line_1_23' title="bbox 167 2423 1142 2485; baseline -0.003 -10"><span class='ocrx_word' id='word_1_162' title='bbox 167 2424 209 2475; x_wconf 63' lang='grc' dir='ltr'>ΙΨ</span> <span class='ocrx_word' id='word_1_163' title='bbox 227 2424 312 2477; x_wconf 79' lang='lat'>264:</span> <span class='ocrx_word' id='word_1_164' title='bbox 327 2425 482 2476; x_wconf 63' lang='lat' dir='ltr'>Statura.</span> <span class='ocrx_word' id='word_1_165' title='bbox 497 2423 536 2473; x_wconf 79' lang='lat' dir='ltr'>CI.</span> <span class='ocrx_word' id='word_1_166' title='bbox 550 2423 639 2485; x_wconf 75' lang='lat' dir='ltr'>Clsar,</span> <span class='ocrx_word' id='word_1_167' title='bbox 652 2424 684 2473; x_wconf 88' lang='lat' dir='ltr'>de</span> <span class='ocrx_word' id='word_1_168' title='bbox 697 2424 773 2474; x_wconf 88' lang='lat' dir='ltr'>Bello</span> <span class='ocrx_word' id='word_1_169' title='bbox 805 2423 861 2484; x_wconf 82' lang='lat' dir='ltr'>all,</span> <span class='ocrx_word' id='word_1_170' title='bbox 875 2423 909 2483; x_wconf 91' lang='lat' dir='ltr'>II,</span> <span class='ocrx_word' id='word_1_171' title='bbox 923 2429 953 2470; x_wconf 86' lang='lat'>30</span> <span class='ocrx_word' id='word_1_172' title='bbox 971 2439 977 2473; x_wconf 74' lang='grc' dir='ltr'>ε</span> <span class='ocrx_word' id='word_1_173' title='bbox 992 2443 1003 2468; x_wconf 76' lang='lat' dir='ltr'>r</span> <span class='ocrx_word' id='word_1_174' title='bbox 1017 2423 1142 2472; x_wconf 87' lang='lat' dir='ltr'>omnibus</span> 
     </span>
     <span class='ocr_line' id='line_1_24' title="bbox 139 2485 1142 2551; baseline -0.003 -17"><span class='ocrx_word' id='word_1_175' title='bbox 139 2485 225 2535; x_wconf 82' lang='lat' dir='ltr'>Gallis</span> <span class='ocrx_word' id='word_1_176' title='bbox 232 2501 290 2550; x_wconf 85' lang='lat' dir='ltr'>prae</span> <span class='ocrx_word' id='word_1_177' title='bbox 300 2486 488 2551; x_wconf 65' lang='lat' dir='ltr'>magnitudine</span> <span class='ocrx_word' id='word_1_178' title='bbox 499 2501 644 2550; x_wconf 91' lang='lat' dir='ltr'>corporum</span> <span class='ocrx_word' id='word_1_179' title='bbox 652 2501 766 2536; x_wconf 83' lang='lat' dir='ltr'>suorum</span> <span class='ocrx_word' id='word_1_180' title='bbox 797 2486 895 2534; x_wconf 88' lang='lat' dir='ltr'>reoilas</span> <span class='ocrx_word' id='word_1_181' title='bbox 908 2487 1000 2534; x_wconf 84' lang='lat' dir='ltr'>nostra</span> <span class='ocrx_word' id='word_1_182' title='bbox 1010 2486 1142 2549; x_wconf 82' lang='lat' dir='ltr'>contemp-</span> 
     </span>
     <span class='ocr_line' id='line_1_25' title="bbox 139 2547 1224 2611; baseline -0.002 -15"><span class='ocrx_word' id='word_1_183' title='bbox 139 2547 180 2596; x_wconf 83' lang='lat' dir='ltr'>tui</span> <span class='ocrx_word' id='word_1_184' title='bbox 191 2549 231 2596; x_wconf 89' lang='lat' dir='ltr'>est</span> <span class='ocrx_word' id='word_1_185' title='bbox 245 2568 265 2597; x_wconf 89' lang='lat'>».</span> <span class='ocrx_word' id='word_1_186' title='bbox 278 2575 309 2585; x_wconf 91' lang='lat'>-</span> <span class='ocrx_word' id='word_1_187' title='bbox 321 2548 459 2599; x_wconf 84' lang='lat' dir='ltr'>Candidi</span> <span class='ocrx_word' id='word_1_188' title='bbox 473 2562 479 2596; x_wconf 76' lang='lat' dir='ltr'>t</span> <span class='ocrx_word' id='word_1_189' title='bbox 492 2547 511 2596; x_wconf 95' lang='lat' dir='ltr'>il</span> <span class='ocrx_word' id='word_1_190' title='bbox 523 2547 599 2611; x_wconf 81' lang='lat' dir='ltr'>s&#39;agit</span> <span class='ocrx_word' id='word_1_191' title='bbox 611 2549 646 2596; x_wconf 92' lang='lat' dir='ltr'>du</span> <span class='ocrx_word' id='word_1_192' title='bbox 659 2549 735 2597; x_wconf 90' lang='lat' dir='ltr'>teint.</span> <span class='ocrx_word' id='word_1_193' title='bbox 747 2575 776 2584; x_wconf 95' lang='lat'>-</span> <span class='ocrx_word' id='word_1_194' title='bbox 788 2547 990 2610; x_wconf 58' lang='lat' dir='ltr'>dumorum,</span> <span class='ocrx_word' id='word_1_195' title='bbox 1002 2547 1040 2595; x_wconf 86' lang='lat' dir='ltr'>CI.</span> <span class='ocrx_word' id='word_1_196' title='bbox 1053 2547 1140 2607; x_wconf 77' lang='lat' dir='ltr'>Ctsar,</span> <span class='ocrx_word' id='word_1_197' title='bbox 1221 2573 1224 2578; x_wconf 95' lang='lat'>·</span> 
     </span>
     <span class='ocr_line' id='line_1_26' title="bbox 139 2609 1142 2672; baseline -0.003 -13"><span class='ocrx_word' id='word_1_198' title='bbox 139 2612 172 2659; x_wconf 86' lang='lat' dir='ltr'>de</span> <span class='ocrx_word' id='word_1_199' title='bbox 184 2610 260 2658; x_wconf 87' lang='lat' dir='ltr'>Bello</span> <span class='ocrx_word' id='word_1_200' title='bbox 290 2611 346 2668; x_wconf 84' lang='lat' dir='ltr'>all,</span> <span class='ocrx_word' id='word_1_201' title='bbox 357 2611 404 2670; x_wconf 90' lang='lat' dir='ltr'>III,</span> <span class='ocrx_word' id='word_1_202' title='bbox 418 2615 456 2672; x_wconf 84' lang='lat' dir='ltr'>Io,</span> <span class='ocrx_word' id='word_1_203' title='bbox 471 2614 499 2670; x_wconf 80' lang='lat'>33</span> <span class='ocrx_word' id='word_1_204' title='bbox 512 2610 558 2670; x_wconf 93' lang='lat' dir='ltr'>IV,</span> <span class='ocrx_word' id='word_1_205' title='bbox 575 2614 597 2670; x_wconf 85' lang='lat'>5,</span> <span class='ocrx_word' id='word_1_206' title='bbox 612 2611 937 2660; x_wconf 82' lang='lat' dir='ltr'>1.·-1nsolescentes.</span> <span class='ocrx_word' id='word_1_207' title='bbox 951 2610 990 2658; x_wconf 85' lang='lat' dir='ltr'>Cs.</span> <span class='ocrx_word' id='word_1_208' title='bbox 1009 2609 1097 2669; x_wconf 78' lang='lat' dir='ltr'>cesar,</span> <span class='ocrx_word' id='word_1_209' title='bbox 1109 2611 1142 2656; x_wconf 89' lang='lat' dir='ltr'>de</span> 
     </span>
     <span class='ocr_line' id='line_1_27' title="bbox 138 2625 1142 2741; baseline -0.002 -21"><span class='ocrx_word' id='word_1_210' title='bbox 138 2671 214 2720; x_wconf 85' lang='lat' dir='ltr'>Bello</span> <span class='ocrx_word' id='word_1_211' title='bbox 223 2625 300 2736; x_wconf 62' lang='lat' dir='ltr'>pald,</span> <span class='ocrx_word' id='word_1_212' title='bbox 312 2673 359 2731; x_wconf 87' lang='lat'>111,</span> <span class='ocrx_word' id='word_1_213' title='bbox 374 2677 411 2732; x_wconf 82' lang='lat'>19,</span> <span class='ocrx_word' id='word_1_214' title='bbox 425 2678 439 2719; x_wconf 89' lang='grc'>6</span> <span class='ocrx_word' id='word_1_215' title='bbox 453 2687 459 2720; x_wconf 80' lang='lat' dir='ltr'>z</span> <span class='ocrx_word' id='word_1_216' title='bbox 473 2691 484 2715; x_wconf 77' lang='lat' dir='ltr'>a</span> <span class='ocrx_word' id='word_1_217' title='bbox 502 2672 574 2720; x_wconf 86' lang='lat' dir='ltr'>ulad</span> <span class='ocrx_word' id='word_1_218' title='bbox 590 2671 663 2727; x_wconf 83' lang='lat' dir='ltr'>bella</span> <span class='ocrx_word' id='word_1_219' title='bbox 677 2671 846 2741; x_wconf 79' lang='lat' dir='ltr'>suscipienda</span> <span class='ocrx_word' id='word_1_220' title='bbox 862 2671 1002 2720; x_wconf 86' lang='lat' dir='ltr'>Gallorum</span> <span class='ocrx_word' id='word_1_221' title='bbox 1013 2670 1102 2740; x_wconf 83' lang='lat' dir='ltr'>alacer</span> <span class='ocrx_word' id='word_1_222' title='bbox 1112 2685 1142 2718; x_wconf 87' lang='lat' dir='ltr'>ac</span> 
     </span>
     <span class='ocr_line' id='line_1_28' title="bbox 134 2732 1143 2798; baseline -0.002 -16"><span class='ocrx_word' id='word_1_223' title='bbox 134 2735 278 2798; x_wconf 86' lang='lat' dir='ltr'>promptus</span> <span class='ocrx_word' id='word_1_224' title='bbox 290 2736 329 2782; x_wconf 87' lang='lat' dir='ltr'>est</span> <span class='ocrx_word' id='word_1_225' title='bbox 342 2734 457 2793; x_wconf 87' lang='lat' dir='ltr'>animus,</span> <span class='ocrx_word' id='word_1_226' title='bbox 468 2733 508 2782; x_wconf 85' lang='lat' dir='ltr'>sic</span> <span class='ocrx_word' id='word_1_227' title='bbox 521 2733 610 2781; x_wconf 87' lang='lat' dir='ltr'>mollis</span> <span class='ocrx_word' id='word_1_228' title='bbox 623 2748 652 2781; x_wconf 94' lang='lat' dir='ltr'>ac</span> <span class='ocrx_word' id='word_1_229' title='bbox 668 2733 777 2781; x_wconf 86' lang='lat' dir='ltr'>minime</span> <span class='ocrx_word' id='word_1_230' title='bbox 792 2736 919 2782; x_wconf 76' lang='lat' dir='ltr'>resistens</span> <span class='ocrx_word' id='word_1_231' title='bbox 931 2733 965 2781; x_wconf 91' lang='lat' dir='ltr'>ad</span> <span class='ocrx_word' id='word_1_232' title='bbox 977 2732 1143 2780; x_wconf 77' lang='lat' dir='ltr'>calamitates</span> 
     </span>
     <span class='ocr_line' id='line_1_29' title="bbox 137 2794 1142 2859; baseline -0.001 -16"><span class='ocrx_word' id='word_1_233' title='bbox 137 2794 314 2859; x_wconf 80' lang='lat' dir='ltr'>perferendas</span> <span class='ocrx_word' id='word_1_234' title='bbox 323 2815 343 2844; x_wconf 75' lang='lat' dir='ltr'>i.</span> <span class='ocrx_word' id='word_1_235' title='bbox 361 2796 399 2844; x_wconf 89' lang='lat' dir='ltr'>CI.</span> <span class='ocrx_word' id='word_1_236' title='bbox 414 2795 532 2844; x_wconf 92' lang='lat' dir='ltr'>Diodore</span> <span class='ocrx_word' id='word_1_237' title='bbox 546 2797 578 2843; x_wconf 90' lang='lat' dir='ltr'>de</span> <span class='ocrx_word' id='word_1_238' title='bbox 592 2795 671 2843; x_wconf 85' lang='lat' dir='ltr'>Sicile</span> <span class='ocrx_word' id='word_1_239' title='bbox 688 2811 693 2843; x_wconf 92' lang='lat'>:</span> <span class='ocrx_word' id='word_1_240' title='bbox 711 2815 722 2838; x_wconf 68' lang='grc' dir='ltr'>(ι</span> <span class='ocrx_word' id='word_1_241' title='bbox 746 2796 827 2843; x_wconf 88' lang='lat' dir='ltr'>Leurs</span> <span class='ocrx_word' id='word_1_242' title='bbox 843 2796 937 2842; x_wconf 88' lang='lat' dir='ltr'>lestins</span> <span class='ocrx_word' id='word_1_243' title='bbox 952 2796 1014 2843; x_wconf 88' lang='lat' dir='ltr'>sont</span> <span class='ocrx_word' id='word_1_244' title='bbox 1026 2796 1142 2842; x_wconf 88' lang='lat' dir='ltr'>souvent</span> 
     </span>
     <span class='ocr_line' id='line_1_30' title="bbox 139 2856 1142 2919; baseline 0 -15"><span class='ocrx_word' id='word_1_245' title='bbox 139 2857 347 2919; x_wconf 77' lang='lat' dir='ltr'>ensanglantes:</span> <span class='ocrx_word' id='word_1_246' title='bbox 369 2859 407 2906; x_wconf 89' lang='lat' dir='ltr'>les</span> <span class='ocrx_word' id='word_1_247' title='bbox 427 2857 532 2919; x_wconf 88' lang='lat' dir='ltr'>paroles</span> <span class='ocrx_word' id='word_1_248' title='bbox 552 2859 611 2904; x_wconf 86' lang='lat' dir='ltr'>font</span> <span class='ocrx_word' id='word_1_249' title='bbox 625 2859 711 2905; x_wconf 89' lang='lat' dir='ltr'>naltre</span> <span class='ocrx_word' id='word_1_250' title='bbox 724 2858 771 2905; x_wconf 89' lang='lat' dir='ltr'>des</span> <span class='ocrx_word' id='word_1_251' title='bbox 783 2858 922 2919; x_wconf 77' lang='lat' dir='ltr'>querellas,</span> <span class='ocrx_word' id='word_1_252' title='bbox 936 2859 972 2915; x_wconf 90' lang='lat' dir='ltr'>et,</span> <span class='ocrx_word' id='word_1_253' title='bbox 990 2871 1093 2904; x_wconf 90' lang='lat' dir='ltr'>comme</span> <span class='ocrx_word' id='word_1_254' title='bbox 1111 2856 1142 2904; x_wconf 85' lang='lat' dir='ltr'>ils</span> 
     </span>
     <span class='ocr_line' id='line_1_31' title="bbox 140 2918 1143 2991; baseline -0.002 -25"><span class='ocrx_word' id='word_1_255' title='bbox 140 2919 288 2981; x_wconf 75' lang='lat' dir='ltr'>meprisent</span> <span class='ocrx_word' id='word_1_256' title='bbox 299 2919 323 2966; x_wconf 89' lang='lat' dir='ltr'>la</span> <span class='ocrx_word' id='word_1_257' title='bbox 341 2920 393 2980; x_wconf 88' lang='lat' dir='ltr'>vie,</span> <span class='ocrx_word' id='word_1_258' title='bbox 407 2919 440 2967; x_wconf 92' lang='lat' dir='ltr'>ils</span> <span class='ocrx_word' id='word_1_259' title='bbox 453 2934 481 2991; x_wconf 81' lang='lat' dir='ltr'>se</span> <span class='ocrx_word' id='word_1_260' title='bbox 494 2920 691 2990; x_wconf 80' lang='lat' dir='ltr'>provoquenta</span> <span class='ocrx_word' id='word_1_261' title='bbox 708 2920 755 2966; x_wconf 90' lang='lat' dir='ltr'>des</span> <span class='ocrx_word' id='word_1_262' title='bbox 772 2919 894 2967; x_wconf 75' lang='lat' dir='ltr'>conabats</span> <span class='ocrx_word' id='word_1_263' title='bbox 911 2918 1059 2980; x_wconf 80' lang='lat' dir='ltr'>singuliers.</span> <span class='ocrx_word' id='word_1_264' title='bbox 1074 2918 1143 2965; x_wconf 91' lang='lat' dir='ltr'>Leur</span> 
     </span>
     <span class='ocr_line' id='line_1_32' title="bbox 140 2980 1141 3106; baseline 0 -16"><span class='ocrx_word' id='word_1_265' title='bbox 140 2981 748 3103; x_wconf 52' lang='lat' dir='ltr'>{latablataliilattttastt}</span> <span class='ocrx_word' id='word_1_266' title='bbox 759 2980 1141 3106; x_wconf 52' lang='lat' dir='ltr'>alabandinam:</span> 
     </span>
     <span class='ocr_line' id='line_1_33' title="bbox 141 3098 1144 3175; baseline -0.007 -14"><span class='ocrx_word' id='word_1_267' title='bbox 141 3111 181 3161; x_wconf 82' lang='lat' dir='ltr'>cf.</span> <span class='ocrx_word' id='word_1_268' title='bbox 203 3111 350 3161; x_wconf 84' lang='lat' dir='ltr'>l&#39;historien</span> <span class='ocrx_word' id='word_1_269' title='bbox 368 3113 439 3160; x_wconf 90' lang='lat' dir='ltr'>Dion</span> <span class='ocrx_word' id='word_1_270' title='bbox 455 3113 561 3160; x_wconf 88' lang='lat' dir='ltr'>Cassius</span> <span class='ocrx_word' id='word_1_271' title='bbox 580 3128 585 3161; x_wconf 92' lang='lat'><strong>:</strong></span> <span class='ocrx_word' id='word_1_272' title='bbox 600 3133 611 3156; x_wconf 72' lang='grc' dir='ltr'>α</span> <span class='ocrx_word' id='word_1_273' title='bbox 623 3106 663 3156; x_wconf 79' lang='grc' dir='ltr'>καὶ</span> <span class='ocrx_word' id='word_1_274' title='bbox 675 3098 736 3174; x_wconf 79' lang='grc' dir='ltr'>ὀργῇ</span> <span class='ocrx_word' id='word_1_275' title='bbox 751 3100 862 3174; x_wconf 73' lang='grc' dir='ltr'>ἀκρατῶς</span> <span class='ocrx_word' id='word_1_276' title='bbox 877 3106 917 3156; x_wconf 80' lang='grc' dir='ltr'>καὶ</span> <span class='ocrx_word' id='word_1_277' title='bbox 931 3105 995 3175; x_wconf 79' lang='grc' dir='ltr'>ὁρμῇ</span> <span class='ocrx_word' id='word_1_278' title='bbox 1011 3101 1144 3171; x_wconf 59' lang='grc' dir='ltr'>ἀπλήστως</span> 
     </span>
     <span class='ocr_line' id='line_1_34' title="bbox 139 3181 1142 3248; baseline 0 -17"><span class='ocrx_word' id='word_1_279' title='bbox 139 3181 297 3248; x_wconf 81' lang='grc' dir='ltr'>χρῶνται».</span> <span class='ocrx_word' id='word_1_280' title='bbox 321 3182 361 3232; x_wconf 86' lang='lat' dir='ltr'>CI.</span> <span class='ocrx_word' id='word_1_281' title='bbox 387 3182 412 3231; x_wconf 93' lang='lat' dir='ltr'>le</span> <span class='ocrx_word' id='word_1_282' title='bbox 436 3184 551 3246; x_wconf 80' lang='lat' dir='ltr'>pertrait</span> <span class='ocrx_word' id='word_1_283' title='bbox 575 3181 652 3246; x_wconf 85' lang='lat' dir='ltr'>qu&#39;en</span> <span class='ocrx_word' id='word_1_284' title='bbox 674 3183 723 3230; x_wconf 86' lang='lat' dir='ltr'>fait</span> <span class='ocrx_word' id='word_1_285' title='bbox 746 3182 893 3242; x_wconf 88' lang='lat' dir='ltr'>Tite-Live,</span> <span class='ocrx_word' id='word_1_286' title='bbox 916 3183 1067 3242; x_wconf 84' lang='lat' dir='ltr'>XXXVIII,</span> <span class='ocrx_word' id='word_1_287' title='bbox 1087 3186 1114 3228; x_wconf 77' lang='lat'>17</span> <span class='ocrx_word' id='word_1_288' title='bbox 1135 3196 1142 3231; x_wconf 76' lang='grc' dir='ltr'><em>τ</em></span> 
     </span>
     <span class='ocr_line' id='line_1_35' title="bbox 141 3244 1144 3310; baseline 0 -18"><span class='ocrx_word' id='word_1_289' title='bbox 141 3264 152 3288; x_wconf 78' lang='lat' dir='ltr'>o</span> <span class='ocrx_word' id='word_1_290' title='bbox 173 3244 288 3310; x_wconf 84' lang='lat' dir='ltr'>Prooera</span> <span class='ocrx_word' id='word_1_291' title='bbox 304 3259 426 3308; x_wconf 85' lang='lat' dir='ltr'>corpora,</span> <span class='ocrx_word' id='word_1_292' title='bbox 449 3245 590 3308; x_wconf 85' lang='lat' dir='ltr'>promissae</span> <span class='ocrx_word' id='word_1_293' title='bbox 613 3247 638 3294; x_wconf 88' lang='lat' dir='ltr'>el</span> <span class='ocrx_word' id='word_1_294' title='bbox 662 3245 782 3293; x_wconf 80' lang='lat' dir='ltr'>rutilatae</span> <span class='ocrx_word' id='word_1_295' title='bbox 802 3259 898 3301; x_wconf 86' lang='lat' dir='ltr'>comae;</span> <span class='ocrx_word' id='word_1_296' title='bbox 921 3245 955 3291; x_wconf 90' lang='lat' dir='ltr'>ad</span> <span class='ocrx_word' id='word_1_297' title='bbox 978 3244 1026 3290; x_wconf 84' lang='lat' dir='ltr'>boc</span> <span class='ocrx_word' id='word_1_298' title='bbox 1049 3246 1144 3292; x_wconf 89' lang='lat' dir='ltr'>cantus</span> 
     </span>
     <span class='ocr_line' id='line_1_36' title="bbox 142 3305 1144 3370; baseline 0 -16"><span class='ocrx_word' id='word_1_299' title='bbox 142 3305 294 3356; x_wconf 87' lang='lat' dir='ltr'>ineuntium</span> <span class='ocrx_word' id='word_1_300' title='bbox 308 3306 447 3370; x_wconf 87' lang='lat' dir='ltr'>proelium,</span> <span class='ocrx_word' id='word_1_301' title='bbox 467 3308 493 3354; x_wconf 89' lang='lat' dir='ltr'>el</span> <span class='ocrx_word' id='word_1_302' title='bbox 512 3307 642 3366; x_wconf 88' lang='lat' dir='ltr'>ululatus,</span> <span class='ocrx_word' id='word_1_303' title='bbox 661 3307 686 3356; x_wconf 87' lang='lat' dir='ltr'>et</span> <span class='ocrx_word' id='word_1_304' title='bbox 701 3306 821 3369; x_wconf 86' lang='lat' dir='ltr'>tripudia</span> <span class='ocrx_word' id='word_1_305' title='bbox 834 3308 858 3354; x_wconf 90' lang='lat' dir='ltr'>el</span> <span class='ocrx_word' id='word_1_306' title='bbox 871 3305 1144 3370; x_wconf 75' lang='lat' dir='ltr'>quatientium‘srnta</span> 
     </span>
     <span class='ocr_line' id='line_1_37' title="bbox 141 3367 1146 3479; baseline -0.001 -1"><span class='ocrx_word' id='word_1_307' title='bbox 141 3367 1146 3479; x_wconf 51' lang='lat' dir='ltr'>IlIIII}lilltttbttatltlldI*{illiterata‘llll</span> 
     </span>
     <span class='ocr_line' id='line_1_38' title="bbox 142 3444 1144 3600; baseline -0.001 -60"><span class='ocrx_word' id='word_1_308' title='bbox 142 3491 280 3555; x_wconf 85' lang='lat' dir='ltr'>impetum,</span> <span class='ocrx_word' id='word_1_309' title='bbox 297 3506 377 3556; x_wconf 85' lang='lat' dir='ltr'>quem</span> <span class='ocrx_word' id='word_1_310' title='bbox 389 3446 494 3554; x_wconf 61' lang='lat' dir='ltr'>liraldo</span> <span class='ocrx_word' id='word_1_311' title='bbox 508 3491 617 3555; x_wconf 76' lang='lat' dir='ltr'>inqenio</span> <span class='ocrx_word' id='word_1_312' title='bbox 631 3494 656 3540; x_wconf 84' lang='lat' dir='ltr'>et</span> <span class='ocrx_word' id='word_1_313' title='bbox 668 3468 736 3540; x_wconf 76' lang='lat' dir='ltr'>caeca</span> <span class='ocrx_word' id='word_1_314' title='bbox 748 3445 956 3600; x_wconf 67' lang='lat' dir='ltr'>irapepundunl,</span> <span class='ocrx_word' id='word_1_315' title='bbox 971 3444 1144 3552; x_wconf 69' lang='lat' dir='ltr'>sustinueris,</span> 
     </span>
    </p>
   </div>
   <div class='ocr_carea' id='block_1_4' title="bbox 141 3551 1143 3664">
    <p class='ocr_par' dir='ltr' id='par_1_4' title="bbox 141 3551 1143 3664">
     <span class='ocr_line' id='line_1_39' title="bbox 141 3551 1143 3664; baseline -0.002 -62"><span class='ocrx_word' id='word_1_316' title='bbox 141 3553 231 3664; x_wconf 51' lang='lat' dir='ltr'>gaunt</span> <span class='ocrx_word' id='word_1_317' title='bbox 250 3554 349 3602; x_wconf 81' lang='lat' dir='ltr'>sudore</span> <span class='ocrx_word' id='word_1_318' title='bbox 366 3556 391 3602; x_wconf 88' lang='lat' dir='ltr'>el</span> <span class='ocrx_word' id='word_1_319' title='bbox 414 3553 571 3602; x_wconf 84' lang='lat' dir='ltr'>lassitudine</span> <span class='ocrx_word' id='word_1_320' title='bbox 592 3554 719 3614; x_wconf 86' lang='lat' dir='ltr'>membra,</span> <span class='ocrx_word' id='word_1_321' title='bbox 740 3553 819 3602; x_wconf 88' lang='lat' dir='ltr'>laban</span> <span class='ocrx_word' id='word_1_322' title='bbox 844 3567 919 3601; x_wconf 89' lang='lat' dir='ltr'>arma</span> <span class='ocrx_word' id='word_1_323' title='bbox 939 3573 960 3600; x_wconf 90' lang='lat'>».</span> <span class='ocrx_word' id='word_1_324' title='bbox 977 3579 1006 3588; x_wconf 92' lang='lat'>·—</span> <span class='ocrx_word' id='word_1_325' title='bbox 1019 3551 1143 3602; x_wconf 86' lang='lat' dir='ltr'>Mundi.</span> 
     </span>
    </p>
   </div>
   <div class='ocr_carea' id='block_1_5' title="bbox 137 3613 1144 3864">
    <p class='ocr_par' dir='ltr' id='par_1_5' title="bbox 137 3613 1144 3864">
     <span class='ocr_line' id='line_1_40' title="bbox 163 3613 1144 3677; baseline -0.002 -13"><span class='ocrx_word' id='word_1_326' title='bbox 163 3631 244 3664; x_wconf 87' lang='lat' dir='ltr'>neore</span> <span class='ocrx_word' id='word_1_327' title='bbox 261 3629 296 3662; x_wconf 94' lang='lat' dir='ltr'>un</span> <span class='ocrx_word' id='word_1_328' title='bbox 314 3617 379 3665; x_wconf 89' lang='lat' dir='ltr'>trait</span> <span class='ocrx_word' id='word_1_329' title='bbox 413 3617 538 3665; x_wconf 90' lang='lat' dir='ltr'>ersislanl</span> <span class='ocrx_word' id='word_1_330' title='bbox 555 3617 588 3664; x_wconf 86' lang='lat' dir='ltr'>de</span> <span class='ocrx_word' id='word_1_331' title='bbox 605 3616 630 3663; x_wconf 87' lang='lat' dir='ltr'>la</span> <span class='ocrx_word' id='word_1_332' title='bbox 652 3631 720 3673; x_wconf 87' lang='lat' dir='ltr'>race,</span> <span class='ocrx_word' id='word_1_333' title='bbox 739 3616 764 3663; x_wconf 93' lang='lat' dir='ltr'>Ia</span> <span class='ocrx_word' id='word_1_334' title='bbox 784 3615 960 3677; x_wconf 90' lang='lat' dir='ltr'>coquetterie,</span> <span class='ocrx_word' id='word_1_335' title='bbox 979 3613 1090 3661; x_wconf 81' lang='lat' dir='ltr'>l&#39;amour</span> <span class='ocrx_word' id='word_1_336' title='bbox 1109 3616 1144 3662; x_wconf 92' lang='lat' dir='ltr'>du</span> 
     </span>
     <span class='ocr_line' id='line_1_41' title="bbox 141 3632 1144 3738; baseline -0.002 -13"><span class='ocrx_word' id='word_1_337' title='bbox 141 3679 218 3726; x_wconf 85' lang='lat' dir='ltr'>beau.</span> <span class='ocrx_word' id='word_1_338' title='bbox 233 3705 263 3714; x_wconf 97' lang='lat'>-</span> <span class='ocrx_word' id='word_1_339' title='bbox 276 3677 357 3728; x_wconf 77' lang='lat' dir='ltr'>Gelu</span> <span class='ocrx_word' id='word_1_340' title='bbox 372 3692 377 3726; x_wconf 77' lang='grc' dir='ltr'><em>τ</em></span> <span class='ocrx_word' id='word_1_341' title='bbox 392 3632 416 3726; x_wconf 70' lang='lat' dir='ltr'>ll&gt;</span> <span class='ocrx_word' id='word_1_342' title='bbox 433 3679 525 3726; x_wconf 88' lang='lat' dir='ltr'>climat</span> <span class='ocrx_word' id='word_1_343' title='bbox 537 3678 569 3725; x_wconf 91' lang='lat' dir='ltr'>de</span> <span class='ocrx_word' id='word_1_344' title='bbox 582 3678 606 3725; x_wconf 91' lang='lat' dir='ltr'>la</span> <span class='ocrx_word' id='word_1_345' title='bbox 623 3677 707 3726; x_wconf 87' lang='lat' dir='ltr'>Gaule</span> <span class='ocrx_word' id='word_1_346' title='bbox 720 3683 761 3725; x_wconf 88' lang='lat' dir='ltr'>est</span> <span class='ocrx_word' id='word_1_347' title='bbox 774 3678 853 3736; x_wconf 84' lang='lat' dir='ltr'>froid,</span> <span class='ocrx_word' id='word_1_348' title='bbox 867 3676 991 3738; x_wconf 76' lang='lat' dir='ltr'>compare</span> <span class='ocrx_word' id='word_1_349' title='bbox 1005 3677 1019 3722; x_wconf 79' lang='lat' dir='ltr'>d</span> <span class='ocrx_word' id='word_1_350' title='bbox 1032 3676 1098 3723; x_wconf 92' lang='lat' dir='ltr'>celui</span> <span class='ocrx_word' id='word_1_351' title='bbox 1112 3676 1144 3723; x_wconf 90' lang='lat' dir='ltr'>de</span> 
     </span>
     <span class='ocr_line' id='line_1_42' title="bbox 141 3738 1144 3801; baseline -0.004 -14"><span class='ocrx_word' id='word_1_352' title='bbox 141 3739 244 3790; x_wconf 86' lang='lat' dir='ltr'>I’Italie.</span> <span class='ocrx_word' id='word_1_353' title='bbox 265 3765 297 3777; x_wconf 90' lang='lat'>-</span> <span class='ocrx_word' id='word_1_354' title='bbox 322 3739 491 3791; x_wconf 73' lang='lat' dir='ltr'>Affectans</span> <span class='ocrx_word' id='word_1_355' title='bbox 516 3753 522 3787; x_wconf 73' lang='grc' dir='ltr'><em>τ</em></span> <span class='ocrx_word' id='word_1_356' title='bbox 551 3743 622 3786; x_wconf 90' lang='lat' dir='ltr'>cette</span> <span class='ocrx_word' id='word_1_357' title='bbox 642 3740 773 3786; x_wconf 89' lang='lat' dir='ltr'>industrie</span> <span class='ocrx_word' id='word_1_358' title='bbox 796 3743 837 3786; x_wconf 90' lang='lat' dir='ltr'>est</span> <span class='ocrx_word' id='word_1_359' title='bbox 859 3740 920 3801; x_wconf 87' lang='lat' dir='ltr'>plus</span> <span class='ocrx_word' id='word_1_360' title='bbox 943 3738 1072 3800; x_wconf 77' lang='lat' dir='ltr'>prospbre</span> <span class='ocrx_word' id='word_1_361' title='bbox 1093 3751 1144 3799; x_wconf 83' lang='lat' dir='ltr'>qur</span> 
     </span>
     <span class='ocr_line' id='line_1_43' title="bbox 137 3799 1097 3864; baseline -0.003 -15"><span class='ocrx_word' id='word_1_362' title='bbox 137 3803 243 3864; x_wconf 71' lang='lat' dir='ltr'>J&#39;amais.</span> <span class='ocrx_word' id='word_1_363' title='bbox 255 3829 288 3840; x_wconf 96' lang='lat'><em>-</em></span> <span class='ocrx_word' id='word_1_364' title='bbox 300 3801 389 3864; x_wconf 88' lang='lat' dir='ltr'>Quod</span> <span class='ocrx_word' id='word_1_365' title='bbox 402 3801 451 3851; x_wconf 88' lang='lat' dir='ltr'>illi</span> <span class='ocrx_word' id='word_1_366' title='bbox 466 3816 471 3849; x_wconf 91' lang='lat'>:</span> <span class='ocrx_word' id='word_1_367' title='bbox 485 3801 558 3864; x_wconf 88' lang='lat' dir='ltr'>quod</span> <span class='ocrx_word' id='word_1_368' title='bbox 572 3802 681 3862; x_wconf 91' lang='lat' dir='ltr'>indique</span> <span class='ocrx_word' id='word_1_369' title='bbox 695 3802 718 3848; x_wconf 89' lang='lat' dir='ltr'>Ie</span> <span class='ocrx_word' id='word_1_370' title='bbox 732 3801 852 3863; x_wconf 76' lang='lat' dir='ltr'>melange</span> <span class='ocrx_word' id='word_1_371' title='bbox 867 3799 943 3848; x_wconf 88' lang='lat' dir='ltr'>d‘eau</span> <span class='ocrx_word' id='word_1_372' title='bbox 956 3803 983 3848; x_wconf 88' lang='lat' dir='ltr'>et</span> <span class='ocrx_word' id='word_1_373' title='bbox 998 3799 1030 3846; x_wconf 93' lang='lat' dir='ltr'>de</span> <span class='ocrx_word' id='word_1_374' title='bbox 1043 3799 1097 3846; x_wconf 85' lang='lat' dir='ltr'>vin.</span> 
     </span>
    </p>
   </div>
   <div class='ocr_carea' id='block_1_6' title="bbox 568 3944 724 3995">
    <p class='ocr_par' dir='ltr' id='par_1_6' title="bbox 568 3944 724 3995">
     <span class='ocr_line' id='line_1_44' title="bbox 568 3944 724 3995; baseline -0.006 0"><span class='ocrx_word' id='word_1_375' title='bbox 568 3944 724 3995; x_wconf 79' lang='lat'><strong>-267-</strong></span> 
     </span>
    </p>
   </div>
   <div class='ocr_carea' id='block_1_7' title="bbox 0 0 1394 4238">
    <p class='ocr_par' dir='ltr' id='par_1_7' title="bbox 0 0 1394 4238">
     <span class='ocr_line' id='line_1_45' title="bbox 0 0 1394 4238; baseline 0 0"><span class='ocrx_word' id='word_1_376' title='bbox 0 0 1394 4238; x_wconf 95' lang='lat' dir='ltr'> </span> 
     </span>
    </p>
   </div>
  </div>
 </body>
</html>
