2756 4238
252 201 337 259 246.
358 201 547 262 condition
560 203 627 259 ces
645 201 808 259 colonias
821 199 1016 258 romaicus.
1063 224 1066 230 ·

424 297 471 361 (De
483 297 652 347 coloniarum
664 297 840 360 condicione.)

176 413 396 473 Existimamus
415 414 540 473 meliore
563 414 745 473 condicione
771 435 836 473 esse
856 412 1013 473 colonias*
1040 433 1132 493 quam
1148 403 1188 466 4ε

134 510 326 591 municipia*.
352 511 397 570 De
419 511 508 591 cujus
525 511 681 591 opinionis
701 519 763 570 tam
779 511 960 590 promiscuae
978 509 1134 569 erroribus

134 608 234 668 Divus
250 607 437 681 Hadrianus,
450 608 480 666 in
490 609 629 667 oratione
642 629 733 688 quam
749 609 787 666 de
799 607 1038 678 Italicensibus*,
1053 607 1134 666 unde

134 705 201 786 ipse
225 713 311 764 ortus
332 705 401 779 iuit,
428 705 459 763 in
483 713 590 765 senatu
617 705 735 776 habuit,
762 705 946 786 peritissime
975 705 1131 774 disseruit,

134 802 301 883 mirarique
317 824 348 862 se
364 802 501 862 ostendit
515 803 596 883 quod
612 811 642 862 et
661 804 719 882 ipsi
743 803 919 861 Italicenses
946 810 977 860 et
991 801 1132 881 quaedain

133 907 208 968 item
230 907 288 967 alia
304 908 470 988 municipia
484 909 620 988 antiqua,
634 910 664 968 in
679 909 791 989 quibus
808 909 969 967 Uticenses
982 907 1131 976 nominat,

134 1027 206 1065 cum
221 1005 283 1065 suis
298 1005 435 1065 moribus
449 1005 630 1087 legibusque
651 1007 694 1065 uti
720 1015 857 1086 possent,
878 1006 907 1063 in
927 1006 979 1084 jus
1000 1004 1135 1062 colonia-

134 1125 202 1163 rum
218 1103 329 1162 mutari
345 1104 554 1181 gestiverint*.
569 1104 773 1162 Praenestinos
784 1111 886 1162 autem
898 1103 991 1161 reiert
1000 1101 1135 1161 maximo

134 1223 227 1283 opere
243 1223 259 1260 a
274 1200 395 1259 Tiberio
411 1201 594 1279 imperatore
606 1201 728 1280 petiisse
739 1220 902 1278 orasseque
914 1206 948 1258 ut
962 1219 999 1257 ex
1014 1197 1135 1258 colonia

134 1299 166 1356 in
177 1298 338 1377 municipii
352 1299 487 1356 statum*
502 1298 724 1376 redigerentur,
737 1297 829 1377 idque
840 1297 900 1355 illis
910 1295 1065 1355 Tiberium
1079 1315 1135 1375 pro

135 1395 295 1454 referenda
307 1395 405 1472 gratia
419 1394 574 1468 tribuisse,
592 1394 674 1474 quod
688 1395 718 1452 in
732 1415 838 1454 eorum
856 1393 980 1465 finibus,
998 1393 1054 1452 sub
1067 1393 1134 1473 ipso

134 1493 261 1572 oppid0,
270 1513 307 1550 ex
315 1492 438 1571 capitali
448 1491 555 1550 morbo
563 1491 754 1550 revaluisset.
766 1491 901 1551 Maxima
910 1492 991 1549 euim
1000 1489 1136 1549 colonia-

134 1610 202 1648 rum
221 1589 415 1648 necessitudo
426 1590 437 1612 *
454 1597 501 1646 est
517 1607 523 1649 ε
544 1610 605 1647 non
623 1575 750 1647 veniunt¹
761 1589 969 1646 extrinsecus*
982 1588 1013 1646 iu
1029 1585 1136 1646 civita·

134 1694 197 1745 tem
207 1688 229 1758 *,
258 1706 313 1745 nec
339 1686 402 1745 suis
428 1685 583 1745 radicibus
598 1687 750 1755 nituntur,
777 1685 829 1742 sed
843 1707 879 1743 ex
900 1685 1026 1743 civitate
1047 1684 1134 1765 quasi

134 1784 332 1863 propagatae*
370 1792 454 1853 sunt,
487 1791 518 1842 et
550 1784 620 1859 jura
652 1783 854 1862 institutaque
889 1782 992 1840 omnia
1028 1781 1135 1861 populi

135 1881 279 1952 Romani,
297 1900 359 1938 non
375 1880 422 1939 sui
437 1880 555 1939 arbitrii
570 1880 693 1940 habeut.
705 1880 779 1947 Quae
796 1886 896 1937 tamen
913 1879 1053 1937 condicio
1065 1897 1135 1936 cum

135 1979 176 2037 sit
190 1978 287 2055 magis
297 1976 429 2036 obnoxia
445 1986 476 2037 et
490 1977 591 2036 minus
605 1976 698 2036 libera
708 1978 730 2048 *,
754 1977 857 2055 potior
873 1983 975 2034 tamen
996 1982 1027 2033 et
1043 1995 1136 2054 praes-

134 2075 258 2134 tabilior
272 2074 465 2134 existimatur
484 2081 610 2154 propter
630 2073 864 2154 amplitudinem
882 2073 1137 2152 majestatemque

134 2171 242 2251 populi
268 2171 413 2243 Romani,
437 2171 525 2250 cujus
545 2173 611 2230 istae
635 2171 783 2230 coloniae*
798 2170 884 2250 quasi
900 2170 1018 2247 efligies
1034 2187 1137 2248 parvae

136 2270 361 2348 simulacraque
377 2289 441 2326 esse
457 2269 598 2347 quaedam
615 2268 769 2326 videntur.

165 2412 207 2461 ΙΨ
223 2410 309 2460 246:
328 2399 487 2458 Colonias.
506 2409 572 2456 Voir
588 2409 709 2456 versions
729 2413 772 2454 250
787 2413 815 2456 et
827 2412 881 2456 251.
898 2434 928 2442 —
944 2400 1136 2486 Municipia.

136 2473 203 2519 Voir
212 2487 245 2520 au
258 2471 362 2534 lexique
376 2468 562 2532 municipium.
581 2497 610 2505 -
627 2469 864 2519 Italicensibus
878 2483 883 2516 :
902 2469 1039 2516 habitants
1056 2468 1137 2516 dita-

135 2534 194 2592 lica,
213 2534 275 2580 ville
299 2535 332 2580 de
355 2532 476 2593 Bdtique,
499 2546 531 2578 en
554 2531 682 2593 Espagne.
701 2559 731 2565 -
752 2530 978 2580 Gestivcrint:
1000 2534 1083 2578 terme
1105 2532 1138 2577 de

135 2596 372 2667 desapprobation.
392 2594 462 2666 tl'est
497 2608 526 2640 ar
544 2609 595 2640 une
613 2594 709 2640 ardeur
730 2591 914 2664 inconsiderce
931 2607 982 2653 que
1000 2593 1037 2640 les
1055 2593 1139 2664 muni-

134 2661 455 2766 itlititlttt'nim
472 2653 1139 2776 atiliattlitifiiaillitigauimus

135 2781 197 2829 citt.
208 2807 235 2816 -
244 2779 476 2831 Necessitudo:
489 2779 596 2840 designa
608 2794 722 2840 presque
734 2779 856 2838 toujours
867 2792 902 2824 un
914 2777 966 2824 lien
978 2778 1010 2823 de
1019 2778 1137 2838 parente.

135 2870 166 2878 -
179 2841 397 2892 Extrinsecus
413 2855 533 2889 :comme
546 2841 584 2887 les
603 2840 703 2888 munici
724 2840 757 2887 ia.
778 2867 807 2874 -
821 2839 1007 2889 Civitatem.
1027 2839 1093 2885 Voir
1107 2854 1138 2886 ce

136 2907 193 2952 mot
217 2919 250 2952 au
271 2903 322 2950 lexi
343 2916 385 2950 ue.
409 2928 439 2937 —
463 2904 681 2963 propagatae.
726 2903 766 2947 oir
786 2902 811 2947 la
832 2901 962 2962 premiere
982 2904 1045 2948 note
1061 2901 1093 2947 de
1113 2901 1138 2948 la

136 2967 243 3013 version
261 2969 313 3012 251.
325 2918 376 3011 bes
389 2964 506 3011 colonias
519 2963 620 3011 etaient
638 2963 771 3024 peuplees,
792 2968 868 3012 outre
886 2963 924 3009 les
939 2963 1085 3023 indigcnes,
1105 2962 1138 3009 de

136 3029 260 3090 citoyens
272 3026 389 3073 romains
402 3025 519 3087 envoyts
531 3026 598 3072 dans
615 3026 662 3072 des
679 3025 755 3071 villes
774 3025 937 3071 recomment
953 3025 1095 3085 conquises
1112 3027 1139 3072 ct

136 3090 203 3136 dans
216 3090 262 3136 des
275 3087 417 3136 situations
428 3086 555 3134 fertilitas
565 3101 633 3149 pour
644 3087 772 3134 observor
790 3086 814 3133 la
826 3087 981 3148 population
1001 3089 1027 3132 et
1050 3087 1140 3133 conte-

137 3152 179 3198 nir
186 3152 210 3198 le
218 3166 294 3213 pays.
302 3176 332 3185 -
341 3148 479 3198 Libera:
490 3168 500 3191 ι(
510 3148 550 3195 On
562 3149 667 3196 discute
675 3163 771 3195 encore
780 3162 826 3194 sur
833 3149 858 3195 la
866 3148 1004 3195 condition
1013 3148 1059 3194 des
1066 3147 1140 3194 habi-

137 3215 210 3260 tants
232 3214 278 3259 des
295 3211 413 3258 colonies
435 3209 576 3257 romaines.
599 3210 708 3280 Madvig
729 3213 795 3257 veut
817 3224 869 3271 que
893 3209 931 3256 les
954 3210 1046 3256 colons
1067 3210 1139 3256 aient

137 3274 265 3322 conserva
276 3274 299 3321 le
310 3273 380 3336 plein
394 3271 465 3319 droit
477 3273 508 3318 de
521 3272 583 3330 cite,
599 3272 637 3319 les
647 3272 784 3333 indigeries
797 3274 923 3318 rcccvant
935 3271 959 3317 lu
972 3271 1067 3318 civitas
1082 3269 1138 3317 sine

137 3335 278 3400 suffragio,
295 3334 384 3383 tandis
401 3348 452 3396 que
465 3331 581 3381 d'autres
597 3334 717 3380 reluscnt
734 3349 784 3380 aux
801 3333 939 3393 indigenas
957 3336 984 3379 et
999 3333 1036 3378 los
1054 3333 1139 3379 droits

138 3399 227 3461 privis
240 3401 267 3446 et
278 3398 316 3445 les
327 3396 412 3443 droits
426 3395 570 3456 politiques
581 3415 591 3437 »
606 3394 870 3456 (Bouclrd-Lcclercq,
885 3409 951 3455 page
965 3396 1017 3452 lli,
1032 3397 1094 3440 note
1105 3397 1137 3441 31,

139 3487 166 3494 -
181 3458 343 3509 Coloniae.
358 3459 400 3508 nu
418 3456 496 3518 point
511 3458 544 3504 de
558 3472 608 3504 vue
623 3458 695 3510 civil,
712 3457 749 3503 les
764 3457 891 3516 colonias,
906 3470 1009 3502 comme
1022 3455 1060 3502 les
1072 3456 1139 3502 citis

139 3520 245 3577 latines,
260 3520 367 3567 avaient
381 3520 439 3566 leur
455 3518 605 3579 legislation
621 3519 800 3580 particuliere.
815 3519 865 3564 Les
883 3517 974 3564 Latius
992 3519 1099 3565 avaient
1115 3518 1139 3564 lc

138 3581 293 3639 conubium,
311 3581 336 3628 le
353 3579 543 3627 commercium
556 3583 583 3627 et
595 3580 618 3626 le
631 3578 804 3642 suffraqium.
817 3581 859 3626 Au
872 3579 1014 3636 contraire,
1023 3579 1139 3626 lescolo—

139 3644 196 3690 nies
209 3643 308 3690 situees
321 3657 353 3690 en
366 3641 495 3705 province
508 3645 535 3688 et
550 3656 602 3688 non
615 3641 772 3702 compose'es
784 3642 817 3687 de
835 3641 936 3699 Latius,
951 3641 1018 3687 mais
1030 3641 1091 3687 bien
1107 3641 1140 3688 de

158 3705 314 3751 rovinciaux
337 3707 364 3752 et
387 3702 569 3760 d'allranchis,
597 3702 732 3764 n'avaient
752 3717 803 3764 que
825 3703 849 3749 le
868 3702 916 3765 jus
940 3701 1093 3749 commercii
1114 3705 1141 3750 et

139 3721 311 3827 l’exempuon
324 3766 357 3812 de
369 3766 394 3812 la
407 3767 485 3826 peine
502 3765 550 3812 des
565 3779 659 3826 vergcs
672 3765 710 3828 (le
725 3763 775 3828 juo
792 3762 862 3812 Latii
878 3779 912 3827 ue
928 3765 987 3812 leur
1003 3768 1086 3826 ayant
1098 3763 1140 3811 etc

138 3828 227 3876 donne
240 3839 292 3887 quc
305 3841 353 3887 par
364 3822 476 3891 fiction).

415 3983 427 4017 a
560 3968 665 4020 -249
686 3997 718 4008 -
