2664 4234
133 130 221 186 446.
235 131 383 202 ⁴Preuve
398 130 577 200 physique
594 133 638 187 de
652 131 866 188 l'existenee
882 133 926 187 de
940 130 1040 187 Dieu.

247 230 297 292 (Ea
309 229 426 279 universi
438 231 523 293 specie
536 231 603 279 Deos
616 246 671 280 esse
685 232 857 292 manifestum
870 232 928 295 est.)

49 414 52 420 Ι
122 345 303 425 Principio*
331 353 411 404 terra
441 347 584 406 universa
615 355 768 418 cernatur,
801 347 901 406 locata
927 347 960 406 in
988 346 1087 406 media
1100 345 1144 407 4ο

76 441 193 500 mundi
205 442 304 514 sede*,
319 442 416 501 solida
429 452 460 502 et
475 443 599 522 globosa
615 451 644 502 et
658 445 793 524 undique
805 445 869 522 ipsa
885 445 916 502 in
929 464 994 502 sese
1007 444 1088 502 nuti-

54 521 163 606 :bus*
187 539 249 598 suis
262 539 455 619 conglobata,
474 541 601 599 vestita*
620 541 757 608 floribus,
781 541 893 613 herbiS,
915 540 1085 612 arboribuS,

19 633 23 638 ’
55 621 64 708 '-
75 635 225 712 frugibus
243 655 249 696 :
266 657 397 715 quorum
412 637 549 696 omnium
573 638 762 696 incredibilis
778 637 944 697 multitudo
965 638 1087 702 insatia-

54 732 159 810 *bili*
182 733 330 792 varietate
359 734 571 812 distinguitur.
609 735 695 793 Adde
722 735 781 794 huc
812 736 944 793 lentium
973 734 1088 812 gelidas

59 829 326 906 „perennitatesss
339 830 473 910 liquores
489 831 663 910 perlucidos
677 832 824 902 amnium,
843 832 978 910 riparum
994 831 1089 900 vesti·

58 911 65 920 ⁰
76 935 131 984 tus
152 926 367 1000 viridissimas
383 926 597 1006 speluncarum
619 949 769 987 concavas
795 928 985 999 altitudines,
1002 947 1089 986 saxo-

75 1043 151 1081 rum
186 1025 379 1104 asperitates,
421 1024 664 1104 impendentium
697 1026 857 1084 ·montium
897 1024 1085 1096 altitudines

76 1121 368 1201 immensitatesque
390 1140 592 1201 camporum:
612 1122 689 1180 adde
714 1123 805 1180 etiam
827 1123 1000 1180 reconditas
1021 1122 1089 1180 auri

75 1218 263 1297 argentique
279 1238 383 1291 venas,
395 1219 609 1298 infinitamque
625 1219 709 1276 vim*
727 1219 897 1278 marmoris
913 1219 986 1286 Quae
1001 1240 1085 1291 vere,

76 1322 111 1374 et
123 1336 217 1394 quam
235 1315 319 1374 varia
337 1335 448 1393 genera
466 1314 632 1374 bestiarum
651 1317 699 1374 vel
720 1317 857 1375 cicurum
872 1315 921 1374 vel
934 1317 1086 1390 feraruml

76 1412 134 1491 qui
150 1411 311 1470 volucrum
325 1407 448 1491 lapsus*
463 1420 554 1491 atque
570 1415 698 1471 cantus!
721 1414 773 1493 qui
793 1413 945 1492 pecudum
961 1421 1065 1492 pastus
1079 1415 1085 1472 l
1181 1405 1183 1408 ¹

77 1529 151 1588 quas
160 1510 224 1568 vita
233 1509 419 1568 silvestrium
432 1511 439 1568 7
452 1509 532 1576 Quid
541 1509 668 1589 jam*de
678 1510 836 1568 hominum
846 1531 956 1587 genere
966 1510 1089 1569 dicam?

78 1606 135 1684 qui
153 1607 239 1684 quasi
256 1605 390 1664 cultores
403 1613 492 1665 terrae
512 1607 684 1676 constituti,
702 1627 762 1664 non
778 1607 939 1685 patiuntur
950 1627 1016 1664 eam
1032 1629 1088 1666 nec

79 1703 294 1761 immanitate*
325 1702 483 1782 beluarum
512 1703 641 1775 efferari,
673 1724 728 1761 nec
757 1703 897 1783 stirpium
924 1705 1088 1783 asperitate

83 1800 211 1871 vastari,
225 1819 418 1878 quorumque
438 1801 582 1879 operibus
600 1801 673 1878 agri,
691 1801 808 1871 insulae,
827 1801 977 1879 litoraque
992 1802 1089 1860 collu-

79 1901 181 1968 cent*,
205 1896 351 1956 distincta
373 1898 461 1955 tectis
484 1905 514 1956 et
536 1897 673 1956 urbibus.
697 1897 770 1964 Quae
793 1898 828 1966 si,
851 1906 885 1956 ut
904 1899 1025 1972 animis,
1044 1900 1088 1958 sic

79 1993 180 2052 oculis
199 1994 303 2052 videre
322 1998 514 2072 possemus*,
540 2014 629 2052 nemo
649 2005 789 2052 cunctam
814 1995 937 2053 intuens
960 2002 1086 2067 terram,

81 2091 121 2149 de
132 2091 237 2149 divina
249 2091 368 2149 ratione
380 2090 536 2149 dubitaret
545 2094 567 2149 *.
581 2093 621 2148 At
630 2092 723 2148 vero*
738 2099 850 2168 quanta
865 2093 957 2150 maris
969 2099 1015 2150 est
1023 2092 1104 2170 pul-.

80 2186 228 2246 chritudo
242 2173 249 2246 l
264 2207 332 2266 quae
346 2189 482 2266 species*
498 2187 632 2245 universi
647 2190 652 2246 7

114 2337 155 2386 Νθ
169 2337 235 2385 446
250 2351 255 2384 :
270 2335 444 2444 Principio,
458 2337 513 2397 pris
524 2336 760 2384 adverbialement.
775 2337 813 2384 Cf.
823 2338 847 2384 le
858 2338 936 2386 traite
947 2338 979 2384 de
992 2337 1089 2385 l'Eeis·

85 2401 157 2446 teuce
173 2399 204 2446 de
219 2397 285 2444 Dieu
307 2398 339 2444 de
359 2399 378 2444 F
396 2398 484 2457 nelon,
509 2398 556 2458 qui
572 2397 672 2444 semble
688 2399 762 2445 avoir
777 2398 926 2460 developpe
945 2413 989 2446 ces
1005 2399 1087 2446 belles

83 2475 163 2522 peges
176 2461 207 2506 de
221 2460 340 2518 Ciceron,
355 2474 386 2505 en
399 2460 437 2506 les
450 2460 568 2506 animant
583 2460 618 2505 du
636 2460 730 2506 sout'tle
743 2459 870 2506 chre'tien.
885 2487 914 2494 -
931 2461 966 2508 In
980 2459 1089 2510 media

84 2523 171 2582 sede,
183 2536 261 2582 parce
274 2536 324 2582 que
336 2519 440 2582 d'apres
453 2521 491 2568 les
502 2521 629 2580 Anciens,
643 2522 666 2567 le
681 2521 755 2568 soleil
774 2523 892 2568 tournait
909 2525 1006 2569 autour
1018 2523 1050 2568 de
1062 2522 1088 2568 la

84 2589 162 2631 terre,
176 2609 204 2618 -
217 2583 361 2632 Nutibus
375 2598 379 2630 :
392 2586 481 2630 toutes
496 2583 534 2630 les
549 2583 648 2644 parties
663 2583 695 2629 de
714 2583 737 2628 la
755 2587 824 2630 terre
842 2583 954 2630 tendent
966 2598 1025 2630 vers
1039 2597 1087 2630 son

84 2649 182 2699 ccntre,
197 2660 228 2690 en
242 2647 319 2691 vertu
334 2646 367 2702 de
380 2645 404 2692 la
422 2643 495 2704 force
508 2644 662 2707 centripe'te.
677 2671 705 2680 -
723 2645 863 2694 Vestite.
878 2645 944 2691 Voir
957 2659 1001 2692 ces
1015 2645 1089 2691 idees

85 2707 284 2769 poetiquement
296 2706 474 2767 developpees
486 2721 534 2768 par
544 2707 615 2754 saint
628 2707 769 2753 Ambroise
781 2707 898 2766 (Heluam.
914 2706 934 2764 Ι,
950 2711 971 2764 7,
985 2711 1027 2764 27;
1040 2705 1087 2765 ΙΙΙ,

85 2775 109 2828 2,
127 2769 172 2830 47),
185 2771 212 2814 et
227 2783 275 2828 par
290 2767 360 2814 saint
377 2767 464 2814 Basile
479 2769 544 2814 dans
565 2783 606 2815 ses
620 2767 752 2815 Home'ties
763 2782 811 2813 sur
825 2767 862 2814 les
875 2767 918 2814 sie
926 2767 1007 2829 jours
1018 2767 1050 2814 de
1064 2767 1089 2814 ta

86 2829 211 2878 cre'atiou.
226 2830 264 2877 Cf.
274 2830 299 2876 la
314 2829 382 2876 belle
392 2845 458 2890 page
472 2830 504 2875 de
517 2831 587 2876 saint
598 2831 740 2890 Augustin,
755 2829 823 2876 citee
845 2829 904 2890 plus
918 2829 974 2886 bas,
987 2844 1033 2875 sur
1050 2829 1088 2876 les

86 2891 232 2938 merveilles
244 2892 276 2938 de
290 2891 314 2938 la
327 2891 445 2938 creation
456 2891 574 2952 (version
593 2891 656 2952 497),
669 2895 695 2937 77
713 2891 736 2937 le
754 2905 866 2950 passage
882 2891 975 2951 simple
987 2894 1014 2937 et
1028 2894 1089 2937 tou-

86 2954 165 3000 chant
183 2954 218 3000 du
236 2953 346 3000 Sermon
363 2967 411 3000 sur
433 2952 458 2999 la
481 2955 551 2999 mort
572 2954 605 2998 de
626 2953 749 3009 Bossuet,
773 2956 960 3008 commencant
979 2966 1027 3014 par
1044 2967 1088 2999 ces

87 3018 173 3062 mats:
191 3034 201 3056 a
216 3013 387 3074 Contemplez
400 3014 423 3060 le
437 3014 486 3061 ciel
499 3016 526 3060 et
540 3014 564 3060 la
583 3017 661 3070 terre,
678 3017 705 3060 et
723 3014 748 3060 la
766 3028 826 3073 sege
842 3013 979 3060 economie
996 3015 1028 3060 de
1044 3016 1088 3061 cet

88 3077 191 3123 univers
195 3112 241 3123 .....
251 3079 293 3134 ;77
306 3091 350 3122 ces
370 3076 450 3122 sseurs
468 3075 533 3122 dont
553 3077 577 3122 la
596 3075 692 3122 beaute
710 3079 751 3122 est
774 3075 838 3122 sitbt
862 3075 956 3132 fletrie,
978 3074 1026 3122 elle
1049 3076 1087 3122 les

89 3137 182 3184 babille
201 3138 221 3184 si
244 3138 435 3197 superbement
448 3137 544 3183 durant
564 3151 594 3182 ce
614 3137 682 3196 petit
699 3139 817 3184 moment
837 3137 870 3183 de
888 3137 946 3184 leur
964 3137 1019 3182 etre
1036 3152 1087 3197 que

89 3199 218 3258 Salomon,
233 3200 299 3246 dans
314 3202 388 3245 toute
400 3213 428 3245 sa
446 3199 535 3258 gloire.
551 3196 591 3244 n'a
609 3198 664 3243 rien
683 3198 714 3244 de
730 3198 902 3258 comparahle
918 3199 932 3244 d
950 3201 992 3244 cet
1010 3213 1087 3244 orne-

89 3264 193 3308 ment».
208 3289 238 3295 -
253 3259 485 3309 Insatiabili=
503 3273 571 3321 quae
588 3273 735 3321 nutatquam
754 3275 800 3306 uos
823 3259 912 3319 satiat,
934 3274 995 3306 sens
1013 3259 1086 3308 actif.

90 3349 118 3358 -
135 3321 370 3372 Perennitates.
393 3321 555 3381 Remarquer
572 3321 638 3368 dans
668 3323 738 3367 cette
756 3321 852 3382 phrase
880 3321 904 3368 le
929 3321 1023 3381 pluriel
1040 3321 1087 3367 des

90 3399 161 3432 noms
178 3384 305 3432 abstraits
322 3399 327 3430 :
346 3381 512 3440 altitudines,
534 3381 700 3444 asperitates,
717 3381 918 3429 immensitates.
940 3383 974 3430 Cc
991 3383 1087 3443 pluriel

86 3447 194 3507 indique
206 3461 257 3507 que
271 3445 346 3492 l'ide'e
358 3443 491 3504 exprimee
505 3459 551 3504 par
564 3445 587 3490 le
599 3444 747 3490 substantii
759 3448 799 3491 est
810 3444 875 3490 celle
893 3443 955 3490 d’un
972 3444 1020 3491 fait
1041 3445 1086 3504 qui

91 3502 118 3556 se
128 3507 223 3568 repete,
236 3509 279 3568 qui
296 3521 323 3553 se
341 3505 494 3566 rapported
510 3505 642 3566 plusieurs
663 3506 754 3566 sujets.
777 3532 803 3540 -
824 3505 907 3563 Vim,
930 3505 1039 3565 indique
1061 3507 1086 3552 la

92 3569 213 3630 quantite.
232 3595 260 3604 —
282 3568 422 3628 Lapsus,
442 3567 489 3614 fait
509 3567 601 3626 image.
621 3568 656 3614 Le
672 3567 715 3614 vol
735 3568 766 3613 de
783 3567 898 3614 certains
913 3569 1022 3614 oiseaux
1044 3571 1085 3615 est

93 3632 113 3679 si
132 3632 219 3693 rapide
240 3627 303 3692 qu'il
322 3629 431 3689 produit
453 3629 533 3675 l'ell’et
553 3627 613 3675 d'un
634 3628 788 3689 glissement
805 3630 820 3674 d
838 3633 941 3676 travers
960 3627 1083 3689 l‘cspace.

93 3720 120 3728 -
135 3693 209 3744 Jam
225 3705 334 3752 marque
352 3691 377 3736 la
394 3691 462 3737 suite
481 3688 558 3736 d'une
583 3690 775 3736 c'nume'ratinn.
796 3717 825 3724 -
843 3689 1055 3744 Immanitate
1077 3705 1083 3738 ι

91 3756 123 3801 dc
139 3752 163 3801 in
180 3753 286 3814 negaui,
298 3756 325 3799 et
342 3753 374 3798 de
392 3751 485 3811 manis,
501 3752 612 3813 adjectis
627 3751 777 3812 archaique,
790 3752 925 3814 signifiant
938 3753 1009 3800 doux
1022 3753 1085 3816 (que

520 3894 606 3946 -449
626 3924 660 3939 ,-
