2756 4238
404 92 488 150 237.
510 93 640 150 Tibere
660 94 785 150 refusa
804 95 872 151 des
883 93 1050 164 temples.

503 188 625 252 (Templa
638 189 762 237 Tiberius
772 190 952 253 aspernatur.)

166 301 210 370 ,θ’
240 339 242 346 ,
265 326 279 356 «
298 302 362 379 Ego
375 323 435 375 me,
448 310 550 383 patres
564 303 744 382 conscripti,
759 304 939 362 mortalem*
952 324 1017 362 esse
1028 311 1058 363 et
1068 302 1228 362 bominum

223 399 325 458 officia
336 399 434 477 iungi,
447 400 582 492 satisque
592 401 705 459 habere
720 401 744 458 si
757 401 858 459 locum
870 401 1042 480 principem
1053 399 1226 486 impleam*,

222 505 253 567 et
268 517 323 558 vos
340 504 435 555 testor
455 504 486 556 et
505 498 681 555 meminisse
697 506 837 576 posteros
855 497 944 568 volo;
963 498 1014 576 qui
1031 498 1104 556 satis
1123 518 1229 576 super-

222 613 282 672 que
297 594 452 669 memoriae
476 614 551 652 meae
571 595 720 667 tribuent,
745 604 778 652 ut
798 594 967 674 majoribus
987 596 1063 652 meis
1085 595 1224 671 dlgnum,

222 710 324 748 rerum
339 698 509 749 vestrarum
521 691 697 769 providum,
715 698 907 750 constantem
920 691 950 748 in
962 691 1118 770 periculis
1131 693 1225 749 offen-

222 787 343 845 sionum
365 808 422 866 pro
443 787 575 846 utilitate
596 788 718 866 publica
739 808 802 864 non,
821 788 968 867 pavidum
989 788 1126 847 credant.
1152 789 1227 846 Haec

221 884 298 941 mibi
314 884 468 942 inanimis
487 885 596 942 vestris
614 885 759 963 templa*,
775 884 822 942 hae
836 884 1050 963 pulcherrimae
1068 885 1185 962 efligies
1196 891 1227 969 et

222 1001 385 1040 mansurae.
407 980 484 1039 Nam
506 1002 574 1060 quae
589 1002 663 1040 saxo
681 988 854 1054 struuntur,
876 982 900 1039 si
915 981 1069 1061 judicium
1086 990 1226 1061 postero-¹

223 1065 289 1136 rum
315 1078 345 1135 in
365 1077 468 1136 odium
488 1079 593 1152 vertit,
613 1099 669 1158 pro
688 1079 858 1158 sepulcris*
876 1085 1075 1158 spernuntur.
1094 1078 1226 1163 Proinde

222 1175 332 1246 socios,
356 1175 439 1233 cives
458 1183 488 1233 et
508 1176 581 1233 deos
600 1176 683 1255 ipsos
706 1195 825 1254 precor,
849 1174 905 1234 hos
927 1182 962 1234 ut
983 1175 1058 1233 mihi
1078 1176 1226 1235 adfinem

222 1291 319 1352 usque
331 1272 402 1330 vitae
414 1273 549 1350 quietam
563 1280 593 1330 et
604 1272 834 1348 intellegentem
846 1271 970 1331 humani
980 1271 1139 1352 divinique
1147 1272 1226 1352 juris

222 1376 356 1427 mentem
372 1368 495 1442 duint*,
509 1353 636 1441 illosut,
653 1369 838 1448 quandoque
851 1389 1043 1442 concessere,
1055 1390 1124 1428 cum
1138 1369 1226 1428 laude

222 1473 253 1525 et
274 1465 363 1524 bonis
383 1466 650 1524 recordationibus
670 1467 749 1524 sacta
772 1473 864 1546 atque
882 1466 992 1524 lamam
1013 1465 1146 1524 nominis
1165 1467 1225 1524 mei

222 1569 502 1642 prosequantur».
536 1562 735 1642 Perstititque
768 1563 911 1642 princeps
943 1563 1071 1642 posthac
1102 1563 1226 1622 secretis

222 1659 313 1718 etiam
337 1659 530 1718 sermonibus
552 1660 708 1739 aspernari
731 1660 822 1718 talem
845 1659 892 1717 sui
913 1659 1041 1719 cultum.
1065 1659 1153 1726 Quod
1175 1660 1225 1718 alii

222 1756 436 1824 modestiam*,
451 1756 552 1822 multi,
568 1757 660 1835 quia*
678 1755 842 1826 diffideret,
860 1755 985 1833 quidam
999 1756 1053 1814 ut*
1067 1756 1226 1834 degeneris

222 1853 317 1912 animi
339 1853 632 1932 interpretabantur.
654 1844 796 1932 Optimos
814 1853 928 1932 quippe
946 1853 1121 1912 mortalium
1139 1853 1226 1912 altis-

222 1950 300 2010 sima
315 1969 428 2028 cupere
444 1967 450 2008 τ
469 1950 513 2007 sic
525 1949 689 2008 Herculem
706 1957 736 2008 et
747 1949 891 2007 Liberum
905 1949 986 2028 apud
1002 1949 1136 2019 Graecos
1154 1949 1226 2016 Qui·
1368 1971 1374 1981 <

222 2047 323 2104 rinum
343 2045 425 2125 apud
442 2067 498 2104 nos
516 2047 607 2105 deum
622 2067 750 2104 numero
764 2045 905 2103 additos*
927 2065 933 2106 :
959 2047 1086 2105 melius*
1105 2050 1226 2124 Augus-

223 2150 302 2216 tum,
324 2143 377 2221 qui
402 2143 582 2222 speraverit.
610 2142 721 2202 Cetera
742 2143 935 2221 principibus
960 2144 1062 2202 statim
1088 2143 1193 2201 adesse
1217 2163 1223 2203 :

222 2259 317 2297 unum
338 2238 553 2300 insatiabiliter
570 2239 753 2319 parandum,
768 2259 946 2318 prosperam
962 2240 1008 2298 sui
1026 2241 1223 2316 memoriam3

223 2357 293 2394 nam
309 2344 490 2416 contemptu
506 2336 594 2394 famae
610 2336 766 2394 contemni
789 2336 950 2396 virtutes*.

1364 3297 1365 3349 l

254 2469 293 2518 N⁶
302 2468 368 2519 23¹7
378 2483 383 2515 :
393 2469 577 2517 Mortalem.
590 2466 740 2528 L’Espagne
754 2467 895 2514 ulterieure
906 2481 921 2513 a
932 2467 1035 2530 envoyd
1045 2467 1084 2528 (25
1095 2483 1138 2528 ap.
1147 2469 1162 2516 J
1166 2468 1225 2531 .-C.)

222 2531 269 2577 des
288 2530 492 2577 ambassadeurs
509 2530 524 2575 a
543 2530 626 2577 Rome
646 2544 714 2590 pour
732 2529 877 2575 demander
896 2528 1090 2576 l'autorisation
1109 2529 1225 2577 d'elever

222 2607 257 2639 un
275 2593 373 2652 temple
392 2592 407 2638 a
425 2592 520 2638 Tibere
540 2596 567 2638 et
582 2592 597 2637 a
614 2605 643 2638 sa
658 2591 737 2638 mere.
759 2590 854 2637 Tibere
872 2590 968 2637 retusa.
987 2589 1160 2651 L'apotbeose
1177 2593 1225 2638 des

222 2667 375 2714 empereurs
390 2657 432 2700 est
445 2652 582 2699 conforme
597 2651 726 2714 al'esprit
738 2653 770 2698 de
784 2652 807 2698 la
821 2651 931 2713 religion
944 2653 1071 2699 romaine.
1089 2671 1100 2694 a
1117 2653 1154 2700 La
1171 2654 1225 2700 cite

222 2729 237 2762 a
248 2730 290 2762 ses
300 2716 379 2762 Lares
392 2717 419 2762 et
427 2729 469 2761 ses
483 2713 596 2761 Penates
605 2729 708 2762 comme
719 2714 744 2760 la
755 2713 853 2759 l'amille
863 2727 870 2773 ;
881 2727 984 2761 comme
995 2713 1019 2760 la
1031 2714 1130 2761 famille
1142 2715 1223 2774 aussi,

221 2777 272 2823 elle
285 2777 386 2824 associe
403 2776 418 2822 d
437 2790 480 2823 ses
499 2776 588 2836 genias
607 2777 788 2836 domestiques
806 2776 844 2820 les
861 2775 951 2835 ge'nies
969 2789 1003 2821 ou
1020 2778 1110 2822 nianes
1131 2777 1164 2822 de
1182 2791 1225 2823 ses

221 2837 355 2885 membres
372 2840 400 2885 et
416 2837 662 2914 particulierement
679 2838 712 2884 de
729 2852 776 2883 son
797 2836 859 2883 chet
877 2857 887 2878 n
907 2836 1180 2898 (Bouche-Leclercq).
1197 2864 1224 2872 -

221 2899 388 2960 Impleam‚
404 2899 563 2946 cest-al-dire
577 2897 711 2962 principis
729 2897 817 2958 officia
834 2898 914 2960 plene
931 2912 1070 2959 exsequar.
1089 2925 1119 2933 -
1135 2899 1225 2947 Tem-

221 2961 286 3022 pla.
301 2959 341 3008 Cf.
362 2959 499 3023 Agricola,
519 2963 548 3006 46
563 2974 568 3007 :
585 2980 596 3001 «ι
618 2958 706 3021 forma
728 2959 823 3006 mentis
845 2961 962 3016 aeterna,
986 2974 1066 3020 quarn
1089 2961 1178 3016 tenere
1198 2962 1224 3007 et

221 3021 381 3130 Exprimere,
394 3035 448 3068 non
483 3035 512 3068 er
524 3020 638 3068 alienam
652 3021 792 3129 inarterv'qp¹
805 3021 829 3067 et
842 3021 935 3078 artem,
948 3020 993 3128 ped
1006 3020 1062 3128 lull
1073 3021 1129 3084 ipse
1140 3023 1224 3128 mopi-

221 3097 370 3192 ,latrat
385 3102 436 3191 ‘3011
472 3084 827 3204 ,lt'atltlstfldazt
841 3096 1228 3205 lartumtzattaltatss,

221 3207 295 3267 quiy
308 3206 473 3252 estenseveli
485 3206 563 3253 laisse
571 3206 595 3251 le
608 3211 718 3266 pussant
726 3207 885 3253 inditl'erent.
900 3232 929 3240 -
940 3205 1050 3260 Duint,
1062 3220 1130 3266 pour
1142 3205 1222 3255 dent:

220 3266 370 3314 archatsme
383 3267 475 3314 amane
487 3282 536 3329 par
546 3268 569 3313 le
582 3271 628 3313 ton
641 3268 769 3328 religieux
777 3269 812 3314 du
822 3281 954 3313 morceau.
968 3293 998 3300 -
1012 3267 1222 3329 Modestiam,

221 3332 309 3389 qula,
321 3329 366 3387 ut,
380 3327 533 3389 dependent
547 3328 690 3375 librement
704 3330 737 3375 de
756 3327 1014 3389 interpretabantur,
1028 3328 1072 3389 qui
1089 3343 1224 3389 gouverne

221 3391 292 3436 aussi
310 3403 406 3450 rupere
424 3391 456 3436 de
468 3391 493 3437 la
508 3390 605 3450 phrase
620 3390 751 3436 suivante.
765 3417 794 3424 -
805 3389 952 3439 Auditos.
965 3388 1004 3436 Cl'.
1017 3389 1129 3448 Horace,
1145 3389 1222 3450 Odes,

223 3449 270 3509 ill,
284 3457 306 3497 3.
324 3476 350 3484 -
366 3450 494 3506 Melius,
508 3466 529 3497 s.
544 3453 598 3496 ent.
617 3448 710 3510 episse.
732 3453 851 3510 Auguste
864 3465 896 3497 ne
915 3451 1010 3498 voulut
1027 3466 1074 3512 pas
1095 3451 1174 3512 qu'on
1186 3451 1228 3503 lui,

221 3512 309 3559 elevat
332 3511 379 3556 des
398 3511 511 3558 autelsa
530 3511 628 3566 Rome3
647 3511 713 3556 mais
731 3511 749 3557 il
767 3512 789 3557 le
808 3513 905 3571 permit
923 3527 973 3558 aux
994 3513 1144 3573 provinces,
1166 3513 1225 3574 ala¹

220 3570 360 3620 condition
383 3572 509 3619 toutct'ois
528 3584 578 3630 que
596 3569 619 3614 le
643 3571 714 3616 culte
731 3573 763 3618 de
782 3573 865 3619 Rome
884 3573 925 3620 fot
947 3574 1048 3620 associe
1068 3575 1166 3622 dcelui
1189 3576 1222 3621 dc

220 3633 386 3693 l'empereur.
409 3631 447 3678 Cl.
474 3633 587 3684 Horace,
611 3630 658 3690 Ep.
681 3631 791 3695 tranq,
819 3639 855 3681 lo.
882 3661 910 3668 -
929 3634 1088 3684 Virtutes.
1106 3636 1156 3682 Sur
1179 3641 1223 3684 cet

220 3709 314 3743 amour
325 3693 356 3738 de
367 3691 392 3737 la
402 3692 492 3750 gleire.
505 3694 527 3739 si
539 3691 653 3752 prolond
665 3691 728 3738 chez
740 3695 778 3740 les
790 3697 917 3758 Anciens,
926 3696 1045 3744 voirl’ro
1053 3698 1161 3755 Archia,
1176 3702 1202 3743 ll
1214 3713 1220 3752 ;

4 3759 32 3780 ⁸·
53 3785 62 3802 a
97 3804 99 3817 ,
134 3791 137 3796 .
162 3785 164 3788 -
230 3762 236 3777 ¹
263 3753 390 3819 titione,
405 3751 511 3812 XXXV,
525 3756 565 3799 97.

335 3853 358 3877 *ι
396 3881 438 3898 a,
643 3842 801 3892 —240-
