2698 4234
543 137 755 196 CHAPlTltE
779 135 822 194 lX

596 243 692 304 (Caput
710 242 765 304 IX.)

540 405 648 442 MOEURS
670 404 825 450 reaumaus

513 488 561 553 (De
573 489 694 539 moribus
704 489 845 554 publicis.)

444 649 527 709 839.
544 651 687 707 Phedre
704 663 752 708 eu
769 652 920 708 leoteur.

498 745 656 808 '(Phaedrus
668 747 702 796 ad
716 747 862 811 tectorem.)

113 869 156 936 4⁸
263 879 440 958 Exemplis*
453 881 631 939 continetur
645 882 758 960 Aesopi
772 881 903 958 genus*,

263 976 326 1036 Nec
343 976 425 1035 aliud
441 976 609 1056 quidquam
621 979 633 1002 *
651 999 705 1057 per
719 977 846 1037 fabellas
860 977 1021 1058 quaeritur

261 1074 357 1140 Quam
371 1075 544 1150 corrigatur
561 1077 667 1132 error*
683 1082 716 1133 ut
728 1075 916 1148 mortalium,

260 1174 421 1251 Acuatque
436 1191 503 1230 sese
520 1171 650 1250 diligens
668 1172 850 1231 industria*.

261 1267 454 1346 Quicumque
470 1267 563 1327 luerit
578 1289 651 1345 ergo
670 1270 822 1327 narrantis
835 1269 926 1349 jocus
935 1269 958 1341 *,

265 1365 344 1424 Dum
359 1365 459 1444 capiat
475 1368 602 1423 aurem*
620 1374 650 1424 et
665 1374 768 1424 servet
781 1369 974 1446 propositum
994 1385 1085 1424 suurn
1095 1364 1119 1440 *,

264 1461 308 1520 Re
322 1465 332 1486 *
345 1463 586 1528 commendator,
605 1484 665 1521 non
681 1463 834 1522 auctoris*
852 1464 988 1524 nornine.

263 1559 413 1638 Equidem
429 1560 511 1617 omni
530 1580 602 1618 eura
619 1581 735 1618 morem
752 1561 881 1619 servabo
897 1560 1012 1634 senis*;

263 1655 322 1716 Sed
337 1657 361 1714 si
380 1656 525 1715 libuerit*
541 1657 656 1736 aliquid
673 1658 880 1736 interponere,

264 1754 424 1813 Dictorum
442 1775 548 1812 sensus
562 1756 574 1778 ¹¹
591 1763 625 1812 ut
638 1754 770 1813 delectet
784 1756 927 1828 varietnS,

265 1851 366 1910 Bonas
381 1851 411 1908 in
427 1859 540 1930 parteS,
558 1852 664 1923 lector,
678 1851 829 1931 accipias*
846 1853 947 1924 velim,

265 1949 332 2007 lta*
346 1948 370 2006 si
382 1947 530 2028 rependet
545 1949 626 2007 illam
642 1949 775 2008 brevitas
791 1949 953 2026 gratiam*.

265 2043 382 2124 Cujus*
395 2044 524 2103 verbosa
541 2066 578 2104 ne
594 2047 634 2104 sit
650 2045 888 2120 commendatio,

265 2141 399 2200 Attende
414 2163 469 2201 cur
486 2145 615 2220 negare*
630 2143 750 2224 cupidis
766 2144 888 2214 debeas,

266 2239 417 2298 Modestis
432 2239 524 2298 etiam
540 2233 648 2299 ollerre
663 2242 747 2320 quod
766 2261 827 2300 non
846 2241 1002 2321 petierint.

223 2372 265 2421 ΙΨ
289 2371 355 2423 339
376 2388 382 2422 :
404 2373 578 2436 Exemplis.
605 2375 640 2422 Ce
660 2378 720 2422 sont
746 2377 784 2424 tes
807 2375 898 2432 leoons
928 2373 1045 2422 donne'es
1069 2387 1116 2434 par
1138 2373 1191 2420 des

193 2433 334 2494 exemples.
344 2435 393 2483 Les
405 2435 489 2483 sables
501 2436 614 2497 d'Esope
624 2439 685 2484 sunt
695 2437 772 2484 faites
786 2437 958 2496 uniquement
969 2433 1140 2497 (continetur)
1153 2447 1188 2481 en

193 2510 244 2542 vue
269 2496 302 2542 de
323 2496 347 2542 la
370 2497 476 2544 morale.
498 2524 527 2532 -
546 2497 653 2546 Genus
675 2498 877 2560 (sous-entendu
897 2497 1049 2557 scribendi).
1069 2497 1088 2542 ll
1110 2495 1188 2557 s‘agit

194 2557 226 2604 de
243 2557 267 2604 la
280 2557 349 2604 table
362 2572 394 2605 en
411 2558 524 2619 general.
542 2586 571 2593 -
591 2558 781 2620 Quidquam.
804 2561 839 2606 La
861 2559 996 2617 Fontuine,
1017 2559 1060 2619 qui
1080 2557 1190 2614 concoit

194 2617 218 2666 la
241 2618 311 2665 table
335 2633 367 2665 en
389 2621 475 2680 poete.
494 2620 529 2666 lui
545 2621 673 2666 demande
686 2624 761 2668 autre
773 2623 852 2668 chose
866 2635 871 2668 ε
887 2620 981 2667 «Dans
996 2633 1037 2666 ees
1055 2620 1140 2666 sortes
1154 2618 1189 2664 de

192 2677 276 2738 seinte
294 2679 314 2726 u
331 2680 389 2739 faut
403 2680 531 2727 instruire
546 2683 570 2726 et
578 2679 675 2741 ptaire,
688 2681 720 2728 Et
736 2683 827 2729 center
841 2696 912 2743 pour
926 2684 1018 2728 center
1029 2695 1068 2728 me
1086 2678 1189 2727 semble

191 2755 243 2803 peu
269 2740 415 2802 d'nsltaire...
445 2742 498 2788 Une
511 2742 610 2788 morale
622 2757 673 2788 nuc
686 2745 795 2804 apperte
814 2743 846 2790 de
860 2743 978 2790 t'ennui:
995 2743 1028 2790 Le
1043 2745 1119 2789 conte
1136 2739 1188 2814 [ait

192 2816 285 2876 passer
296 2803 319 2848 le
328 2803 452 2873 pre'cepte
465 2817 525 2849 avec
539 2802 610 2849 tuin.
624 2805 703 2851 Aussi
718 2819 750 2850 en
761 2805 841 2851 fait-il
855 2819 860 2851 :
876 2823 886 2850 u
901 2804 954 2852 Une
967 2804 1053 2866 ample
1070 2801 1189 2850 comedia

193 2877 207 2910 a
224 2865 283 2911 cent
295 2866 365 2910 actes
385 2865 481 2917 divers,
496 2864 528 2910 Et
542 2864 605 2910 dont
615 2865 639 2911 ta
649 2865 725 2912 scene
747 2866 786 2914 cst
806 2865 932 2914 t'uniuers
946 2884 967 2912 ι).
987 2890 1017 2900 -
1030 2865 1139 2923 Error,
1153 2877 1188 2910 au

194 2939 255 2973 sens
270 2925 360 2972 moral.
376 2925 544 2972 Construisez
558 2941 563 2972 :
577 2941 655 2986 quarn
668 2930 698 2973 ut
717 2942 791 2974 error
808 2927 959 2986 mortalium
979 2926 1019 2987 (ε
1040 2926 1188 2984 hominum}

193 2984 1190 3111 tttttttt'a‘solitatematttttttsttzttttatttttttttt

213 3109 275 3154 etits
293 3123 394 3168 genres,
408 3112 515 3171 (napae,
530 3109 640 3171 neniae).
657 3137 683 3144 -
701 3115 822 3159 Aurem
836 3083 1015 3173 (tectortst.⁰-
1029 3109 1128 3158 Suum
1141 3121 1149 3156 t
1162 3107 1190 3154 le

193 3123 242 3215 but
254 3170 287 3216 de
298 3170 324 3216 la
335 3171 413 3217 table.
431 3197 461 3205 -
475 3171 543 3220 Re:
560 3170 661 3232 oppose'
676 3171 834 3218 d'ordinaire
847 3172 860 3218 a
873 3170 954 3216 verba
975 3185 980 3217 :
997 3171 1020 3216 le
1035 3170 1099 3216 tund
1119 3173 1147 3216 et
1163 3169 1189 3216 la

193 3231 285 3278 forme.
304 3258 334 3267 -
351 3231 514 3282 Auctoris¹
529 3231 582 3279 Peu
602 3233 716 3292 inrporte
736 3233 863 3280 l'auteur:
876 3231 977 3278 Plredre
993 3245 1027 3277 on
1047 3232 1141 3290 Escpe.
1157 3255 1189 3267 -

194 3291 287 3340 Senis
310 3307 316 3340 ;
338 3295 394 3341 vise
414 3308 466 3340 non
488 3293 562 3354 tage,
578 3295 643 3340 mais
662 3293 686 3341 la
706 3295 788 3354 gleire
807 3292 949 3341 consacree
968 3291 1090 3354 d'Esope.
1106 3317 1136 3326 —
1153 3289 1190 3340 Sl

193 3352 337 3403 libuerit.
356 3356 392 3403 La
412 3355 540 3402 Fontaine
557 3356 596 3403 dit
613 3355 646 3402 de
668 3356 752 3402 meme
767 3369 794 3402 2«
808 3354 834 3402 Si
842 3356 952 3416 j'ajoute
967 3354 1003 3400 du
1021 3355 1091 3400 mien
1106 3352 1191 3400 dleur

193 3415 341 3473 invention,
357 3416 427 3463 C'est
440 3431 508 3476 pour
520 3416 628 3477 peindre
641 3417 679 3463 les
692 3430 790 3463 moeurs
803 3419 830 3463 et
847 3430 902 3463 non
915 3413 992 3476 point
1011 3428 1060 3476 par
1078 3413 1165 3462 envie.
1176 3433 1189 3458 s

193 3501 222 3510 -—
236 3475 356 3526 Sensus
375 3477 510 3538 (lectoris).
524 3505 554 3512 -
566 3477 732 3539 Accipias,
752 3478 856 3538 depend
869 3478 901 3523 de
918 3475 1005 3524 veiim.
1022 3475 1108 3537 Aprts
1119 3475 1189 3535 nuto,

189 3535 284 3597 jubeo,
299 3536 408 3600 impero,
423 3544 530 3599 onpeut
542 3540 744 3586 sous-entendre
759 3541 795 3588 ut.
809 3565 839 3574 -
856 3539 908 3588 lta
921 3536 951 3587 si
967 3551 974 3584 2
990 3537 1041 3584 dla
1052 3536 1190 3584 condition

193 3611 253 3704 que.
274 3624 302 3630 -
316 3599 466 3649 Gratiam
484 3615 490 3647 :
508 3599 573 3647 o'est
584 3599 757 3659 t'indulgence
768 3614 818 3660 que
831 3599 934 3647 Phedre
946 3598 1022 3645 vient
1033 3597 1066 3644 de
1079 3597 1191 3644 deman-

212 3673 241 3705 er
259 3657 351 3714 thonas
373 3659 400 3706 in
415 3661 517 3720 partes)
531 3675 564 3707 au
577 3661 685 3707 lecteur.
700 3686 729 3694 -
742 3660 843 3720 eujus
855 3674 883 3707 se
898 3661 1025 3720 rapporte
1036 3659 1051 3706 t
1062 3657 1191 3706 brevitas.

192 3744 221 3754 —
242 3719 371 3779 Negare
391 3719 398 3779 t
423 3721 474 3766 uod
493 3720 638 3780 petierint).
658 3721 706 3767 Ces
729 3721 798 3766 deux
817 3720 936 3768 derniers
957 3733 1018 3768 vers
1039 3722 1192 3766 aunoncent

191 3779 218 3826 la
230 3779 352 3826 moralitc
365 3735 432 3826 dela
443 3780 512 3826 table
525 3782 570 3840 qui
584 3783 637 3827 suit
650 3795 679 3826 ce
693 3782 828 3841 prologue.

609 3893 765 3942 -atan
