2756 4238
528 135 612 193 319.
633 138 689 193 Un
708 136 990 194 terrassement.

630 232 731 295 (Agger
747 231 890 296 munitur.)

201 340 245 404 4⁰
300 341 377 402 Cum
388 344 469 404 unde
482 347 594 423 agger*
610 347 735 406 omnino
753 347 940 427 comportari
954 352 1059 426 posset
1081 347 1158 408 nihil
1181 354 1264 408 esset

258 438 422 518 reliquum,
439 441 583 500 omnibus
595 442 756 502 arboribus
769 444 859 522 longe
871 444 993 524 lateque
1004 444 1036 503 in
1049 444 1162 503 finibus
1177 443 1263 504 Mas-

257 535 446 621 siliensium*
472 539 581 598 excisis
602 545 633 598 et
656 540 828 612 convectis,
857 540 990 600 Romani
1017 560 1159 619 aggerem
1187 538 1262 598 novi

257 634 379 710 generis
410 643 502 715 atque
532 635 706 695 inauditum
739 658 774 696 ex
807 638 973 696 latericiis*
1000 637 1121 697 duobus
1151 636 1261 710 morie,

257 731 387 788 senum*
401 732 513 810 pedum
529 733 746 805 crassitudine,
763 742 854 813 atque
870 755 977 794 eorum
993 753 1151 792 murorum
1164 732 1264 792 conti·

259 825 454 902 gnationem*
469 829 570 888 facere
580 829 793 901 instituerunt,
808 851 895 911 aequa
907 831 970 890 lere
981 830 1143 889 latitudine
1155 829 1264 910 atque*

260 920 332 980 ille*
345 926 551 1002 congesticius
565 947 602 985 ex
618 927 744 986 materia
757 928 858 987 luerat
871 947 975 1005 agger.
991 927 1049 986 Ubi
1060 935 1114 986 aut
1128 926 1263 1006 spatium

258 1025 341 1092 {nter
352 1041 457 1081 muros
471 1030 526 1082 aut
537 1023 730 1084 imbecillitas
742 1015 896 1084 materiae*
910 1024 1065 1105 postulare
1075 1022 1262 1097 videretur-*‚

259 1119 351 1200 pilae*
367 1119 616 1199 interponuntur,
640 1121 860 1181 transversaria
879 1122 961 1200 tigna
980 1120 1174 1199 injiciuntur,
1192 1139 1263 1198 quae

255 1213 454 1284 ¹firmamento
469 1232 534 1271 esse
549 1213 679 1293 possint,
696 1222 727 1273 et
741 1213 891 1295 quidquid
904 1220 950 1272 est
968 1213 1181 1291 contignatum
1196 1232 1265 1270 cra-

260 1308 342 1368 tibus
351 1309 569 1382 consternitur,
582 1319 681 1368 erates
690 1309 756 1369 luto
766 1311 956 1387 integuntur.
968 1309 1031 1368 Sub
1042 1309 1147 1368 tecto*
1161 1308 1263 1379 miles,

260 1405 368 1466 dextra
383 1425 419 1465 ac
438 1406 561 1466 sinistra
581 1427 670 1466 muro
690 1413 800 1480 tectus,
815 1407 981 1466 adversus*
995 1406 1092 1487 plutei
1106 1405 1263 1485 objectu*‚

259 1501 349 1583 operi,
360 1522 562 1584 quaecumque
575 1505 643 1562 usui
655 1512 727 1562 sunt
739 1504 803 1562 sine
814 1503 953 1582 periculo
965 1509 1128 1584 supportat
1137 1502 1160 1562 *.
1175 1501 1264 1561 Cele-

260 1599 336 1658 riter
349 1619 397 1658 res
412 1599 645 1658 administratur
661 1600 820 1659 :diuturni
841 1599 953 1659 laboris
969 1600 1188 1659 detrimentum
1204 1598 1266 1656 sol-

259 1694 349 1755 lertia
365 1703 395 1754 et
409 1697 526 1755 virtute
539 1696 670 1755 militum
692 1696 777 1755 brevi
795 1696 1047 1770 reconciliatur*;
1063 1701 1177 1776 portas,
1194 1695 1266 1775 qui·

261 1791 317 1852 bus
333 1793 408 1851 locis
419 1792 552 1867 videtur,
569 1794 739 1873 eruptionis
754 1814 855 1865 causa,
875 1794 905 1851 in
925 1813 1014 1854 muro
1034 1793 1264 1873 relinquuntur.

259 1917 411 1966 extrema
429 1917 526 1976 parte
546 1931 552 1964 t
570 1916 673 1977 chaque
693 1917 788 1977 couple
804 1917 837 1963 de
852 1916 971 1977 pilotisa
989 1917 1058 1964 deux
1073 1917 1106 1964 de
1121 1930 1166 1963 ces
1180 1929 1265 1963 cram-

261 1992 329 2039 ppns
346 1977 362 2024 d
379 1977 497 2024 chacune
515 1978 547 2024 de
565 1993 607 2024 scs
623 1978 791 2036 extremites3
804 1993 834 2024 ce
847 1979 892 2039 qui
905 1979 993 2026 saiten
1004 1981 1063 2026 tout
1076 1981 1170 2040 quatre
1180 1991 1268 2024 cram-

262 2053 339 2100 pons.
351 2065 381 2074 -
393 2037 649 2088 nistinehantur
663 2054 668 2086 :
682 2039 720 2086 les
733 2041 802 2086 deux
815 2040 907 2100 pilotis
928 2041 992 2098 (baec
1015 2039 1140 2102 utraque)
1163 2039 1268 2086 etaient
1355 2069 1356 2076 ,

262 2103 340 2148 tenus
351 2099 455 2148 ecarte's
475 2099 620 2171 (disclusis)
632 2115 681 2162 pur
696 2101 742 2148 des
755 2105 866 2161 poutres
883 2101 1036 2163 (trabibus),
1050 2100 1201 2148 rattachees
1216 2115 1268 2208 par

261 2164 310 2210 des
326 2176 469 2234 crampons
486 2162 642 2224 (revinctis).
660 2188 689 2197 -
703 2163 740 2211 In
753 2162 958 2234 contrariam
972 2165 1111 2225 partem,
1131 2163 1225 2232 adver·
1237 2176 1266 2218 e;

261 2239 372 2334 prprque
385 2225 559 2333 stripplenggntl
570 2239 620 2293 une
633 2225 748 2334 ⁵⁰⁰⁰1¹ide
761 2225 862 2285 qualite
874 2225 921 2271 des
930 2225 1095 2332 fimislgpa‘
1108 2227 1266 2333 ppposrtpon
1354 2293 1355 2312 E

261 2301 424 2410 stilti
435 2286 1152 2409 &libibinisdiffinitissidieiitii
1160 2299 1267 2394 &2253

261 2409 333 2457 dela
349 2410 486 2470 longueur,
502 2412 673 2457 reconvertes
689 2410 721 2455 dc
734 2409 813 2456 lattes
829 2408 984 2472 (longuriis)
1000 2410 1066 2456 dans
1078 2410 1103 2456 le
1115 2422 1176 2456 sens
1189 2409 1222 2455 de
1241 2408 1267 2454 la

260 2468 374 2533 largeur.
396 2497 427 2506 -
446 2469 556 2519 Nihilo
572 2469 685 2522 setius.
699 2485 802 2517 comme
815 2468 884 2523 οὐδὲν
899 2464 984 2538 ducos:
1009 2470 1073 2518 c'est
1089 2485 1125 2516 un
1148 2472 1268 2517 surcroit

262 2542 296 2588 de
307 2540 473 2603 pre'caution.
492 2566 522 2575 -
538 2539 600 2590 Pro
611 2539 716 2590 ariete
733 2540 893 2602 subjectae
910 2555 916 2588 ε
934 2555 978 2588 ces
994 2541 1095 2603 pilotis,
1116 2539 1208 2602 places
1232 2555 1267 2587 en

261 2603 322 2650 aral
340 2615 444 2649 comme
460 2601 675 2661 arcs-boutants,
687 2603 815 2650 viennent
831 2601 975 2666 s'appuyer
989 2618 1035 2650 sur
1051 2604 1089 2650 les
1104 2603 1214 2664 couples
1231 2602 1268 2648 de

261 2664 352 2727 pilotis
381 2662 470 2724 places
494 2677 527 2711 en
547 2665 647 2711 amont.
671 2689 703 2700 -
724 2662 932 2725 Exciperent,
957 2678 1060 2712 comme
1084 2680 1119 2711 un
1142 2663 1270 2711 bouelicr

260 2739 389 2789 repousse
401 2725 440 2772 les
453 2726 540 2772 traits.
557 2751 587 2760 -
604 2724 689 2775 Aliae
703 2739 710 2772 z
723 2722 840 2773 d’autres
852 2726 952 2787 pilotis,
965 2725 1083 2774 formant
1099 2725 1232 2774 estaeade.

292 2822 333 2871 Νο
347 2820 413 2872 319
431 2835 437 2869 :
455 2820 585 2883 Agger:
605 2820 646 2884 (de
658 2821 692 2870 ad
713 2824 741 2870 et
756 2821 841 2885 gero),
854 2837 927 2872 amas
942 2823 976 2870 de
990 2823 1139 2871 materiaux
1154 2823 1186 2870 de
1204 2825 1270 2870 tout
1352 2839 1353 2871 t

260 2899 354 2944 genre3
373 2886 421 2945 pa'r
440 2884 518 2940 suite,
535 2882 684 2932 muterieux
700 2883 862 2932 neeessaires
875 2900 944 2946 pour
956 2883 981 2932 la
998 2885 1184 2932 construction
1199 2883 1268 2930 d'un

260 2948 458 2993 terrasscment.
478 2944 591 3008 L'agger
609 2948 783 3007 proprement
798 2945 839 2992 dit
855 2949 896 2993 est
912 2961 964 2993 une
986 2945 1062 2994 leve'e
1078 2946 1111 2993 de
1129 2949 1201 2993 terre
1217 2947 1267 3006 qui

259 3010 372 3054 entoure
385 3008 409 3053 le
421 3021 499 3068 camp
511 3009 539 3054 et
551 3007 596 3067 qui
609 3009 650 3054 est
663 3005 764 3054 lorme'e
775 3005 935 3055 d'ordinaire
948 3009 994 3054 des
1010 3007 1114 3055 deblais
1130 3008 1166 3055 du
1181 3007 1267 3055 fosse.

259 3095 290 3106 -
308 3067 567 3119 Massiliensium
581 3083 587 3116 :
601 3069 655 3115 ceci
669 3082 696 3114 se
709 3082 786 3129 passe
798 3083 830 3116 en
849 3072 878 3115 ts
890 3084 933 3118 av.
950 3069 965 3116 J
969 3068 1019 3117 .-C.
1035 3096 1065 3106 -
1083 3066 1267 3119 Latericiis

261 3132 303 3194 (de
320 3130 435 3177 l'inusite
455 3130 531 3188 later,
550 3130 664 3190 brique').
680 3155 710 3166 -
728 3129 856 3188 Senum,
870 3130 1038 3179 distributis:
1055 3130 1157 3192 chaque
1174 3143 1236 3177 mur
1251 3146 1268 3178 a

260 3195 300 3240 six
316 3193 397 3254 pieds.
412 3219 439 3226 -
454 3189 757 3252 contignationem:
772 3207 808 3238 un
824 3192 960 3254 plancher,
973 3206 1025 3239 une
1038 3192 1207 3254 pluteforme
1219 3191 1267 3251 (de

262 3255 375 3318 tignum,
387 3253 492 3316 pontrel
506 3253 643 3300 au-dessus
654 3254 687 3302 de
695 3267 739 3300 ces
749 3268 829 3301 murs.
840 3280 871 3288 -
883 3253 991 3315 Atque
1004 3253 1111 3314 depend
1125 3254 1159 3300 de
1174 3267 1266 3314 aeqna.

259 3343 289 3352 ..
301 3317 360 3366 Ille
374 3314 453 3363 :c’est
465 3315 576 3385 l'anoien
589 3329 681 3378 agger,
696 3315 745 3362 fait
755 3315 788 3362 de
800 3315 859 3362 bois
869 3313 1009 3422 materia),
1020 3317 1048 3362 et
1060 3315 1092 3361 de
1105 3319 1189 3362 terres
1201 3328 1230 3360 ra

169 3391 172 3394 ·
261 3377 367 3440 portees
381 3378 587 3440 (congesticius).
601 3403 630 3412 -
643 3375 795 3425 Materies
809 3377 845 3425 :il
859 3376 979 3439 segitde
1000 3376 1174 3437 ucharpente
1186 3375 1219 3423 de
1252 3391 1267 3424 a

261 3439 441 3501 plats-forme.
457 3466 486 3474 -
503 3439 688 3495 videretur,
702 3438 850 3500 subjonetis
863 3439 896 3485 de
911 3437 1062 3500 re'petition.
1078 3463 1110 3474 -
1129 3436 1218 3497 Pnae,
1233 3452 1269 3486 ce
1349 3489 1350 3502 ,

260 3505 323 3548 sont
335 3502 381 3546 des
396 3501 485 3562 piliers
502 3502 535 3548 de
552 3501 747 3547 soutenement.
762 3526 789 3534 —
805 3499 871 3550 Sub
888 3501 984 3558 tecto,
998 3500 1153 3560 expression
1166 3499 1269 3546 adver·

260 3563 339 3620 bialc‚
355 3563 481 3624 cquiyaut
494 3563 508 3609 a
521 3577 556 3608 un
568 3562 686 3622 adjectis.
702 3588 731 3596 -
744 3561 924 3621 Adversus,
937 3561 1064 3609 adverbe.
1079 3588 1110 3596 -
1123 3560 1266 3612 Ob'eetu

259 3625 364 3687 depend
378 3627 410 3670 de
425 3626 517 3671 tectus.
533 3651 560 3694 ᾗ
577 3623 800 3693 supportat÷
815 3624 948 3693 adportat.
964 3649 994 3658 -
1011 3621 1168 3694 Reconctl
1184 3625 1269 3674 atur

259 3685 1269 3810 ntttttlsnillinittttttltttttttt’t„tfftttslttt‘it
1348 3739 1349 3786 z

259 3815 285 3858 et
298 3808 464 3857 domicilium
476 3808 584 3855 redeant
599 3827 620 3857 n.
1348 3835 1349 3844 ,

682 3886 837 3938 -asr-
