2664 4234
448 177 532 234 439.
549 178 616 247 oui
631 190 816 248 gouverne
830 178 865 234 le
877 177 1031 234 monde?

554 273 629 336 (Quis
643 273 768 322 universo
775 274 912 337 praeestl)

179 384 219 448 2⁰
273 394 352 454 Mihi
365 396 438 454 haec
454 418 488 456 ac
498 397 570 457 talia
584 397 721 456 audienti
734 399 765 456 in
777 398 896 456 incerto
906 397 1059 477 judicium
1072 403 1123 454 est
1136 397 1251 459 tatone
1316 374 1319 439 f

233 511 281 549 res
298 493 473 552 mortalium
489 503 549 554 etn
572 495 714 554 cessitate
729 494 927 566 immutabili,
939 515 977 553 an
992 494 1093 552 forte*
1111 492 1251 552 volvan-

233 596 302 647 tur:
320 590 434 670 quippe
447 591 693 670 sapientissimos
709 600 847 650 veterum
863 591 977 672 quique
992 599 1110 648 sectam
1135 610 1249 648 eorum

233 685 416 745 aemulantur
444 687 605 746 diversos*
630 689 778 768 reperiare,
795 709 830 747 ac
844 687 951 748 multis
974 687 1099 746 insitam
1118 687 1250 766 opinio·

233 802 301 840 nem
321 807 335 836 a
351 805 411 841 non
424 785 528 844 initia*
545 785 653 856 nostri,
673 805 735 843 non
749 785 854 856 linem,
872 805 934 844 non
948 783 1081 863 denique
1096 782 1249 842 homines

232 878 291 936 diis
301 901 382 938 curae
398 901 403 940 :
422 881 490 938 ideo
510 881 695 940 creberrime
718 882 817 941 tristia
841 882 872 940 in
896 881 1027 952 bonos*,
1056 879 1132 940 laeta
1160 880 1249 960 apud

231 975 397 1036 deteriores
410 999 475 1036 esse
500 1003 525 1037 ».
546 978 662 1038 Contra
680 978 755 1036 alii*
779 978 876 1038 latum
899 977 1026 1058 quidem
1047 981 1248 1055 congruere*

232 1073 322 1131 rebus
337 1083 465 1153 pulant;
483 1075 610 1134 sednon
626 1075 741 1154 evagis
754 1075 879 1148 stellis*,
895 1094 1001 1133 verum
1020 1073 1105 1154 apud
1122 1075 1248 1153 princi-

233 1170 301 1248 pia*
315 1179 345 1228 et
358 1191 455 1229 nexus
469 1172 655 1233 naturalium
671 1175 851 1234 causarum*
866 1192 872 1232 :
888 1193 922 1231 ac
935 1179 1037 1230 tamen
1052 1171 1247 1230 electionem

232 1267 303 1324 vitae
318 1267 407 1325 nobis
418 1268 606 1348 relinquunt,
629 1295 642 1323 a
659 1289 750 1349 quam
767 1269 819 1328 ubi
833 1268 971 1346 elegeris,
996 1275 1116 1326 certum
1140 1269 1248 1328 immi-

232 1364 390 1421 nentium*
410 1365 584 1436 ordinem*;
611 1387 710 1445 neque
737 1365 817 1424 bona
844 1366 893 1424 vel
924 1365 1001 1423 mala
1027 1385 1097 1444 quae
1126 1365 1248 1444 vulgus

232 1467 340 1539 putet:
361 1461 483 1531 multos,
502 1461 555 1541 qui
575 1463 746 1522 conflictari
767 1462 904 1522 adversis
923 1462 1099 1532 videantur,
1116 1461 1246 1529 beatos,

231 1578 266 1616 ac
286 1557 458 1636 plerosque,
481 1580 666 1639 quamquam
690 1579 816 1637 magnas
845 1581 899 1639 per
924 1579 1008 1639 opeS,
1034 1558 1244 1620 miserrimos.

231 1655 257 1714 si
268 1655 310 1713 illi
334 1676 457 1732 gravem
480 1657 636 1715 fortunam
662 1665 840 1715 constanter
865 1657 1007 1725 tolerent,
1031 1655 1062 1713 hi
1086 1675 1246 1736 prospera

232 1751 402 1810 inconsulte
432 1760 607 1813 utantur».
638 1752 782 1812 Ceterum
805 1753 946 1834 plurimis
968 1751 1151 1811 mortalium
1180 1775 1246 1812 non

231 1849 392 1908 eximitur*
407 1850 508 1927 quin«
524 1850 622 1930 primo
636 1850 787 1928 cujusque
799 1857 869 1910 ortu
881 1857 1011 1908 ventura
1026 1848 1243 1915 destinentur.

231 1945 282 2004 sed
299 1946 439 2025 quaedam
450 1967 538 2004 secus
553 1967 648 2026 quam
665 1946 748 2004 dicta
763 1947 823 2004 sint
838 1947 957 2016 cadere,
977 1945 1107 2004 fallaciis
1129 1947 1244 2026 ignara

231 2043 419 2102 dicentium:
443 2044 485 2102 ita
507 2044 665 2122 corrumpi
694 2043 786 2101 fidem
809 2042 1020 2114 divinationis
1051 2041 1144 2122 cujus
1167 2046 1246 2103 artis

230 2139 311 2199 clara
328 2139 512 2199 documenta
527 2141 700 2219 etantiqua
715 2147 789 2198 aetas
803 2148 833 2198 et
848 2148 952 2198 nostra
964 2137 1070 2197 tulerit
1085 2163 1116 2200 ».

262 2308 301 2355 N⁰
313 2307 397 2356 439:
413 2307 517 2366 Forte,
533 2307 631 2355 ablatis
641 2307 673 2354 de
686 2308 749 2354 fors.
764 2305 802 2355 cf.
817 2306 955 2367 Claudien,
968 2305 1066 2354 Contre
1079 2305 1176 2368 Rufin,
1191 2309 1211 2365 l,
1222 2315 1244 2357 1.

231 2372 274 2416 Au
287 2369 338 2415 lieu
348 2383 407 2430 que,
421 2369 487 2416 dans
500 2370 524 2416 le
537 2374 570 2415 1*r
582 2369 700 2429 systeme
714 2367 830 2429 (fatum),
840 2369 879 2415 les
890 2369 1062 2416 evenements
1075 2373 1141 2416 sont
1152 2371 1244 2418 deter-

231 2431 316 2478 mines
341 2445 389 2490 par
421 2445 471 2477 unc
497 2429 624 2478 necescite'
647 2429 801 2487 immuabte,
827 2431 893 2477 dans
915 2431 939 2476 le
963 2435 986 2476 2·
1016 2428 1118 2490 (sorte),
1152 2431 1190 2478 ils
1215 2447 1243 2479 se

231 2492 372 2540 de'roulcnt
384 2490 461 2538 d'une
473 2492 548 2548 lacon
561 2495 636 2538 toute
649 2491 766 2538 fortuite.
777 2517 805 2526 -
819 2489 987 2548 Diversus,
1001 2496 1086 2538 sent.
1098 2491 1241 2554 opinione.

231 2581 261 2590 —
276 2553 347 2603 Non
358 2552 463 2602 initia.
478 2553 516 2600 Cf.
531 2553 655 2602 Lucrece.
669 2553 688 2610 l,
703 2556 782 2599 45-50.
799 2578 825 2588 -
837 2553 874 2601 In
893 2554 1003 2610 bonos,
1025 2567 1144 2614 zeugma.
1164 2558 1243 2602 Avec

231 2631 275 2663 ces
289 2619 367 2672 mots,
382 2615 400 2660 il
414 2616 470 2661 saut
483 2615 688 2662 sous-entendre
702 2630 737 2661 un
750 2618 825 2662 autre
837 2614 918 2660 verbe
931 2628 982 2674 que
995 2627 1050 2660 esse
1067 2629 1074 2660 :
1088 2615 1171 2672 oriri,
1195 2631 1243 2677 par

231 2677 359 2738 example.
379 2702 407 2711 -
428 2674 502 2732 Alii,
526 2677 562 2722 les
586 2676 726 2723 Stoiciens.
751 2702 780 2711 -
803 2676 998 2736 congruere.
1029 2674 1078 2722 Les
1100 2675 1241 2725 Stoiciens

230 2744 344 2801 pensent
357 2753 388 2784 cn
402 2738 464 2784 ell'et
476 2752 527 2797 que
540 2738 577 2783 les
590 2737 763 2784 dveneinents
775 2737 912 2784 obeissent
925 2737 940 2783 d
952 2751 1003 2783 une
1019 2737 1054 2782 loi
1074 2737 1238 2786 necessaire.

230 2827 260 2835 -
273 2801 298 2849 Ε
314 2799 412 2860 vagis
423 2799 530 2848 stellis
543 2817 572 2840 =
585 2798 749 2845 esteltarnm
763 2798 880 2846 motibus
890 2798 1008 2860 pendere
1020 2813 1070 2845 res.
1093 2825 1124 2833 -—
1147 2800 1240 2849 Prin-

231 2861 326 2923 cipia,
340 2861 378 2908 les
392 2875 485 2906 causes
498 2861 649 2920 premieres.
663 2887 694 2894 -
706 2861 820 2909 Nexus
833 2859 1037 2910 naturalium
1053 2871 1239 2912 causarum

230 2943 261 2966 =
272 2938 314 2970 eas
329 2937 369 2969 res
385 2937 453 2984 quae
463 2922 610 2968 secundum
624 2923 735 2968 naturae
749 2921 871 2968 ordinem
884 2935 978 2968 causae
990 2921 1069 2982 fiunt.
1085 2921 1204 2982 D'apres
1215 2925 1239 2970 le

230 2985 348 3046 systeme
367 2984 479 3030 stoicien
498 2985 578 3044 (sorte
598 2985 630 3029 de
652 2983 861 3043 dcterniinisme]
883 2987 943 3030 tout
969 2998 996 3030 se
1021 2997 1099 3044 passe
1122 2985 1194 3032 dans
1215 2986 1238 3031 le

231 3047 328 3094 monde
339 3047 447 3093 suivant
458 3060 492 3091 un
505 3047 615 3106 rapport
632 3046 664 3091 de
678 3059 757 3092 cause
771 3046 784 3090 d
800 3046 870 3092 ellat.
885 3044 934 3106 lly
953 3060 967 3091 a
990 3046 1038 3092 des
1058 3059 1155 3094 causes
1180 3061 1239 3108 pre·

231 3109 326 3156 mitres
339 3106 502 3170 (principia),
517 3107 577 3153 d'oir
590 3110 650 3153 tout
662 3107 772 3154 decoule
782 3108 898 3168 parvolo
907 3107 939 3153 de
950 3105 1152 3168 consdquences
1161 3113 1239 3156 natu·

230 3171 309 3218 relles
320 3168 641 3276 etsuccessivcsspneaus).
655 3167 693 3215 Cf.
709 3168 837 3236 Sentque,
861 3168 892 3214 de
902 3167 1018 3224 Provid,
1034 3172 1047 3213 5
1062 3182 1067 3214 z
1081 3187 1091 3210 «
1101 3168 1168 3216 fata
1190 3184 1237 3216 noe

231 3233 341 3280 ducunt.
365 3231 450 3278 Causa
464 3245 516 3292 pen
538 3231 562 3275 et
581 3244 612 3276 en
632 3243 711 3276 cansa
730 3244 735 3276 :
747 3232 853 3291 priuata
873 3232 898 3276 et
917 3229 1028 3290 publica
1050 3229 1149 3292 lonpus
1168 3231 1236 3277 ordo

232 3309 323 3342 rerum
338 3292 450 3340 trahit...
467 3290 535 3348 Quid
548 3294 586 3338 est
599 3289 664 3337 boni
678 3290 747 3339 viri‘?
760 3289 891 3338 Praebere
905 3305 931 3338 se
949 3290 1014 3351 fato.
1036 3291 1143 3338 Grande
1164 3291 1236 3339 sola-

231 3355 352 3402 ciumest
363 3369 423 3400 cum
438 3353 562 3400 universo
580 3351 646 3414 rapi.
666 3351 704 3399 Cf.
725 3353 748 3399 le
767 3357 822 3399 mot
839 3353 951 3399 sublime
969 3354 1001 3399 de
1026 3353 1099 3400 ltlarc
1112 3353 1233 3400 Aurele:

232 3438 243 3460 «
259 3416 402 3475 Ounivers,
411 3415 440 3477 je
449 3431 516 3462 neue
526 3430 554 3462 ce
562 3428 614 3476 qne
626 3415 652 3460 tu
664 3416 746 3460 veum!
756 3434 775 3461 υ.
787 3440 816 3448 -—
826 3413 1074 3463 Imminentium.
1088 3415 1233 3461 Fatalismc

231 3479 340 3526 difficile
351 3480 366 3525 d
378 3478 505 3525 concilier
521 3491 585 3523 avec
603 3474 759 3522 electionem
775 3474 853 3521 vitae.
875 3502 901 3510 -
915 3472 1063 3526 Ordinem
1078 3489 1083 3522 :
1099 3481 1231 3522 sous-ent.

231 3555 295 3600 esse,
311 3554 415 3587 comme
430 3554 463 3586 au
476 3538 595 3585 membre
609 3538 641 3582 de
652 3537 747 3596 phrase
758 3539 874 3583 suivant.
883 3537 992 3587 -Non
1009 3535 1177 3586 eximitur.
1192 3537 1232 3584 On

230 3603 288 3649 voit
301 3617 349 3662 par
362 3616 406 3648 ces
423 3603 493 3647 mots
511 3603 538 3646 et
556 3613 604 3659 par
616 3598 654 3644 les
672 3599 794 3644 suivants
813 3612 863 3671 que
882 3597 980 3644 Tacite
996 3599 1072 3656 croit,
1094 3598 1161 3646 dans
1180 3613 1232 3645 une

230 3664 348 3709 c'ertaine
369 3676 481 3716 mesore,
498 3661 513 3706 a
531 3659 697 3716 l'astrologie.
720 3659 759 3704 De
770 3658 795 3704 ld
813 3657 996 3718 liniportance
1009 3659 1146 3705 excessive
1167 3659 1231 3719 qu'il

232 3723 349 3769 attribue
363 3722 463 3781 parfois
480 3721 494 3766 a
507 3721 554 3766 des
567 3718 769 3764 trcrnblcments
782 3719 814 3764 de
829 3722 905 3772 terre,
920 3720 935 3765 el
948 3721 994 3766 des
1011 3719 1132 3780 eclipses,
1153 3721 1169 3766 d
1184 3721 1232 3767 des

232 3797 333 3842 onages.
348 3795 382 3826 ou
398 3782 411 3826 u
424 3781 470 3826 des
483 3781 544 3824 faits
556 3777 724 3824 absolument
735 3778 921 3838 insignibants.

653 3943 687 3953 -
706 3916 756 3966 aaa
