2718 4246
387 101 661 163 141.Disc‘0urs
678 97 860 154 deJnlien
874 98 1055 153 mourant.
1094 133 1095 140 Ι
1136 157 1139 167 Α

510 193 623 256 (Juliani
635 193 775 242 morientis
786 192 892 256 oratio.)

162 305 201 369 2⁰
256 329 272 361 ((
288 307 424 367 Advenit
434 309 456 380 *,
472 329 490 367 o
506 308 591 380 socii,
610 329 691 367 nunc
705 308 836 367 abeundi
853 316 972 387 tempus
988 329 1004 366 e
1018 306 1082 364 vita
1101 307 1225 384 impen-

199 400 268 460 ,dio
297 405 528 482 tempestivum,
559 405 854 484 quam-reposcenti
880 412 1008 474 naturae,
1035 409 1070 461 ut
1097 401 1226 458 debitor

217 497 305 571 bonae
319 499 399 570 fidei,
419 500 596 559 redditurus
609 500 757 559 exsulto*.
772 501 835 558 Nec
848 521 896 558 me
911 506 1067 576 gestorum
1079 496 1221 576 paenitet,

215 601 270 661 aut
285 597 386 672 gravis
401 597 507 674 flagitii
526 597 697 656 recordatio
711 597 845 674 stringit,
867 596 915 655 vel
930 616 1002 654 cum
1026 595 1057 653 in
1080 591 1222 652 umbram

217 699 246 748 et
259 693 387 768 angulos
403 693 613 766 amandarer*,
633 693 681 751 vel
699 701 770 774 post
789 693 997 774 principatum
1016 699 1194 770 susceptum
1213 709 1220 750 :

216 808 306 866 quern
324 797 479 870 tamquam
496 811 512 849 a
527 793 711 868 cognatione
726 791 881 850 caelitum*
898 789 1095 858 defluentem,
1113 787 1223 844 imma-

217 883 364 959 culatum,
388 895 421 945 ut
439 888 593 958 existima,
620 886 813 957 conservavi,
847 894 876 944 et
907 885 1009 945 civilia
1031 883 1222 942 moderatius

216 1001 335 1058 regens,
353 990 384 1042 et
392 985 571 1043 examinatis
587 985 756 1043 rationibus
770 983 847 1041 bella
859 983 993 1042 inferens
1004 990 1036 1040 et
1047 981 1197 1060 repellens
1211 1025 1219 1052 ,

217 1080 338 1136 tametsi
368 1083 567 1160 prosperitas
585 1083 676 1141 simul
703 1081 885 1160 utilitasque
914 1078 1128 1138 consultorum
1156 1097 1222 1136 non

209 1164 331 1253 'ubique
360 1179 558 1250 concordent,
581 1179 726 1258 quoniam
753 1186 926 1256 coeptorum
949 1177 1078 1254 eventus
1098 1195 1219 1254 superae

217 1270 274 1329 sibi
303 1273 464 1333 vindicant
487 1277 688 1354 potestates.*.
719 1275 879 1354 Reputans
913 1282 1014 1332 autem
1045 1271 1122 1352 justi
1154 1291 1221 1329 esse

217 1367 308 1426 finem
336 1370 456 1450 imperii
486 1372 918 1432 obedientiumcommoclum
947 1377 977 1428 et
1006 1369 1147 1436 salutem,
1180 1367 1220 1426 ad

217 1467 430 1545 tranquilliora
446 1490 576 1548 semper,
595 1477 629 1527 ut
640 1470 747 1538 nostis,
766 1467 971 1549 propensior*
992 1466 1045 1537 lui,
1063 1465 1220 1524 licentiam

218 1581 340 1620 omnem
352 1566 470 1624 actibus
486 1568 561 1625 meis
582 1567 798 1642 exterminans,
823 1585 923 1623 rerum
946 1564 1168 1643 corruptricem
1189 1570 1222 1634 et

218 1679 360 1721 morum:
383 1663 591 1742 gaudensque,
611 1663 688 1722 adeo
704 1663 813 1733 sciens,
836 1661 930 1740 quod,
947 1657 1133 1738 ubicumque
1156 1679 1217 1732 me,

219 1756 303 1814 velut
325 1757 488 1838 imperiosa
508 1781 629 1840 parens,
647 1759 847 1818 consideratis
874 1757 1017 1838 perieulis
1038 1757 1152 1836 objecit
1171 1778 1220 1816 res

218 1852 352 1930 publica,
370 1857 441 1915 steti
455 1857 611 1926 fundatus,
625 1857 763 1916 turbines
778 1855 894 1914 calcare
908 1855 1105 1913 fortuitorum
1118 1874 1221 1912 assuc-

217 1949 347 2009 lactus*.
371 1953 505 2033 Ideoque
527 1954 746 2033 sempiternum
773 1973 903 2010 veneror
927 1972 1051 2023 numen,
1080 1950 1163 2028 quod
1186 1951 1219 2010 in

219 2047 320 2105 medio
336 2070 426 2108 cursu
441 2051 640 2109 florentium*
663 2050 829 2127 gloriarum
843 2048 928 2107 hunc
946 2048 1044 2106 merui
1066 2047 1182 2106 clarum
1202 2069 1219 2106 e

219 2145 335 2202 mundo
350 2146 532 2224 digressum.
547 2149 650 2227 AEquo
671 2147 752 2206 enim
772 2146 890 2226 judicio
908 2146 998 2225 juxta
1021 2145 1146 2202 timidus
1173 2153 1219 2204 est

219 2246 250 2298 et
266 2242 404 2318 ignavuS,
420 2244 472 2323 qui
488 2264 557 2303 cum
579 2265 640 2302 non
656 2250 790 2323 oportet,
814 2243 892 2301 mori
916 2241 1080 2315 desiderat,
1111 2249 1142 2300 et
1165 2243 1219 2320 qui

218 2337 361 2415 refugiat,
379 2361 449 2398 curn
465 2343 505 2400 sit
517 2348 726 2421 opportunum
738 2343 760 2398 *.
788 2365 800 2394 a
1143 2345 1144 2350 ’

250 2499 291 2548 N⁰
307 2501 368 2550 141
383 2516 389 2549 t
403 2500 554 2552 Advenit.
568 2521 579 2544 (ι
591 2501 635 2552 La,
645 2503 717 2548 mort
734 2499 798 2562 (363)
811 2501 844 2547 de
858 2499 957 2560 Julien,
976 2499 1019 2547 dit
1036 2497 1132 2560 Duruy
1148 2498 1217 2560 (VII,

219 2561 283 2624 386),
296 2562 338 2609 fut
349 2563 415 2609 celle
426 2563 488 2609 d'un
505 2576 574 2624 sage.
593 2561 698 2624 Soyons
709 2561 814 2609 se'veres
829 2563 844 2608 a
861 2561 958 2622 l'e'gard
976 2562 1012 2608 du
1028 2561 1159 2622 politique
1172 2561 1217 2620 qui

219 2623 260 2669 fut
270 2639 305 2670 un
319 2625 439 2672 sectaire.
453 2624 561 2671 Comme
574 2625 592 2670 il
603 2625 733 2671 marchait
745 2638 779 2670 au
792 2623 903 2670 rebours
913 2623 950 2669 du
958 2624 1055 2670 monde
1076 2623 1094 2670 il
1105 2622 1197 2670 tomba
1211 2637 1217 2669 z

219 2683 309 2732 c'etait
327 2684 479 2734 inevitable.
501 2685 570 2732 blais
592 2686 720 2733 l'histoire
740 2699 798 2732 sera
815 2685 945 2731 cle'mente
964 2699 1033 2745 pour
1050 2661 1182 2743 llhomme,
1203 2685 1217 2730 a

218 2760 298 2794 cause
309 2747 342 2793 de
353 2762 395 2794 :ses
408 2751 527 2796 vertus».
546 2748 620 2795 Nous
637 2762 734 2794 savons
761 2747 838 2808 qu'en
858 2750 991 2808 mourant,
1009 2746 1219 2810 Julienss'entre-

220 2808 271 2854 tint
281 2823 346 2855 avec
359 2823 400 2856 ses
420 2810 489 2856 deux
504 2809 675 2871 philosophcs
693 2809 825 2856 Maximus
847 2811 874 2856 et
887 2807 996 2869 Crispus
1018 2809 1064 2855 des
1083 2807 1216 2855 destinees

218 2869 391 2917 immortelles
402 2871 434 2918 de
446 2872 522 2918 l'ame
533 2871 581 2980 qdf.
593 2871 678 2918 Caton
692 2875 719 2918 et
732 2869 871 2932 seneque).
884 2897 914 2905 -
933 2871 1079 2919 Exsulto.
1094 2869 1216 2928 Allusion

219 2931 342 2978 evidente
355 2947 407 2978 aux
417 2947 478 2980 vers
491 2933 523 2979 de
561 2933 655 2980 ucrece
673 2948 717 2979 sur
730 2933 756 2979 la
771 2934 849 2990 mort,
869 2932 915 2991 Ill,
928 2936 1040 2979 950-960.
1054 2959 1085 2966 —
1097 2932 1217 2980 Aman-

219 2993 325 3042 darer.
340 2994 377 3040 En
392 2993 485 3052 Gaule,
503 2995 537 3041 ob
550 2994 570 3042 il
585 2995 627 3041 fut
645 2994 749 3056 envoyd
768 3009 817 3054 par
832 2993 990 3053 l’empereur
1011 2993 1168 3041 Constance.
1186 3019 1217 3027 -

218 3054 376 3105 Caelitum.
390 3056 479 3103 Julien
491 3055 557 3102 erait
569 3057 601 3102 de
612 3057 697 3102 meme
710 3055 840 3117 persuade'
873 3055 976 3116 u'aprcs
990 3069 1018 3102 sa
1029 3059 1099 3102 rnort
1112 3055 1130 3102 il
1142 3054 1216 3102 allait

217 3121 353 3164 remonter
369 3132 402 3164 au
420 3118 479 3178 ciel,
500 3117 572 3164 caelo
583 3117 774 3180 sideribusque
787 3070 960 3165 conciliatum
973 3116 1070 3178 (Amm.
1087 3116 1214 3177 Marcell,

218 3177 300 3239 XXV,
314 3180 346 3240 3).
358 3206 388 3213 -
401 3180 595 3229 Potestates.
604 3179 861 3238 Julien‚enstoi'cien
872 3179 1029 3238 convaincu,
1044 3180 1111 3226 croit
1125 3180 1140 3225 a
1154 3179 1216 3226 l'ac-
1337 3225 1339 3236 ,

217 3242 274 3287 tion
287 3243 319 3288 de
332 3243 356 3288 la
370 3241 534 3288 Providence
547 3255 593 3287 sur
603 3241 628 3288 le
641 3242 738 3288 monde
751 3239 953 3303 (sempiternum
964 3239 1120 3301 numen).—
1138 3241 1215 3289 Pro·
1243 3261 1245 3266 ·
1338 3241 1339 3252 ³

217 3303 365 3364 pensior:
386 3303 447 3349 saus
462 3303 528 3349 dans
544 3317 573 3350 sa
593 3303 671 3350 haine
688 3305 780 3349 contre
793 3303 831 3350 les
845 3301 986 3350 chre'tiens.
1000 3329 1030 3336 -
1042 3301 1217 3351 Assuefac-

217 3366 279 3413 tus.
293 3364 331 3413 Cr.
344 3366 381 3410 les
394 3380 454 3412 vers
467 3365 599 3412 d'Horace
613 3363 681 3426 (Od,
693 3363 739 3424 111,
752 3364 789 3425 3):
801 3363 909 3412 lustum
920 3364 944 3410 et
956 3364 1073 3410 tenacem
1103 3361 1216 3424 repositi

217 3424 315 3474 virunr.
337 3453 366 3460 —
379 3425 588 3475 Florentium.
602 3426 690 3473 Julien
706 3428 814 3472 mourut
834 3426 984 3472 victorieux
999 3425 1012 3471 a
1029 3425 1054 3470 la
1076 3377 1111 3471 dir
1135 3425 1167 3470 de
1186 3439 1215 3471 sa

217 3501 361 3558 campagne
376 3491 468 3534 contre
479 3489 516 3534 les
534 3487 637 3548 Perses,
651 3488 685 3534 ou
700 3487 719 3534 il
731 3487 845 3549 deploya
862 3486 900 3534 les
922 3486 1035 3548 qualites
1052 3486 1112 3557 d'un
1132 3486 1214 3546 grand

217 3555 403 3658 {attalaia
416 3549 649 3669 trttttttlb
666 3548 1012 3674 laetarentur?
1022 3547 1214 3672 «slebllljssbll

217 3672 320 3780 quitter
341 3673 365 3718 la
382 3672 432 3731 oie,
455 3672 524 3718 ainsi
547 3687 599 3734 que
618 3626 704 3719 l’olioe
725 3674 800 3720 mure
822 3672 870 3735 qui
888 3670 975 3718 tomba
990 3686 1022 3718 en
1037 3669 1173 3717 benissent
1190 3669 1215 3718 ta

228 3749 296 3794 erre,
308 3749 337 3782 sa
348 3733 481 3793 nourriee,
496 3735 520 3781 et
534 3748 566 3780 en
580 3734 694 3782 rendant
705 3735 826 3797 praeerat
841 3733 938 3780 l'arbre
954 3733 1002 3796 qui
1016 3733 1048 3780 l’a
1057 3731 1182 3795 portr'e.»

637 3859 792 3909 -142-
