2696 4244
379 167 460 224 153.
480 168 700 238 corruption
715 169 759 224 cle
774 168 813 224 la
829 163 966 224 societte
982 165 1145 222 romaine

636 268 683 312 au
698 257 741 314 V⁶
756 255 878 312 siecle.

390 368 438 433 (De
448 370 577 433 corrupto
590 368 654 418 orbe
667 369 784 417 Romano
793 369 855 433 poet
866 369 891 418 Ι.
906 369 969 418 Chr.
980 367 1079 419 saecuto
1094 365 1134 431 V.)

205 541 246 604 4⁹
302 537 386 598 Inter
399 539 465 598 haec
479 548 641 599 vastantur
658 561 819 621 pauperes,
845 539 948 598 viduae
967 545 1105 618 gemunt,
1132 536 1263 616 orphani

261 635 491 715 proculcantur,
506 637 537 695 in
553 645 674 696 lantum
695 647 730 696 ut
751 638 839 696 multi
864 657 969 695 eorum
993 643 1023 694 et
1044 656 1106 694 non
1124 635 1264 693 obscuris

262 733 416 792 natalibus
432 734 506 792 editi
533 741 563 792 et
580 734 746 793 liberaliter
766 734 900 793 instituti
925 734 962 792 ad
984 732 1088 791 hostes
1108 732 1263 808 lugiant*‚
1325 745 1326 748 ’

262 847 300 886 ne
315 830 538 907 persecutionis
552 831 682 909 publicae
697 831 863 890 alllictione
878 831 1052 889 moriantur
1067 848 1073 889 :
1091 836 1265 907 quaerentes
1325 829 1326 846 ²

262 925 380 984 scilicet
390 925 471 1006 apud
488 926 633 986 barbaros
647 928 817 987 Romanam
829 926 1052 986 humanitatem
1063 927 1085 997 *‚
1099 925 1170 1004 quia
1181 925 1266 1003 apud

263 1021 419 1082 Romanos
447 1023 608 1082 barbaram
640 1024 897 1083 inhumanitatem
929 1024 1007 1082 ferre
1036 1043 1097 1081 non
1119 1029 1264 1102 possunt.

264 1117 387 1177 Malunt
399 1120 480 1178 enim
501 1121 557 1178 sub
579 1122 680 1200 specie
704 1121 894 1201 captivitatis
917 1121 1020 1179 vivere
1050 1120 1149 1191 liberi,
1171 1140 1267 1199 quam

263 1215 320 1274 sub
334 1217 434 1295 specie
457 1217 607 1277 libertatis
632 1239 697 1277 esse
720 1218 845 1298 captivi.
870 1219 978 1298 ltaque
1000 1238 1109 1276 nomen
1132 1217 1269 1275 civium*
1326 1243 1327 1266 i

265 1312 474 1373 Romanorum
492 1315 657 1396 aliquando
680 1336 741 1374 non
757 1315 855 1374 solum
870 1335 981 1392 magno
997 1315 1194 1386 aestimatum,
1212 1314 1268 1371 sed
1326 1301 1327 1360 l

263 1429 376 1486 magno
392 1417 540 1489 emptum,
552 1432 635 1470 nunc
648 1412 730 1471 ultro
745 1412 926 1492 repudiatur
936 1432 971 1470 ao
986 1412 1118 1489 fugitum
1136 1430 1191 1468 neo
1203 1411 1269 1469 vile

263 1513 395 1580 tantum,
413 1507 467 1565 sed
481 1509 572 1567 etiam
587 1509 812 1568 abominabile*
832 1530 928 1588 paene
951 1509 1090 1567 habetur.
1120 1509 1158 1566 Et
1181 1509 1269 1588 quod

264 1623 330 1661 csse
346 1604 444 1683 majus
458 1606 667 1665 testimonium
687 1605 836 1665 Romanae
859 1606 1047 1686 iniquitatis*
1063 1613 1269 1685 potestquam
1327 1661 1328 1680 ἶ

264 1700 346 1779 quod
366 1701 503 1782 plerique
519 1711 550 1761 et
568 1702 690 1762 honesti
711 1711 742 1761 et
766 1703 893 1772 nobiles
917 1711 947 1762 et
966 1702 1078 1783 quibus
1105 1701 1271 1760 Romanus
1327 1685 1328 1734 l

264 1804 363 1856 status
376 1819 496 1857 summo
509 1806 540 1858 et
556 1799 710 1879 splendori
726 1821 791 1858 esse
816 1800 923 1858 debuit
951 1807 982 1857 et
1002 1799 1123 1870 honori,
1147 1797 1185 1856 ad
1207 1798 1271 1858 hoe

263 1902 366 1952 tamen
389 1893 537 1954 Romanae
562 1897 735 1976 iniquitatis
762 1897 944 1957 crudelitate
968 1896 1119 1975 compulsi
1139 1904 1211 1954 sunt
1234 1904 1272 1955 ut

264 1991 364 2050 nolint
375 2012 440 2050 esse
454 1992 606 2052 Romani?
623 1995 661 2052 Et
673 1994 744 2053 hinc
757 2003 804 2053 est
818 1994 900 2073 quod
916 1993 1007 2052 etiam
1018 1993 1050 2050 hi
1074 1994 1126 2072 qui
1140 1993 1178 2052 ad
1199 1993 1271 2052 bar-

263 2088 354 2147 baros
369 2110 428 2147 non
445 2091 639 2169 confugiunt,
657 2091 776 2150 barbari
799 2100 901 2150 tamen
915 2112 980 2150 esse
999 2099 1152 2168 coguntur
1167 2110 1174 2150 :
1187 2092 1272 2150 scili·
1328 2131 1329 2134 =

265 2186 337 2244 licet
371 2194 406 2244 ut
431 2195 478 2246 est
503 2208 572 2266 pars
597 2209 707 2265 magna
729 2189 967 2267 Hispanorum*‚
996 2195 1026 2246 et
1054 2209 1115 2245 non
1140 2189 1271 2249 minima

265 2282 456 2355 Gallorum*,
475 2305 580 2343 omnes
594 2285 726 2364 denique
742 2305 819 2364 quos
833 2305 886 2364 per
897 2285 1075 2343 universum
1091 2284 1271 2345 Romanum

265 2380 370 2438 orbem
388 2380 462 2439 feoit
486 2381 625 2441 Romana
648 2382 794 2460 iniquitas
812 2382 877 2461 jam
899 2401 961 2440 non
987 2383 1073 2440 esse*
1095 2381 1268 2442 Romanos.

295 2575 337 2624 Νο
362 2575 426 2627 153
448 2591 454 2624 :
479 2574 632 2638 rugiant.
657 2575 731 2624 Dans
755 2591 804 2624 son
825 2575 903 2624 truite
928 2576 959 2624 de
985 2574 1184 2638 qubernatione
1208 2575 1271 2636 Dei,

266 2636 479 2699 Salvien,prttre
492 2639 524 2686 de
538 2638 669 2686 Marseille
683 2638 728 2700 (fin
741 2639 777 2685 du
787 2647 815 2684 v·
826 2638 924 2700 siecle),
937 2652 965 2686 se
977 2640 1073 2685 trouve
1085 2637 1178 2685 ament
1189 2639 1272 2698 ajus-

265 2699 336 2746 tifier
352 2699 376 2746 la
396 2699 559 2747 Providence
583 2701 630 2746 des
649 2700 832 2748 devastations
852 2701 993 2746 commises
1012 2714 1061 2760 par
1079 2699 1118 2745 les
1128 2699 1270 2749 barbares.

267 2761 338 2808 Pour
355 2762 420 2818 cela,
434 2762 451 2808 il
465 2764 569 2808 montre
578 2776 629 2822 que
641 2762 680 2808 les
692 2763 805 2823 grandes
816 2762 952 2808 invasione
966 2765 1028 2808 sont
1036 2761 1060 2807 le
1073 2761 1222 2809 chatiment
1235 2764 1273 2810 de

266 2824 290 2870 la
303 2823 460 2884 corruption
473 2823 600 2880 romaine‚
615 2827 642 2870 et
653 2823 671 2868 il
684 2825 759 2884 peint
776 2838 841 2870 avec
862 2823 964 2870 l'ironie
982 2822 1105 2894 indignee
1123 2821 1185 2869 d'un
1206 2823 1273 2871 'l'er-

266 2886 359 2932 tullien
370 2889 398 2932 et
408 2883 469 2931 d'un
482 2885 595 2932 Juvenal
606 2885 644 2931 les
656 2899 756 2933 moeurs
769 2887 802 2932 de
815 2900 857 2932 ses
867 2889 1092 2946 contemporarns.
1106 2884 1126 2936 ll
1139 2899 1173 2932 va
1182 2887 1273 2934 meme

263 2946 516 3069 littttttl‘t
534 2947 997 3056 ttebttthzlttttthatelh
1013 2961 1056 3055 153
1059 2948 1274 3071 thath?

265 3023 512 3131 l’opiniongde’lllmo
537 3071 569 3116 de
592 3069 673 3128 stam,
698 3071 731 3117 de
755 3070 860 3129 Guizot‚
882 3071 915 3117 de
935 3023 1029 3129 Illittrt,
1057 3071 1089 3116 de
1113 3070 1217 3132 Zeller).
1239 3048 1273 3110 υ.

266 3132 450 3182 Romanam
463 3131 778 3193 humanltatem1jeu
797 3133 830 3179 de
849 3136 919 3178 mots
937 3146 1010 3178 assez
1025 3132 1094 3178 froid
1112 3146 1144 3178 en
1161 3135 1273 3193 opposi-

266 3193 322 3240 tion
334 3208 398 3239 avec
410 3192 554 3240 barbaram
572 3193 802 3240 inhumanitatem.
819 3220 845 3229 -
859 3191 995 3243 Civium.
1006 3193 1072 3240 Voir
1084 3208 1118 3240 au
1126 3193 1234 3255 texique
1245 3195 1273 3243 le

266 3258 323 3302 mot
342 3255 444 3301 civitas.
462 3281 491 3290 -·
511 3253 748 3309 Abominabile,
767 3255 939 3316 ne'ologisme
959 3281 988 3290 -
1007 3253 1208 3316 Iniquitatis,
1235 3271 1271 3304 au

266 3331 326 3364 sens
337 3316 546 3377 ecclesiastique.
558 3343 588 3352 -
601 3315 661 3367 His
686 3329 823 3366 anorum
837 3317 966 3364 :allusion
978 3317 993 3363 a
1003 3316 1027 3363 la
1041 3317 1207 3364 domination
1221 3319 1274 3366 des

267 3377 405 3439 Visigoths
418 3393 449 3424 en
464 3378 594 3438 Espagne.
613 3406 642 3413 -
684 3379 833 3435 allorum,
852 3379 966 3425 allusion
989 3393 1040 3425 aux
1056 3379 1156 3425 Francs
1175 3380 1221 3440 qui
1241 3395 1273 3428 se

266 3444 328 3487 sont.
341 3440 436 3487 ttablis
450 3455 482 3486 en
495 3439 585 3487 Gaule.
602 3467 631 3476 -
642 3439 734 3489 Fecit
751 3453 814 3489 non
833 3452 905 3489 esse
919 3454 924 3487 :
942 3442 1071 3486 tournure
1089 3441 1121 3486 de
1133 3440 1159 3486 la
1171 3439 1274 3500 langue

266 3501 440 3563 posterieure.
455 3502 581 3548 Combien
594 3501 700 3549 Salvien
716 3505 757 3549 est
773 3503 833 3562 plus
851 3502 902 3547 dur
918 3516 969 3563 que
986 3502 1057 3548 saint
1073 3500 1192 3548 Jertrme!
1206 3503 1274 3551 Cela

266 3567 369 3624 permet
381 3565 414 3610 de
427 3579 546 3610 niesurer
558 3565 582 3610 la
595 3563 737 3610 dillerence
749 3565 781 3609 de
794 3577 838 3609 ces
846 3563 916 3610 deux
928 3563 1026 3624 esprits
1039 3577 1073 3610 au
1085 3564 1161 3624 point
1174 3563 1208 3611 de
1216 3579 1275 3612 vue

265 3627 298 3672 de
313 3624 501 3672 l'humanitasl
519 3625 594 3672 Saint
613 3625 719 3672 Jerome
742 3625 832 3685 pleure
853 3639 898 3671 sur
922 3625 1015 3685 Rome,
1034 3639 1184 3686 parceque
1203 3627 1275 3674 c'est.

266 3687 380 3748 quelque
391 3687 471 3734 chose
484 3687 517 3734 de
530 3687 613 3748 grand
627 3687 671 3748 qui
684 3701 717 3733 va
733 3687 901 3748 disparattre.
916 3685 1024 3733 Salvien
1041 3685 1180 3748 s'indigne,
1194 3701 1276 3734 mau-

265 3749 306 3796 dit
319 3752 346 3795 et
358 3748 471 3795 cherche
483 3749 508 3795 le
517 3749 586 3795 salut
599 3749 665 3795 dans
674 3762 709 3794 un
725 3749 821 3795 monde
833 3762 963 3795 nouveau.
993 3791 994 3796 ,

688 3933 845 3986 -154-
