2698 4234
224 139 309 199 361.
328 145 383 199 La
399 147 508 202 vertu
530 159 622 203 sans
639 148 800 292 lffirgent
827 149 922 204 n'est
946 150 1055 217 qu’un
1076 147 1217 202 meuble

689 235 791 291 uttle.

477 326 584 392 (Virtus
593 329 651 377 siue
661 345 741 378 censu
752 346 819 378 nana
831 330 972 394 supellex.)

169 454 211 520 2⁸
303 459 460 526 Quantum
475 461 605 540 quisque
620 483 674 520 sua
689 483 885 521 nummorum
899 469 1000 522 servat
1013 464 1044 522 in
1059 482 1137 528 arca.

303 556 436 614 Tantum
451 557 544 616 habet
557 566 589 616 et
598 557 681 618 fidei.
695 559 713 617 J
718 580 786 617 ures
799 559 870 618 licet
884 569 914 618 et
930 559 1162 619 Samothracum
1171 561 1183 584 *

304 652 344 710 Et
357 660 532 713 nostrorum
547 675 624 728 aras,
645 665 841 716 contemnere
855 656 984 714 fulmina
1000 676 1116 735 pauper

305 747 461 823 Creditur,
479 757 572 831 atque
586 752 671 824 deos,
686 753 734 810 dis
746 753 977 832 ignoscentibus
987 753 1071 832 ipsis,

304 844 384 911 Quid
398 846 480 925 quod
495 849 655 912 materiam
669 850 787 929 praebet
803 869 971 928 causasque
980 849 1123 930 jocorum

304 941 454 1001 Omnibus
469 944 520 1003 hic
532 944 645 1018 idem',
658 947 683 1004 si
700 945 781 1004 soeda
797 955 829 1005 et
841 947 935 1006 scissa
947 946 1079 1011 lacerna.

304 1039 336 1096 Si
351 1045 422 1117 toga
440 1041 596 1101 sordidula
611 1049 669 1117 est,
686 1050 718 1101 et
735 1052 824 1121 rupta
838 1043 957 1102 calceus
969 1043 1047 1102 alter

306 1135 387 1195 Pelle
400 1144 496 1215 patet,
512 1139 562 1197 vel
575 1139 599 1198 si
612 1148 742 1198 consuto
761 1139 887 1198 vulnere
902 1158 1039 1199 crassum

219 1277 222 1282 -
285 1235 406 1312 ,Atque
421 1253 526 1293 recens
539 1235 636 1294 linum
651 1235 786 1295 ostendit
797 1256 858 1295 non
870 1237 946 1294 una*
961 1235 1113 1296 cicatrix?

305 1329 355 1387 Nil
366 1329 459 1390 habet
472 1332 579 1390 infelix
591 1341 756 1412 paupertas
771 1332 877 1391 durius
895 1334 926 1392 in
939 1353 982 1407 se,

304 1426 402 1493 Quam
419 1428 682 1508 quodridiculos*
697 1429 836 1489 homines
857 1430 942 1489 lacit.
964 1431 1070 1502 Exeat,
1091 1428 1219 1507 inquit',

304 1524 336 1582 Si
351 1525 452 1604 pudor
465 1533 522 1600 est,
538 1534 569 1585 et
583 1526 621 1585 de
634 1526 764 1606 pulvino
779 1534 885 1606 surgat
897 1526 1043 1608 equestri,

304 1620 401 1701 Cujus
413 1643 462 1680 res
477 1622 535 1701 legi
544 1623 554 1644 '
564 1644 627 1681 non
639 1625 762 1696 sussicit,
778 1625 945 1683 etsedeant
957 1624 1007 1682 hic

306 1715 462 1797 Pinnirapi
474 1721 486 1744 ¹
502 1720 576 1778 culti
591 1721 722 1800 juvenes
737 1721 931 1800 juvenesque
944 1721 1062 1780 lanistae
1071 1718 1094 1778 *.

305 1814 354 1872 Sic
367 1813 488 1874 libitum
501 1837 592 1886 vano,
612 1819 665 1896 qui
682 1838 737 1876 nos
753 1818 906 1890 distinxit,
923 1816 1049 1877 Othoni.

307 1910 381 1976 Quis
397 1931 491 1988 gener
505 1913 555 1972 hio
568 1914 684 1992 placuit
702 1933 796 1973 censu
807 1915 918 1984 minor,
935 1921 1027 1992 atque
1042 1911 1151 1992 puellae

306 2007 473 2067 Sarcinulis
487 2011 610 2090 impar‘.l
623 2011 693 2090 quis
709 2031 826 2091 pauper
838 2010 983 2072 scribitur
994 2009 1102 2079 heresl

304 2103 433 2170 Quando
448 2106 478 2164 iu
492 2107 622 2166 consiliu
638 2115 685 2167 est
699 2107 865 2167 aedilibus?
880 2107 1010 2184 Agmine
1026 2106 1107 2169 tacto

307 2200 483 2261 Debuerant
497 2202 571 2262 olim
586 2212 693 2264 tenues
709 2206 855 2281 migrasse
871 2204 1014 2271 Quirites.

306 2297 397 2356 Haud
414 2298 502 2358 facile
513 2307 683 2379 emergunt,
701 2321 834 2381 quorum
847 2300 1013 2361 virtutibus
1027 2298 1129 2358 obstat

305 2393 366 2454 Res
383 2404 512 2472 angusta
528 2397 622 2458 domi.

256 2518 297 2566 Νο
309 2517 373 2569 361
390 2532 395 2566 :
410 2518 668 2569 samothracum.
688 2521 737 2568 Les
754 2536 779 2568 m
801 2521 886 2568 steres
900 2521 932 2567 de
950 2519 1122 2566 Samothrace
1148 2517 1182 2563 tle
1194 2517 1229 2564 de

224 2579 250 2626 la
262 2593 319 2626 mer
331 2579 408 2640 Egee,
422 2595 475 2626 non
487 2582 540 2627 loin
554 2581 586 2627 de
602 2583 626 2628 la
644 2583 704 2628 cote
721 2583 754 2630 de
795 2584 882 2640 hracet
899 2581 1000 2629 etaient
1018 2581 1087 2627 aussi
1107 2579 1226 2648 celebres

244 2655 277 2688 ue
289 2655 356 2688 ceux
369 2641 506 2688 d'Eleusis.
520 2642 560 2688 On
573 2657 591 2702 y
604 2645 707 2690 adorait
717 2645 754 2692 les
767 2645 845 2691 dieux
859 2644 967 2691 Cabires
999 2657 1030 2688 ue
1043 2641 1095 2688 l'on
1107 2655 1122 2688 a
1134 2641 1225 2686 identi-

225 2655 273 2749 iies
289 2703 304 2749 d
322 2702 410 2761 Ce'res,
436 2703 602 2764 Proserpine,
622 2705 718 2752 Pluton
735 2711 762 2753 et
781 2706 903 2753 ltlercure
920 2706 986 2766 (Dec
1007 2717 1088 2762 arme,
1114 2701 1139 2748 M
1159 2701 1224 2748 thel.

225 2777 252 2824 p.
267 2764 330 2824 253).
344 2791 374 2799 -
387 2764 448 2813 Hic
461 2765 547 2814 idem
560 2785 590 2808 =
599 2780 712 2836 pauper.
726 2794 755 2802 -
767 2768 839 2817 Non
853 2780 919 2817 una
931 2786 961 2809 =
974 2765 1066 2812 multa.
1085 2790 1115 2799 -
1168 2761 1228 2838 'dij

227 2826 318 2875 culos
338 2825 429 2875 facit.
452 2825 584 2887 Toujonrs
604 2842 670 2887 vrar,
696 2830 762 2875 mais
784 2830 840 2876 vrai
859 2832 966 2876 surtout
986 2827 1052 2874 dans
1076 2825 1100 2873 la
1126 2823 1228 2872 societe

226 2887 345 2948 antique,
371 2888 392 2933 si
412 2888 476 2933 dure
488 2902 540 2934 aux
553 2903 674 2949 pauvres.
686 2889 799 2937 Juvenal
810 2891 833 2937 le
847 2890 1001 2937 savaitbieu
1014 2889 1050 2935 lui
1059 2889 1113 2948 qui,
1123 2900 1228 2934 comme

226 2947 333 2995 Martial
345 2952 372 2996 et
385 2948 472 3006 Stace,
505 2964 564 2996 assa
577 2965 605 2996 sa
619 2952 660 2998 vie
673 2953 739 2998 (lans
758 2953 796 2998 les
812 2952 1009 2998 autichambres
1026 2951 1073 2997 des
1088 2949 1193 3010 grands,
1212 2947 1229 2993 rt

226 3011 319 3056 tendre
333 3010 357 3056 la
370 3010 440 3055 main
454 3011 471 3070 (r
493 3012 578 3070 artial,
593 3011 703 3068 Xll,1tt‚
723 3013 782 3074 1-6).
801 3040 830 3048 -
847 3012 978 3074 Inquit:
998 3012 1063 3059 c'est
1079 3026 1114 3057 nn
1134 3010 1229 3057 cheva-

229 3071 280 3117 lier
292 3071 337 3131 qni
350 3071 423 3131 purle
441 3071 456 3118 (1
477 3087 512 3118 un
530 3087 630 3133 pauvre
647 3075 734 3121 diable
752 3075 883 3137 sourvoye
901 3090 950 3136 par
965 3074 1088 3134 megarde
1106 3073 1171 3118 dans
1188 3071 1228 3117 les

227 3135 352 3193 quaterue
370 3133 498 3194 premiers
513 3136 627 3196 gradins,
642 3135 761 3183 re'serve's
774 3151 825 3183 aux
841 3137 989 3184 chevaliers
1006 3137 1033 3182 et
1052 3149 1103 3181 aux
1122 3133 1228 3180 trihuus

227 3193 263 3239 du
277 3195 371 3240 tresor.
385 3220 415 3228 -
428 3193 516 3256 Legi.
535 3197 605 3244 C'est
617 3198 641 3243 la
663 3198 704 3243 teu
721 3197 860 3250 Roscia,du
877 3198 967 3245 tribon
986 3197 1013 3243 L.
1033 3195 1145 3243 Roscius
1156 3193 1227 3241 Otho

227 3255 266 3314 (61
280 3268 321 3300 av.
334 3255 358 3303 J.
373 3254 422 3317 O),
436 3257 481 3316 qui
500 3256 549 3305 lixa
565 3259 589 3305 le
606 3273 668 3305 cens
681 3260 714 3304 de
727 3259 873 3306 chevaliers
891 3260 906 3306 d
923 3263 1023 3306 loouoo
1041 3261 1179 3315 sesterces,
1200 3257 1229 3302 et

227 3316 286 3363 leur
297 3316 402 3364 reserva
416 3318 454 3364 les
468 3321 495 3364 tl
510 3321 636 3379 premiers
653 3321 759 3381 gradins
773 3321 861 3382 places
879 3321 995 3368 derri'cre
1013 3321 1037 3366 le
1053 3318 1165 3381 podium
1181 3317 1228 3380 (ou

227 3377 327 3426 etaient
339 3379 362 3426 la
375 3378 475 3426 lamille
487 3380 631 3441 impe'riale,
645 3382 683 3428 les
695 3384 818 3442 vestales,
839 3384 877 3430 les
890 3384 1042 3444 magistrats
1055 3379 1181 3451 curules).
1198 3405 1229 3414 -

227 3438 398 3502 Pinnlrapi
412 3441 474 3502 (rac.
484 3441 577 3503 pinna,
589 3443 683 3504 rapio),
697 3444 844 3504 gladiatenr
861 3446 948 3491 donne
966 3458 1033 3505 pour
1049 3441 1229 3489 adversarrea

227 3515 263 3547 un
276 3500 393 3550 Samnite
406 3517 439 3549 ou
451 3503 465 3549 d
479 3518 513 3549 un
526 3502 637 3560 Thrace,
652 3506 696 3565 qui
712 3508 773 3552 tous
790 3507 859 3552 deux
881 3507 1016 3567 portaicnt
1031 3505 1078 3550 des
1096 3502 1229 3564 plumesd

227 3561 285 3608 leur
303 3577 408 3625 casque.
429 3590 458 3598 -
476 3563 634 3617 Lanistae
649 3567 700 3614 :ils
717 3569 867 3623 exercaient
889 3569 926 3614 lcs
944 3567 1105 3627 gladiateurs
1121 3565 1137 3610 (1
1153 3578 1229 3610 com·

228 3623 317 3670 battre
330 3628 357 3670 et
368 3625 426 3672 leur
437 3626 618 3686 enseignaieut
634 3629 692 3673 leur
704 3631 745 3675 art
762 3629 827 3675 dans
844 3631 891 3674 des
910 3628 968 3676 ludi
985 3629 1163 3689 appartcnant
1175 3639 1229 3671 aux

227 3696 391 3732 communes.
424 3686 459 3733 lls
491 3686 591 3734 e'taient
621 3689 787 3749 quelquelnis
815 3691 1005 3750 proprietamus
1033 3688 1110 3734 d'une
1138 3687 1229 3734 bande

228 3743 351 3806 tfamilr'a)
363 3747 395 3792 tle
408 3761 452 3794 ces
465 3747 585 3795 hommes
595 3751 671 3810 qu'ils
682 3751 858 3798 louaientuux
871 3766 1017 3812 personnes
1030 3751 1179 3796 desireuses
1193 3749 1228 3794 de

228 3806 330 3852 donner
343 3821 377 3852 un
391 3808 524 3867 spectacle
537 3809 569 3855 de
582 3811 752 3870 gladiatcurs.

651 3900 803 3949 -3ur-
