2756 4238
325 201 408 259 290.
427 203 497 260 Les
518 203 825 271 applaudisseurs
840 203 1006 272 agages.

415 298 462 362 (De
471 297 648 361 plausoribus
663 298 783 345 mercede
797 299 920 360 paratis.)

206 413 287 470 Ante
310 413 489 470 memoriam
521 433 630 484 meam,
660 434 697 471 ne
726 413 924 471 nobilissimis
946 413 1070 492 quidem
1095 412 1225 475 adu-3⁰

165 507 444 567 lescentibuslocus
456 507 984 583 eratincentumviralibus*causis,
995 510 1053 568 nisi
1064 510 1168 590 aliquo

164 605 322 664 consulari
345 606 536 685 producente
561 625 567 666 :
594 614 678 665 tanta
705 607 903 665 veneratione
927 606 1169 686 pulcherrimum

165 687 243 782 opus
256 701 423 762 colebatur.
443 704 542 773 Nunc,
556 703 694 761 retractis
708 703 835 782 pudoris
848 711 879 762 et
891 705 1071 765 reverentiae
1087 703 1170 763 clau-

165 799 248 872 stris,
272 799 375 858 omnia
395 807 502 879 patent
521 799 675 872 omnibus,
699 820 756 857 nec
776 800 967 858 inducuntur
985 800 1038 858 sed
1058 801 1170 858 irrum-

166 903 256 976 punt.
279 896 458 975 Sequuntur
475 896 630 954 auditores
647 895 823 955 actoribus*
841 896 966 968 similes
981 897 1126 955 conducti
1139 903 1170 956 et

166 993 326 1072 redempti.
352 993 522 1071 Manceps*
541 994 742 1064 convenitur;
761 994 792 1050 in
813 993 913 1051 media
933 993 1082 1052 basilica*
1106 1000 1169 1052 tam

165 1089 267 1168 palam
284 1089 428 1168 sportulae
440 1091 462 1162 *‚
482 1110 574 1169 quam
593 1089 623 1147 in
641 1090 785 1160 triclinio,
804 1089 927 1149 dantur.
943 1090 987 1148 Ex
1003 1090 1169 1169 judiciuin

164 1185 319 1265 judicium
339 1186 405 1264 pari
425 1185 566 1244 mercede
586 1186 746 1246 transitur.
769 1187 844 1244 Inde
854 1187 920 1266 jam
943 1208 1004 1245 non
1020 1187 1170 1245 inurbane

165 1282 327 1365 σοφοκλεϊς*
341 1289 493 1341 vocantur
510 1282 636 1342 :iisdem
654 1283 796 1341 Latinum
809 1303 919 1341 nomen
932 1283 1111 1362 impositum
1125 1290 1172 1340 est

166 1376 326 1437 laudiceni
335 1380 358 1438 *.
372 1379 410 1436 Et
425 1387 526 1437 tamen
543 1380 653 1437 crescit
665 1380 696 1437 in
708 1379 772 1438 dies
787 1380 911 1437 studites
923 1388 1052 1460 utraque
1066 1380 1170 1457 lingua

167 1482 285 1535 notata.
305 1476 378 1533 Heri
393 1476 454 1534 duo
467 1477 729 1535 nomenclatores*
744 1477 802 1534 mei
821 1476 944 1554 [habent
959 1498 1031 1535 sane
1046 1483 1169 1534 aetatem

166 1592 272 1629 eorum
289 1571 342 1652 qui
356 1592 454 1651 nuper
470 1581 557 1649 togas
572 1574 771 1651 sumpserint]
789 1574 882 1630 ternis
903 1574 1038 1632 denariis
1053 1574 1089 1632 ad
1104 1572 1170 1632 lau'-

164 1667 301 1726 dandum
325 1668 541 1738 trahebantur3
570 1669 647 1727 tanti
672 1677 793 1727 constat
815 1677 849 1726 ut
870 1669 910 1726 sis
935 1669 1166 1729 disertissimus,

166 1764 234 1823 Hoc
254 1765 352 1844 pretio
376 1766 543 1845 quamlibet
564 1787 725 1824 numerosa
746 1766 888 1824 subsellia
909 1766 1091 1845 implentur;
1110 1768 1169 1826 hoc

166 1861 274 1938 ingens
288 1882 401 1920 corona
417 1862 586 1939 colligitur;
604 1862 663 1920 hoc
677 1862 791 1920 infiniti
807 1863 955 1921 clamores
971 1884 1168 1922 commoven-

165 1967 225 2028 tur,
247 1979 317 2016 cum
339 1958 537 2017 mesochorus
553 1959 638 2018 dedit
660 1961 792 2036 signum.
815 1960 901 2039 Opus
916 1967 961 2018 est
978 1961 1058 2018 enim
1080 1962 1168 2039 signo

165 2054 245 2133 apud
258 2076 317 2114 tion
330 2055 553 2134 intellegentes,
567 2039 604 2114 ne
618 2057 777 2115 audientes
788 2057 912 2136 quidem
924 2077 930 2131 ;
947 2079 1016 2116 nam
1028 2057 1169 2138 plerique

166 2173 225 2209 non
246 2153 387 2224 audiunt,
405 2173 461 2211 nec
478 2153 532 2210 ulli
550 2154 646 2229 magis
666 2153 805 2212 laudant.
827 2155 1001 2233 Siquando
1023 2155 1168 2213 transibis

165 2270 219 2327 per
237 2249 393 2308 basilicam
414 2258 444 2307 et
462 2249 546 2308 voles
564 2251 641 2308 scirc
656 2250 812 2330 quomodo
829 2252 958 2329 quisque
979 2251 1071 2320 dicat,
1093 2251 1169 2308 nihil

164 2352 210 2402 est
234 2331 472 2424 quoduibunat
496 2346 654 2417 ascendas
677 2347 752 2404 nihil
776 2347 858 2426 quod
883 2347 1020 2426 praebeas
1042 2367 1166 2419 aurem;

165 2441 264 2498 tacitis
280 2441 431 2500 divinatio
449 2462 455 2500 :
473 2443 550 2500 scito
567 2463 636 2500 eum
657 2443 787 2521 pessime
803 2442 904 2502 dicere
922 2445 974 2523 qui
992 2443 1170 2502 laudabitur

161 2539 329 2622 mammes.

195 2679 237 2728 Νυ
257 2679 342 2730 29οι
363 2679 675 2729 centumviralibus.
693 2681 760 2727 Voir
777 2695 809 2727 au
827 2681 932 2741 lenique
952 2679 1120 2730 centumuiri.
1139 2707 1170 2718 -

163 2740 352 2790 Actcrlbus.
375 2741 466 2787 'lacitc
486 2740 564 2799 (utut.
581 2745 609 2787 at
626 2743 694 2803 sqq.)
713 2745 740 2789 et
759 2742 871 2789 l’c'trone
892 2743 998 2804 (Satyra,
1018 2744 1039 2802 1)
1059 2759 1086 2789 se
1107 2746 1170 2791 sont

164 2803 263 2864 plaints
280 2803 351 2849 aussi
372 2803 418 2848 des
439 2803 531 2849 c‘tudes
552 2802 654 2849 hatis-es
673 2805 704 2850 cte
722 2804 746 2850 la
760 2804 884 2864 jcunesse
902 2805 934 2850 de
952 2805 1008 2851 leur
1024 2808 1119 2865 temps.
1139 2831 1169 2840 -

163 2865 323 2924 Manceps
337 2877 342 2910 :
355 2878 387 2910 en
401 2864 514 2923 gc'ne'ral.
531 2865 723 2925 adjudicatairc
734 2866 765 2911 de
778 2870 888 2912 travaux
902 2868 951 2913 niis
964 2881 1014 2912 aux
1027 2867 1168 2925 encheres3

164 2926 207 2979 ici,
219 2925 284 2990 celui
299 2927 343 2986 qui
359 2926 452 2972 achetc
467 2926 504 2971 lcs
522 2927 779 2986 applauclissements
795 2942 862 2987 pour
877 2928 900 2974 le
918 2931 1023 2988 compte
1041 2928 1073 2974 dc
1089 2927 1169 2974 l'ora·

164 2990 231 3033 teur.
242 3013 270 3020 -
278 2987 426 3036 Basilica
438 3002 442 3033 :
453 2988 512 3033 voir
522 3003 552 3033 cc
563 2992 618 3034 mot
629 3003 661 3034 au
676 2989 787 3048 texique.
799 2989 833 3034 La
844 2989 973 3050 basiliquc
986 2990 1000 3036 J
1004 2990 1055 3035 ulia
1069 2991 1170 3037 servait

164 3049 197 3094 de
217 3048 279 3095 salle
293 3049 453 3095 'd'audiencc
471 3050 485 3095 a
505 3053 599 3110 quatre
620 3050 763 3095 tribunaux
780 3051 793 3097 a
812 3049 835 3096 la
856 3051 925 3097 fois:
945 3049 1004 3096 d'ou
1022 3051 1039 3096 il
1058 3052 1170 3111 pouvait

163 3111 265 3157 arrivcr
282 3109 361 3170 qu'un
378 3113 482 3169 avocat,
496 3111 565 3157 douc
581 3109 658 3157 d'unc
678 3112 740 3157 voix
759 3113 835 3165 torte.
854 3113 975 3158 arrachbt
994 3113 1040 3158 des
1060 3113 1169 3172 applau-

164 3173 324 3218 dissements
348 3174 433 3218 meme
455 3187 506 3219 aux
530 3174 676 3219 auclitoires
705 3174 815 3220 voisins.
841 3200 867 3207 —
890 3173 1060 3234 Sportulae.
1086 3175 1169 3235 petits

163 3234 271 3294 paniers
284 3235 318 3279 οὺ
336 3233 374 3280 les
388 3237 497 3295 patrous
516 3235 648 3294 placaient
663 3235 700 3280 les
718 3235 807 3281 vivres
824 3233 900 3295 qu'ils
913 3236 1057 3282 clunnaient
1071 3237 1084 3282 a
1097 3236 1169 3283 leurs

163 3305 279 3351 clients:
301 3319 349 3365 par
380 3304 457 3359 suite.
479 3305 588 3359 cacteau.
606 3304 792 3364 gratification.
810 3298 989 3364 -Eocnztcc
1010 3320 1015 3352 ε
1037 3321 1103 3352 ceux
1141 3307 1168 3352 ui

163 3365 249 3411 crient
263 3365 356 3412 bravo.
375 3391 404 3398 -
418 3365 618 3415 Laudiceni:
637 3381 703 3412 ceux
720 3367 765 3426 qui
780 3367 872 3412 louent
889 3381 957 3427 pour
973 3382 1006 3413 un
1024 3368 1108 3414 dtner.
1154 3382 1169 3414 e

164 3428 249 3472 nie'me
261 3428 323 3473 chez
334 3441 400 3472 nous
414 3428 437 3472 la
449 3427 541 3486 cluque
555 3443 569 3474 a
583 3442 643 3483 recu
657 3429 703 3474 des
715 3443 837 3474 surnoms
851 3429 985 3488 ironiques
1000 3443 1005 3474 :
1019 3429 1056 3475 les
1075 3431 1169 3476 cheva-

164 3488 226 3534 liers
239 3489 273 3534 du
288 3489 372 3534 lustro
386 3488 508 3547 (allusion
520 3490 534 3535 tt
547 3489 603 3534 lcur
616 3490 709 3549 placet.
724 3490 761 3535 les
773 3490 900 3537 ltomuins
913 3490 948 3534 <lu
962 3493 1080 3550 partcrre
1093 3491 1169 3551 (ullu-

164 3550 221 3596 sion
236 3551 249 3596 a
263 3550 351 3595 Neron
361 3551 406 3609 qui
419 3550 478 3595 crea
489 3551 513 3596 la
524 3551 616 3610 claquc
628 3577 653 3584 —
665 3551 736 3602 Tac..
751 3553 830 3600 Ann..
844 3550 914 3602 XIV.
931 3551 976 3598 15&
990 3579 1019 3584 -
1032 3553 1170 3601 Nomen-

164 3613 316 3660 clatores.
336 3611 460 3657 Esclaves
476 3613 520 3671 qui
534 3617 744 3672 accompagncnt
762 3613 785 3658 lc
804 3615 897 3658 nmitre
913 3628 980 3673 pour
996 3614 1031 3660 lui
1046 3615 1170 3674 indiquer

165 3674 272 3728 lenum
290 3673 322 3719 de
341 3686 408 3718 ceux
425 3671 487 3732 qu'il
509 3677 657 3720 rcncontre.
676 3701 701 3707 —
720 3674 873 3724 Maxime.
895 3674 960 3720 llicn
976 3675 1008 3720 cte
1026 3675 1081 3722 cela
1101 3675 1170 3722 n'esu

165 3733 284 3794 exegere.
297 3733 363 3780 Voir
375 3749 420 3779 sur
430 3734 453 3780 la
466 3735 594 3780 lmn‘euse
606 3735 727 3794 pratiquc
739 3736 785 3780 (les
797 3736 1055 3796 applaudissemcnts
1069 3737 1148 3798 gagc's
1160 3752 1168 3784 ,·

165 3796 280 3856 Mai-tim,
293 3795 327 3855 ΙΙ,
340 3795 499 3856 73Juvcnal‚
512 3796 584 3854 Xlll,
597 3801 639 3855 293
654 3794 808 3854 Quintilien‚
823 3797 868 3853 xl,
883 3801 905 3844 3.

589 3955 746 4006 -203-
