2664 4234
493 100 577 157 421.
593 103 642 158 Le
658 99 740 156 dieu
755 102 803 156 du
815 99 931 169 foyer.

595 213 658 278 (Lar
669 213 833 276 familiaris.)

161 361 201 426 2‘
275 381 340 460 Ego
357 403 425 441 sum
437 384 496 441 Lar
506 382 664 442 familiaris
675 385 697 456 ',
712 403 749 441 ex
760 382 818 442 hac
829 382 954 455 familia,

196 519 200 525 -
274 478 364 538 Unde
379 488 540 538 exeuntem
556 501 604 538 me
619 481 792 560 aspexistis,
812 480 900 540 Hanc
916 481 1041 538 domum

272 575 341 634 Jam
354 576 466 634 multos
479 577 594 634 annos*
610 584 657 634 est
671 596 763 657 quom
778 577 920 656 possideo
933 584 964 635 et
975 576 1054 645 colo,

275 671 437 753 Patrique*
452 693 571 753 avoque
583 674 646 753 jam
658 673 761 752 hujus,
780 673 833 753 qui
851 694 931 732 nunc
947 673 996 732 hic
1012 672 1136 730 habet*.

274 769 334 827 Sed
352 769 426 828 mihi
439 791 514 828 avus
530 770 622 851 hujus
637 770 800 829 obsecrans
816 770 1009 829 concredidit
1058 763 1062 770 ’

274 867 350 926 Auri
363 867 542 926 thesaurum
559 868 657 928 clam*
672 887 793 940 omnes;
811 869 841 925 in
858 868 960 926 medio
978 868 1046 926 loco

274 967 412 1040 Delodit,
425 990 573 1028 venerans
585 991 644 1041 me,
664 977 698 1028 ut
709 969 741 1028 id
754 989 906 1027 servarem
923 968 992 1028 sibi.

274 1066 303 1123 ls
318 1067 464 1145 qnoniam
475 1069 486 1092 *
499 1068 629 1126 moritur
646 1067 700 1145 (ita
711 1066 804 1127 avido
815 1067 940 1144 ingenio
954 1065 1033 1141 luit),

274 1161 448 1242 Numquam
465 1163 599 1222 indicare
613 1164 643 1222 id
661 1163 723 1222 filio
739 1164 838 1222 voluit
852 1184 918 1224 su0.

273 1260 348 1336 Agri
365 1261 487 1339 reliquit
503 1260 530 1318 ei
548 1281 608 1318 non
625 1281 770 1338 magnum
786 1259 922 1332 modum,

273 1356 361 1422 Quo*
376 1377 445 1414 cum
460 1356 563 1414 labore
575 1376 685 1433 magno
703 1364 734 1415 et
746 1357 853 1415 misere
869 1357 996 1418 viveret.

275 1453 333 1511 Ubi
349 1453 375 1510 is
389 1453 474 1511 obit*
490 1461 630 1524 mortem,
653 1453 704 1533 qui
721 1454 796 1511 mihi
813 1453 843 1511 id
859 1475 966 1512 aurum
982 1454 1125 1526 credidit,

273 1549 361 1629 Coepi
375 1550 549 1622 observare,
562 1551 673 1631 ecqui*
686 1548 832 1632 majorem
846 1552 927 1610 silius

273 1646 350 1704 Mihi
368 1646 515 1706 honorem
532 1647 760 1726 haberetquam
777 1649 842 1728 ejus
857 1649 1012 1707 habuisset
1023 1657 1120 1729 pater.

272 1747 372 1823 Atque
384 1745 434 1802 ille
445 1765 518 1802 vero
535 1745 636 1803 minus
650 1745 812 1823 minusque
827 1745 1007 1824 impendio*

272 1841 397 1913 Curare,
415 1843 577 1922 minusque
592 1862 639 1899 me
655 1841 812 1920 impertire
828 1841 1008 1902 honoribus.

272 1939 350 1996 ltem
364 1962 380 1998 a
397 1961 445 1997 me
460 1941 586 1998 contra*
602 1939 794 1998 factumest:
810 1960 879 1998 nam
893 1941 985 1998 item*
1003 1940 1081 2000 obiit
1094 1941 1190 2002 diem.

273 2038 301 2095 Is
316 2037 397 2095 hunc
410 2037 545 2117 reliquit,
560 2037 611 2116 qui
628 2036 678 2096 hic
694 2058 775 2095 nunc
791 2037 918 2108 habitat,
934 2037 1030 2096 filium

272 2135 390 2193 Pariter
400 2142 563 2206 moratum,
579 2142 613 2192 ut
627 2143 715 2214 pater
730 2156 867 2214 avusque
881 2136 946 2215 ejus
957 2135 1025 2195 suit.

273 2232 354 2290 Huic
369 2232 430 2289 filia
443 2253 503 2289 una
519 2240 583 2303 est;
600 2251 633 2289 ea
645 2231 720 2289 mihi
732 2232 870 2311 quotidie

270 2332 334 2389 Aut
352 2337 418 2388 ture
428 2331 439 2353 *
454 2335 507 2388 aut
517 2329 590 2387 vino
604 2336 656 2387 aut
669 2329 762 2408 aliqui
776 2331 917 2408 *semper
929 2330 1094 2410 supplicat.

241 2552 283 2601 N⁰
293 2551 357 2601 421
379 2566 384 2599 z
404 2552 472 2601 Lar
488 2548 674 2599 familiaris.
696 2548 731 2596 Le
750 2549 792 2597 lar
814 2548 958 2610 familiaris
974 2553 1016 2598 est
1035 2550 1059 2598 le
1072 2551 1126 2598 bon
1140 2552 1219 2613 genic

211 2613 281 2662 dela
294 2613 400 2661 samille.
415 2613 464 2659 Les
476 2614 548 2658 ames
562 2612 699 2658 bumaines
715 2612 859 2658 divinisees
873 2627 920 2672 par
934 2613 959 2658 la
976 2616 1047 2660 mort
1064 2612 1165 2660 etaient
1185 2629 1219 2660 ce

231 2690 263 2722 ue
280 2676 318 2722 les
339 2675 422 2722 Grecs
435 2675 586 2736 appelaient
599 2675 645 2720 dcs
655 2673 764 2720 de'mous
778 2688 812 2720 ou
827 2675 873 2720 des
887 2673 973 2720 tidros.
992 2675 1041 2722 Les
1054 2675 1144 2722 Latins
1157 2675 1218 2722 leur

211 2693 357 2785 donnaient
370 2738 392 2783 le
406 2751 467 2782 nom
481 2737 512 2782 de
530 2736 616 2793 Lares,
629 2735 727 2794 illabes,
741 2734 842 2782 Genios.
861 2755 871 2777 r
884 2736 939 2783 Nos
956 2738 1078 2783 ancetres
1095 2738 1143 2784 ont
1159 2751 1216 2796 cru,

211 2797 372 2859 ditApulde,
385 2811 436 2858 que
449 2798 486 2843 les
505 2799 606 2856 Munes,
626 2795 759 2859 lorsqu'ils
778 2797 878 2844 etaient
895 2798 1069 2854 malfaisants,
1090 2799 1218 2846 devaient

212 2863 268 2907 etre
292 2859 400 2921 oppetes
422 2860 527 2914 Larves,
548 2863 575 2906 et
594 2860 625 2906 ils
641 2861 679 2906 les
697 2859 848 2920 appelaient
868 2859 948 2906 Lares
965 2859 1097 2921 lorsqu'ils
1115 2860 1218 2908 etaient

212 2921 399 2969 bienveillants
410 2921 568 2981 etpropiccs
578 2941 597 2970 ».
619 2922 659 2968 On
674 2922 704 2968 lit
721 2922 842 2968 ailleurs:
858 2941 868 2962 ιι
884 2919 964 2968 Ge'nie
984 2925 1011 2968 et
1025 2923 1101 2980 Lare,
1115 2921 1223 2970 c'estle¹

212 2986 297 3030 meme
308 2984 380 3030 etre:
394 2983 460 3029 ainsi
474 2981 539 3031 l'ont
552 2998 597 3030 cru
609 2998 657 3029 nos
671 2985 792 3030 ancetres
806 3003 827 3030 ».
847 2983 879 3030 Et
892 2984 957 3029 (lans
973 2983 1102 3031 Ciceron:
1118 3003 1129 3026 (ε
1144 2985 1216 3031 Cenx

230 3060 263 3092 ue
276 3045 314 3090 les
325 3043 408 3090 Grecs
420 3048 557 3091 nomment
570 3044 678 3092 demons
687 3060 754 3091 nous
767 3046 804 3091 lcs
814 3045 942 3106 appelons
954 3045 1034 3091 Lares
1046 3065 1057 3088 ι)
1073 3047 1172 3107 (Fostel
1182 3047 1217 3092 de

212 3059 368 3166 aculanges,
384 3105 441 3153 Cite'
453 3106 582 3168 antique).
595 3133 623 3140 —
636 3107 657 3156 J
660 3119 711 3156 am
727 3107 847 3156 multos
862 3119 965 3156 annos
983 3109 1041 3162 est,
1059 3107 1215 3168 equivautd

210 3167 269 3230 jam
277 3167 323 3215 diu
337 3171 376 3215 est
389 3183 480 3231 quom,
492 3169 526 3214 ob
544 3168 677 3215 l'adverbe
691 3168 735 3214 din
751 3185 764 3214 a
778 3168 820 3216 dte
836 3167 967 3228 rempluoe
980 3184 1028 3229 par
1041 3183 1088 3215 son
1105 3169 1216 3230 e'quiva-

213 3231 269 3278 l'ent
281 3229 380 3277 multos
392 3244 485 3285 annos,
497 3229 629 3276 accusabit
639 3231 671 3276 dc
688 3229 778 3276 duree.
797 3257 826 3265 -
845 3230 947 3287 Patri,
966 3231 1035 3277 datit
1049 3231 1215 3293 d'avantage.

213 3293 240 3328 -’-
257 3291 367 3342 Habet
387 3312 418 3334 =
436 3291 546 3339 habitat.
574 3318 601 3325 -
621 3291 720 3349 Clam,
739 3290 898 3339 d'ordinaire
915 3292 984 3338 snivi
995 3293 1027 3339 de
1044 3292 1165 3340 l'ablatif.
1186 3320 1216 3328 —

240 3354 371 3404 uoniam
381 3374 411 3395 =
424 3367 505 3416 quom
521 3353 588 3414 jam,
603 3369 648 3399 sur
660 3353 683 3399 le
704 3353 781 3414 point
793 3354 834 3400 de.
851 3380 879 3388 -
900 3353 967 3414 Quo
980 3373 1011 3395 =
1028 3353 1064 3400 ita
1086 3354 1114 3401 ut
1134 3369 1172 3402 etr.
1185 3382 1216 3391 -

240 3416 297 3477 bit,
312 3416 438 3478 syne'rese
452 3430 519 3476 pour
531 3414 606 3462 obiit.
621 3441 649 3449 -—
661 3414 772 3476 Ecqui.
792 3416 926 3473 Adverbe,
946 3415 1030 3461 forme
1045 3430 1149 3463 comme
1168 3417 1218 3490 qui

212 3477 376 3541 (comment),
392 3477 488 3524 ablatis
504 3477 646 3536 probatque
664 3477 696 3522 de
716 3476 773 3539 qui,
794 3491 871 3538 quae.
893 3477 974 3539 quod.
994 3477 1216 3538 —Impend10‚

212 3540 338 3599 adverbe,
374 3543 429 3587 sert
457 3539 472 3585 d
500 3540 635 3585 rent'orcer
661 3537 749 3585 minus
786 3539 942 3602 minusque.
976 3566 1006 3572 —
1034 3538 1159 3589 Contra
1187 3561 1219 3582 =

214 3615 319 3648 rursus.
336 3627 365 3636 -
382 3603 473 3658 Item,
487 3599 661 3656 c‘est-a—dire,
676 3615 736 3646 sans
749 3602 887 3647 connaitrc
902 3600 1053 3648 l'existence
1068 3601 1103 3647 du
1118 3601 1215 3649 tresor.

212 3687 242 3696 —
254 3662 340 3730 Ture
354 3663 413 3710 aut
424 3660 500 3709 vino
517 3660 643 3707 :ablatiss
656 3661 688 3706 de
699 3661 824 3708 muniere.
843 3687 873 3694 —
890 3660 1011 3722 Aliqui,
1029 3661 1157 3711 adverbe.
1176 3664 1213 3711 Cf.

213 3736 300 3784 ecqui.

635 3868 791 3919 -424-

83 4041 303 4186 A
