<?xml version="1.0" encoding="UTF-8"?>
<!DOCTYPE html PUBLIC "-//W3C//DTD XHTML 1.0 Transitional//EN"
    "http://www.w3.org/TR/xhtml1/DTD/xhtml1-transitional.dtd">
<html xmlns="http://www.w3.org/1999/xhtml" xml:lang="en" lang="en">
 <head>
  <title>
</title>
<meta http-equiv="Content-Type" content="text/html;charset=utf-8" />
  <meta name='ocr-system' content='tesseract 3.04.00' />
  <meta name='ocr-capabilities' content='ocr_page ocr_carea ocr_par ocr_line ocrx_word'/>
</head>
<body>
  <div class='ocr_page' id='page_1' title='image "./depublicaprivat01arnagoog_0182.png"; bbox 0 0 2658 4244; ppageno 0'>
   <div class='ocr_carea' id='block_1_1' title="bbox 280 184 978 344">
    <p class='ocr_par' dir='ltr' id='par_1_1' title="bbox 280 184 978 344">
     <span class='ocr_line' id='line_1_1' title="bbox 280 184 978 251; baseline -0.003 -13"><span class='ocrx_word' id='word_1_1' title='bbox 280 184 360 240; x_wconf 89' lang='grc'><strong>134.</strong></span> <span class='ocrx_word' id='word_1_2' title='bbox 379 185 437 240; x_wconf 87' lang='lat' dir='ltr'>Un</span> <span class='ocrx_word' id='word_1_3' title='bbox 452 196 644 251; x_wconf 83' lang='lat' dir='ltr'>empereur</span> <span class='ocrx_word' id='word_1_4' title='bbox 658 185 815 241; x_wconf 80' lang='lat' dir='ltr'>honnete</span> <span class='ocrx_word' id='word_1_5' title='bbox 828 185 978 240; x_wconf 87' lang='lat' dir='ltr'>homme.</span> 
     </span>
     <span class='ocr_line' id='line_1_2' title="bbox 362 279 891 344; baseline -0.002 -18"><span class='ocrx_word' id='word_1_6' title='bbox 362 279 409 341; x_wconf 87' lang='lat' dir='ltr'>(De</span> <span class='ocrx_word' id='word_1_7' title='bbox 420 279 584 342; x_wconf 74' lang='lat' dir='ltr'><strong><em>Imperatore</em></strong></span> <span class='ocrx_word' id='word_1_8' title='bbox 594 280 643 344; x_wconf 86' lang='lat' dir='ltr'>qui</span> <span class='ocrx_word' id='word_1_9' title='bbox 651 280 694 327; x_wconf 87' lang='lat' dir='ltr'>vir</span> <span class='ocrx_word' id='word_1_10' title='bbox 704 279 808 342; x_wconf 86' lang='lat' dir='ltr'>probus</span> <span class='ocrx_word' id='word_1_11' title='bbox 818 279 891 341; x_wconf 74' lang='lat' dir='ltr'>suit.)</span> 
     </span>
    </p>
   </div>
   <div class='ocr_carea' id='block_1_2' title="bbox 126 393 1184 2119">
    <p class='ocr_par' dir='ltr' id='par_1_2' title="bbox 126 393 1184 2119">
     <span class='ocr_line' id='line_1_3' title="bbox 166 393 1184 464; baseline 0 -14"><span class='ocrx_word' id='word_1_12' title='bbox 166 393 331 452; x_wconf 80' lang='lat' dir='ltr'>Alexandri</span> <span class='ocrx_word' id='word_1_13' title='bbox 345 395 470 452; x_wconf 86' lang='lat' dir='ltr'>Severi*</span> <span class='ocrx_word' id='word_1_14' title='bbox 483 394 552 454; x_wconf 89' lang='lat' dir='ltr'>talis</span> <span class='ocrx_word' id='word_1_15' title='bbox 564 394 624 453; x_wconf 86' lang='lat' dir='ltr'>fuit</span> <span class='ocrx_word' id='word_1_16' title='bbox 636 415 708 452; x_wconf 91' lang='lat' dir='ltr'>usus</span> <span class='ocrx_word' id='word_1_17' title='bbox 722 394 858 454; x_wconf 91' lang='lat' dir='ltr'>vivendi.</span> <span class='ocrx_word' id='word_1_18' title='bbox 872 394 1020 464; x_wconf 88' lang='lat' dir='ltr'>Primum,</span> <span class='ocrx_word' id='word_1_19' title='bbox 1031 398 1131 450; x_wconf 90' lang='lat' dir='ltr'>matu·</span> <span class='ocrx_word' id='word_1_20' title='bbox 1144 396 1184 459; x_wconf 69' lang='grc' dir='ltr'>4ο</span> 
     </span>
     <span class='ocr_line' id='line_1_4' title="bbox 132 488 1130 562; baseline -0.002 -15"><span class='ocrx_word' id='word_1_21' title='bbox 132 489 199 548; x_wconf 90' lang='lat' dir='ltr'>tinis</span> <span class='ocrx_word' id='word_1_22' title='bbox 218 491 313 562; x_wconf 88' lang='lat' dir='ltr'>boris,</span> <span class='ocrx_word' id='word_1_23' title='bbox 330 492 361 548; x_wconf 94' lang='lat' dir='ltr'>in</span> <span class='ocrx_word' id='word_1_24' title='bbox 381 491 514 550; x_wconf 86' lang='lat' dir='ltr'>larario*</span> <span class='ocrx_word' id='word_1_25' title='bbox 538 512 594 550; x_wconf 92' lang='lat' dir='ltr'>suo</span> <span class='ocrx_word' id='word_1_26' title='bbox 614 512 678 549; x_wconf 86' lang='lat' dir='ltr'>rem</span> <span class='ocrx_word' id='word_1_27' title='bbox 696 491 832 549; x_wconf 89' lang='lat' dir='ltr'>divinam</span> <span class='ocrx_word' id='word_1_28' title='bbox 854 491 996 550; x_wconf 82' lang='lat' dir='ltr'>faciebat.</span> <span class='ocrx_word' id='word_1_29' title='bbox 1020 491 1054 547; x_wconf 96' lang='lat' dir='ltr'>ln</span> <span class='ocrx_word' id='word_1_30' title='bbox 1077 488 1130 546; x_wconf 93' lang='lat' dir='ltr'>illo</span> 
     </span>
     <span class='ocr_line' id='line_1_5' title="bbox 130 586 1131 668; baseline -0.002 -24"><span class='ocrx_word' id='word_1_31' title='bbox 130 595 228 646; x_wconf 87' lang='lat' dir='ltr'>autem</span> <span class='ocrx_word' id='word_1_32' title='bbox 244 587 354 646; x_wconf 89' lang='lat' dir='ltr'>larario</span> <span class='ocrx_word' id='word_1_33' title='bbox 374 595 405 646; x_wconf 89' lang='lat' dir='ltr'>et</span> <span class='ocrx_word' id='word_1_34' title='bbox 427 588 517 647; x_wconf 91' lang='lat' dir='ltr'>divos</span> <span class='ocrx_word' id='word_1_35' title='bbox 535 589 700 668; x_wconf 79' lang='lat' dir='ltr'>principes,</span> <span class='ocrx_word' id='word_1_36' title='bbox 723 588 775 645; x_wconf 88' lang='lat' dir='ltr'>sed</span> <span class='ocrx_word' id='word_1_37' title='bbox 799 588 933 666; x_wconf 91' lang='lat' dir='ltr'>optimos</span> <span class='ocrx_word' id='word_1_38' title='bbox 951 586 1075 654; x_wconf 83' lang='lat' dir='ltr'>electos,</span> <span class='ocrx_word' id='word_1_39' title='bbox 1100 592 1131 643; x_wconf 86' lang='lat' dir='ltr'>et</span> 
     </span>
     <span class='ocr_line' id='line_1_6' title="bbox 130 683 1128 765; baseline -0.003 -24"><span class='ocrx_word' id='word_1_40' title='bbox 130 685 242 742; x_wconf 89' lang='lat' dir='ltr'>animas</span> <span class='ocrx_word' id='word_1_41' title='bbox 278 685 456 755; x_wconf 79' lang='lat' dir='ltr'>sanctiores,</span> <span class='ocrx_word' id='word_1_42' title='bbox 498 685 530 742; x_wconf 92' lang='lat' dir='ltr'>in</span> <span class='ocrx_word' id='word_1_43' title='bbox 564 685 650 765; x_wconf 84' lang='lat' dir='ltr'>queis</span> <span class='ocrx_word' id='word_1_44' title='bbox 686 685 918 764; x_wconf 83' lang='lat' dir='ltr'>Apollonium*‚</span> <span class='ocrx_word' id='word_1_45' title='bbox 958 683 1128 755; x_wconf 79' lang='lat' dir='ltr'>Christum,</span> 
     </span>
     <span class='ocr_line' id='line_1_7' title="bbox 130 780 1131 861; baseline -0.001 -24"><span class='ocrx_word' id='word_1_46' title='bbox 130 781 293 852; x_wconf 79' lang='lat' dir='ltr'>Abraham,</span> <span class='ocrx_word' id='word_1_47' title='bbox 307 789 338 840; x_wconf 86' lang='lat' dir='ltr'>et</span> <span class='ocrx_word' id='word_1_48' title='bbox 353 782 523 861; x_wconf 83' lang='lat' dir='ltr'>Orpheum,</span> <span class='ocrx_word' id='word_1_49' title='bbox 540 789 571 840; x_wconf 91' lang='lat' dir='ltr'>et</span> <span class='ocrx_word' id='word_1_50' title='bbox 587 781 800 860; x_wconf 87' lang='lat' dir='ltr'>hujuscemodi</span> <span class='ocrx_word' id='word_1_51' title='bbox 820 788 949 852; x_wconf 68' lang='lat' dir='ltr'>ceteros</span> <span class='ocrx_word' id='word_1_52' title='bbox 975 801 1009 839; x_wconf 89' lang='lat' dir='ltr'>ac</span> <span class='ocrx_word' id='word_1_53' title='bbox 1034 780 1131 858; x_wconf 88' lang='lat' dir='ltr'>majo-</span> 
     </span>
     <span class='ocr_line' id='line_1_8' title="bbox 128 875 1131 958; baseline -0.003 -23"><span class='ocrx_word' id='word_1_54' title='bbox 128 899 193 936; x_wconf 90' lang='lat' dir='ltr'>rum</span> <span class='ocrx_word' id='word_1_55' title='bbox 223 879 338 958; x_wconf 83' lang='lat' dir='ltr'>effigies</span> <span class='ocrx_word' id='word_1_56' title='bbox 374 878 517 939; x_wconf 83' lang='lat' dir='ltr'>habebat.</span> <span class='ocrx_word' id='word_1_57' title='bbox 546 879 665 938; x_wconf 88' lang='lat' dir='ltr'>Dehinc</span> <span class='ocrx_word' id='word_1_58' title='bbox 699 878 817 937; x_wconf 87' lang='lat' dir='ltr'>actibus</span> <span class='ocrx_word' id='word_1_59' title='bbox 849 877 980 957; x_wconf 87' lang='lat' dir='ltr'>puhlicis</span> <span class='ocrx_word' id='word_1_60' title='bbox 1015 875 1131 956; x_wconf 89' lang='lat' dir='ltr'>aliquid</span> 
     </span>
     <span class='ocr_line' id='line_1_9' title="bbox 128 972 1132 1054; baseline -0.002 -23"><span class='ocrx_word' id='word_1_61' title='bbox 128 975 274 1053; x_wconf 82' lang='lat' dir='ltr'>temporis</span> <span class='ocrx_word' id='word_1_62' title='bbox 295 975 398 1045; x_wconf 88' lang='lat' dir='ltr'>dabat,</span> <span class='ocrx_word' id='word_1_63' title='bbox 421 974 536 1034; x_wconf 88' lang='lat' dir='ltr'>ideirco</span> <span class='ocrx_word' id='word_1_64' title='bbox 552 976 634 1054; x_wconf 92' lang='lat' dir='ltr'>quod</span> <span class='ocrx_word' id='word_1_65' title='bbox 655 983 686 1033; x_wconf 89' lang='lat' dir='ltr'>et</span> <span class='ocrx_word' id='word_1_66' title='bbox 709 995 756 1032; x_wconf 89' lang='lat' dir='ltr'>res</span> <span class='ocrx_word' id='word_1_67' title='bbox 781 975 898 1034; x_wconf 73' lang='lat' dir='ltr'>bellicae</span> <span class='ocrx_word' id='word_1_68' title='bbox 919 982 949 1032; x_wconf 90' lang='lat' dir='ltr'>et</span> <span class='ocrx_word' id='word_1_69' title='bbox 964 995 1012 1031; x_wconf 89' lang='lat' dir='ltr'>res</span> <span class='ocrx_word' id='word_1_70' title='bbox 1026 972 1132 1031; x_wconf 87' lang='lat' dir='ltr'>civiles</span> 
     </span>
     <span class='ocr_line' id='line_1_10' title="bbox 128 1071 1136 1150; baseline -0.003 -21"><span class='ocrx_word' id='word_1_71' title='bbox 128 1093 180 1150; x_wconf 89' lang='lat' dir='ltr'>per</span> <span class='ocrx_word' id='word_1_72' title='bbox 195 1072 330 1131; x_wconf 84' lang='lat' dir='ltr'>amicos*</span> <span class='ocrx_word' id='word_1_73' title='bbox 347 1072 568 1144; x_wconf 84' lang='lat' dir='ltr'>tractabantur,</span> <span class='ocrx_word' id='word_1_74' title='bbox 583 1072 639 1130; x_wconf 88' lang='lat' dir='ltr'>sed</span> <span class='ocrx_word' id='word_1_75' title='bbox 656 1079 777 1131; x_wconf 89' lang='lat' dir='ltr'>sanctos</span> <span class='ocrx_word' id='word_1_76' title='bbox 792 1080 823 1130; x_wconf 87' lang='lat' dir='ltr'>et</span> <span class='ocrx_word' id='word_1_77' title='bbox 846 1071 962 1139; x_wconf 67' lang='lat' dir='ltr'>fideles</span> <span class='ocrx_word' id='word_1_78' title='bbox 988 1079 1019 1129; x_wconf 87' lang='lat' dir='ltr'>et</span> <span class='ocrx_word' id='word_1_79' title='bbox 1042 1090 1136 1127; x_wconf 86' lang='lat' dir='ltr'>num-</span> 
     </span>
     <span class='ocr_line' id='line_1_11' title="bbox 128 1166 1130 1246; baseline -0.004 -20"><span class='ocrx_word' id='word_1_80' title='bbox 128 1189 217 1246; x_wconf 91' lang='lat' dir='ltr'>quam</span> <span class='ocrx_word' id='word_1_81' title='bbox 246 1169 380 1239; x_wconf 79' lang='lat' dir='ltr'>venaleS,</span> <span class='ocrx_word' id='word_1_82' title='bbox 411 1177 442 1227; x_wconf 94' lang='lat' dir='ltr'>et</span> <span class='ocrx_word' id='word_1_83' title='bbox 468 1177 607 1228; x_wconf 71' lang='lat' dir='ltr'>tractata²</span> <span class='ocrx_word' id='word_1_84' title='bbox 632 1169 844 1238; x_wconf 87' lang='lat' dir='ltr'>firmabantur,</span> <span class='ocrx_word' id='word_1_85' title='bbox 874 1169 932 1226; x_wconf 93' lang='lat' dir='ltr'>nisi</span> <span class='ocrx_word' id='word_1_86' title='bbox 962 1166 1036 1246; x_wconf 94' lang='lat' dir='ltr'>quid</span> <span class='ocrx_word' id='word_1_87' title='bbox 1057 1167 1130 1226; x_wconf 91' lang='lat' dir='ltr'>novi</span> 
     </span>
     <span class='ocr_line' id='line_1_12' title="bbox 127 1264 1131 1346; baseline -0.002 -24"><span class='ocrx_word' id='word_1_88' title='bbox 127 1266 217 1324; x_wconf 86' lang='lat' dir='ltr'>etiam</span> <span class='ocrx_word' id='word_1_89' title='bbox 239 1265 298 1344; x_wconf 91' lang='lat' dir='ltr'>ipsi</span> <span class='ocrx_word' id='word_1_90' title='bbox 314 1265 459 1344; x_wconf 78' lang='lat' dir='ltr'>placeret.</span> <span class='ocrx_word' id='word_1_91' title='bbox 484 1266 558 1324; x_wconf 91' lang='lat' dir='ltr'>Post</span> <span class='ocrx_word' id='word_1_92' title='bbox 577 1273 662 1324; x_wconf 89' lang='lat' dir='ltr'>actus</span> <span class='ocrx_word' id='word_1_93' title='bbox 688 1265 839 1346; x_wconf 67' lang='lat' dir='ltr'>publicos</span> <span class='ocrx_word' id='word_1_94' title='bbox 868 1264 992 1323; x_wconf 91' lang='lat' dir='ltr'>lectioni</span> <span class='ocrx_word' id='word_1_95' title='bbox 1024 1283 1131 1340; x_wconf 81' lang='lat' dir='ltr'>graecae</span> 
     </span>
     <span class='ocr_line' id='line_1_13' title="bbox 128 1359 1131 1442; baseline -0.003 -23"><span class='ocrx_word' id='word_1_96' title='bbox 128 1382 251 1440; x_wconf 88' lang='lat' dir='ltr'>operam</span> <span class='ocrx_word' id='word_1_97' title='bbox 283 1361 429 1441; x_wconf 86' lang='lat' dir='ltr'>majorem</span> <span class='ocrx_word' id='word_1_98' title='bbox 463 1362 567 1433; x_wconf 88' lang='lat' dir='ltr'>dabat,</span> <span class='ocrx_word' id='word_1_99' title='bbox 600 1362 646 1421; x_wconf 85' lang='lat' dir='ltr'>De</span> <span class='ocrx_word' id='word_1_100' title='bbox 673 1359 847 1442; x_wconf 80' lang='lat' dir='ltr'>Republica</span> <span class='ocrx_word' id='word_1_101' title='bbox 869 1361 964 1419; x_wconf 90' lang='lat' dir='ltr'>libros</span> <span class='ocrx_word' id='word_1_102' title='bbox 994 1360 1131 1418; x_wconf 89' lang='lat' dir='ltr'>Platonis</span> 
     </span>
     <span class='ocr_line' id='line_1_14' title="bbox 126 1456 1132 1538; baseline -0.003 -23"><span class='ocrx_word' id='word_1_103' title='bbox 126 1457 239 1538; x_wconf 73' lang='lat' dir='ltr'>legens</span> <span class='ocrx_word' id='word_1_104' title='bbox 279 1459 387 1517; x_wconf 90' lang='lat' dir='ltr'>Latina</span> <span class='ocrx_word' id='word_1_105' title='bbox 421 1479 491 1518; x_wconf 92' lang='lat' dir='ltr'>cum</span> <span class='ocrx_word' id='word_1_106' title='bbox 517 1459 643 1536; x_wconf 85' lang='lat' dir='ltr'>legeret,</span> <span class='ocrx_word' id='word_1_107' title='bbox 677 1479 739 1516; x_wconf 91' lang='lat' dir='ltr'>non</span> <span class='ocrx_word' id='word_1_108' title='bbox 785 1458 842 1516; x_wconf 90' lang='lat' dir='ltr'>alia</span> <span class='ocrx_word' id='word_1_109' title='bbox 876 1458 973 1534; x_wconf 79' lang='lat' dir='ltr'>magis</span> <span class='ocrx_word' id='word_1_110' title='bbox 1011 1456 1132 1534; x_wconf 76' lang='lat' dir='ltr'>legebat</span> 
     </span>
     <span class='ocr_line' id='line_1_15' title="bbox 127 1553 1131 1636; baseline -0.004 -22"><span class='ocrx_word' id='word_1_111' title='bbox 127 1576 216 1634; x_wconf 89' lang='lat' dir='ltr'>quam</span> <span class='ocrx_word' id='word_1_112' title='bbox 252 1554 299 1614; x_wconf 86' lang='lat' dir='ltr'>De</span> <span class='ocrx_word' id='word_1_113' title='bbox 337 1553 463 1636; x_wconf 75' lang='lat' dir='ltr'>Officiis</span> <span class='ocrx_word' id='word_1_114' title='bbox 496 1555 656 1614; x_wconf 87' lang='lat' dir='ltr'>Ciceronis</span> <span class='ocrx_word' id='word_1_115' title='bbox 694 1563 725 1614; x_wconf 90' lang='lat' dir='ltr'>et</span> <span class='ocrx_word' id='word_1_116' title='bbox 753 1554 801 1613; x_wconf 89' lang='lat' dir='ltr'>De</span> <span class='ocrx_word' id='word_1_117' title='bbox 837 1553 1022 1634; x_wconf 83' lang='lat' dir='ltr'>Republica.</span> <span class='ocrx_word' id='word_1_118' title='bbox 1057 1553 1131 1610; x_wconf 89' lang='lat' dir='ltr'>Post</span> 
     </span>
     <span class='ocr_line' id='line_1_16' title="bbox 126 1649 1129 1730; baseline -0.004 -20"><span class='ocrx_word' id='word_1_119' title='bbox 126 1653 310 1710; x_wconf 90' lang='lat' dir='ltr'>meridianas</span> <span class='ocrx_word' id='word_1_120' title='bbox 340 1652 431 1710; x_wconf 89' lang='lat' dir='ltr'>horas</span> <span class='ocrx_word' id='word_1_121' title='bbox 460 1652 585 1711; x_wconf 88' lang='lat' dir='ltr'>lectioni</span> <span class='ocrx_word' id='word_1_122' title='bbox 613 1660 643 1710; x_wconf 91' lang='lat' dir='ltr'>et</span> <span class='ocrx_word' id='word_1_123' title='bbox 672 1652 891 1730; x_wconf 86' lang='lat' dir='ltr'>subscriptioni</span> <span class='ocrx_word' id='word_1_124' title='bbox 928 1649 1129 1730; x_wconf 84' lang='lat' dir='ltr'>epistularum</span> 
     </span>
     <span class='ocr_line' id='line_1_17' title="bbox 126 1745 1131 1830; baseline -0.003 -24"><span class='ocrx_word' id='word_1_125' title='bbox 126 1769 246 1828; x_wconf 90' lang='lat' dir='ltr'>semper</span> <span class='ocrx_word' id='word_1_126' title='bbox 260 1745 352 1830; x_wconf 68' lang='lat' dir='ltr'>dedit=</span> <span class='ocrx_word' id='word_1_127' title='bbox 361 1770 497 1828; x_wconf 88' lang='lat' dir='ltr'>operam,</span> <span class='ocrx_word' id='word_1_128' title='bbox 516 1750 557 1808; x_wconf 88' lang='lat' dir='ltr'>ita</span> <span class='ocrx_word' id='word_1_129' title='bbox 585 1757 619 1808; x_wconf 91' lang='lat' dir='ltr'>ut</span> <span class='ocrx_word' id='word_1_130' title='bbox 636 1749 673 1807; x_wconf 90' lang='lat' dir='ltr'>ab</span> <span class='ocrx_word' id='word_1_131' title='bbox 696 1749 864 1828; x_wconf 83' lang='lat' dir='ltr'>epistulis*,</span> <span class='ocrx_word' id='word_1_132' title='bbox 890 1769 905 1806; x_wconf 92' lang='lat' dir='ltr'>a</span> <span class='ocrx_word' id='word_1_133' title='bbox 922 1747 1043 1815; x_wconf 81' lang='lat' dir='ltr'>libellis,</span> <span class='ocrx_word' id='word_1_134' title='bbox 1060 1753 1091 1804; x_wconf 86' lang='lat' dir='ltr'>et</span> <span class='ocrx_word' id='word_1_135' title='bbox 1113 1765 1131 1804; x_wconf 87' lang='lat' dir='ltr'>a</span> 
     </span>
     <span class='ocr_line' id='line_1_18' title="bbox 126 1843 1132 1925; baseline -0.002 -22"><span class='ocrx_word' id='word_1_136' title='bbox 126 1846 275 1904; x_wconf 90' lang='lat' dir='ltr'>memoria</span> <span class='ocrx_word' id='word_1_137' title='bbox 291 1867 412 1925; x_wconf 90' lang='lat' dir='ltr'>semper</span> <span class='ocrx_word' id='word_1_138' title='bbox 424 1847 614 1905; x_wconf 88' lang='lat' dir='ltr'>assisterent.</span> <span class='ocrx_word' id='word_1_139' title='bbox 633 1846 781 1925; x_wconf 87' lang='lat' dir='ltr'>lnjuriam</span> <span class='ocrx_word' id='word_1_140' title='bbox 799 1845 873 1903; x_wconf 93' lang='lat' dir='ltr'>nulli</span> <span class='ocrx_word' id='word_1_141' title='bbox 894 1865 1039 1924; x_wconf 90' lang='lat' dir='ltr'>umquam</span> <span class='ocrx_word' id='word_1_142' title='bbox 1057 1843 1132 1901; x_wconf 90' lang='lat' dir='ltr'>ami-</span> 
     </span>
     <span class='ocr_line' id='line_1_19' title="bbox 127 1940 1131 2021; baseline -0.004 -21"><span class='ocrx_word' id='word_1_143' title='bbox 127 1963 232 2001; x_wconf 90' lang='lat' dir='ltr'>corum</span> <span class='ocrx_word' id='word_1_144' title='bbox 248 1943 438 2001; x_wconf 91' lang='lat' dir='ltr'>comitumve</span> <span class='ocrx_word' id='word_1_145' title='bbox 454 1942 538 2014; x_wconf 87' lang='lat' dir='ltr'>fecit,</span> <span class='ocrx_word' id='word_1_146' title='bbox 554 1963 610 2001; x_wconf 90' lang='lat' dir='ltr'>nec</span> <span class='ocrx_word' id='word_1_147' title='bbox 625 1943 798 2020; x_wconf 81' lang='lat' dir='ltr'>magistris*</span> <span class='ocrx_word' id='word_1_148' title='bbox 814 1941 937 2021; x_wconf 88' lang='lat' dir='ltr'>quidem</span> <span class='ocrx_word' id='word_1_149' title='bbox 950 1949 1001 2000; x_wconf 89' lang='lat' dir='ltr'>aut</span> <span class='ocrx_word' id='word_1_150' title='bbox 1017 1940 1131 2018; x_wconf 90' lang='lat' dir='ltr'>princi·</span> 
     </span>
     <span class='ocr_line' id='line_1_20' title="bbox 127 2039 1132 2119; baseline -0.003 -22"><span class='ocrx_word' id='word_1_151' title='bbox 127 2040 240 2119; x_wconf 88' lang='lat' dir='ltr'>pibus*</span> <span class='ocrx_word' id='word_1_152' title='bbox 256 2040 440 2099; x_wconf 87' lang='lat' dir='ltr'>officiorum.</span> <span class='ocrx_word' id='word_1_153' title='bbox 456 2040 487 2098; x_wconf 88' lang='lat' dir='ltr'>Si</span> <span class='ocrx_word' id='word_1_154' title='bbox 504 2061 648 2119; x_wconf 87' lang='lat' dir='ltr'>umquam</span> <span class='ocrx_word' id='word_1_155' title='bbox 661 2039 751 2097; x_wconf 92' lang='lat' dir='ltr'>alicui</span> <span class='ocrx_word' id='word_1_156' title='bbox 761 2039 960 2118; x_wconf 86' lang='lat' dir='ltr'>praesentium</span> <span class='ocrx_word' id='word_1_157' title='bbox 975 2057 1132 2095; x_wconf 90' lang='lat' dir='ltr'>successo-</span> 
     </span>
    </p>
   </div>
   <div class='ocr_carea' id='block_1_3' title="bbox 125 2135 1131 2409">
    <p class='ocr_par' dir='ltr' id='par_1_3' title="bbox 125 2135 1131 2409">
     <span class='ocr_line' id='line_1_21' title="bbox 127 2135 1131 2216; baseline -0.003 -22"><span class='ocrx_word' id='word_1_158' title='bbox 127 2156 189 2194; x_wconf 90' lang='lat' dir='ltr'>rem</span> <span class='ocrx_word' id='word_1_159' title='bbox 206 2136 304 2207; x_wconf 87' lang='lat' dir='ltr'>dedit,</span> <span class='ocrx_word' id='word_1_160' title='bbox 320 2157 441 2216; x_wconf 83' lang='lat' dir='ltr'>semper</span> <span class='ocrx_word' id='word_1_161' title='bbox 455 2136 530 2195; x_wconf 93' lang='lat' dir='ltr'>illud</span> <span class='ocrx_word' id='word_1_162' title='bbox 542 2136 661 2195; x_wconf 88' lang='lat' dir='ltr'>addidit</span> <span class='ocrx_word' id='word_1_163' title='bbox 678 2155 684 2196; x_wconf 90' lang='lat'>:</span> <span class='ocrx_word' id='word_1_164' title='bbox 701 2160 715 2190; x_wconf 92' lang='lat'>«</span> <span class='ocrx_word' id='word_1_165' title='bbox 734 2135 857 2196; x_wconf 89' lang='lat' dir='ltr'>Gratias</span> <span class='ocrx_word' id='word_1_166' title='bbox 875 2135 929 2194; x_wconf 93' lang='lat' dir='ltr'>tibi</span> <span class='ocrx_word' id='word_1_167' title='bbox 946 2135 1010 2212; x_wconf 83' lang='lat' dir='ltr'>agit</span> <span class='ocrx_word' id='word_1_168' title='bbox 1025 2154 1131 2212; x_wconf 89' lang='lat' dir='ltr'>respu-</span> 
     </span>
     <span class='ocr_line' id='line_1_22' title="bbox 126 2230 1131 2312; baseline 0 -22"><span class='ocrx_word' id='word_1_169' title='bbox 126 2233 203 2292; x_wconf 87' lang='lat' dir='ltr'>blica</span> <span class='ocrx_word' id='word_1_170' title='bbox 223 2258 237 2288; x_wconf 88' lang='lat'>»</span> <span class='ocrx_word' id='word_1_171' title='bbox 254 2251 261 2293; x_wconf 94' lang='lat'>:</span> <span class='ocrx_word' id='word_1_172' title='bbox 277 2254 410 2312; x_wconf 87' lang='lat' dir='ltr'>eumque</span> <span class='ocrx_word' id='word_1_173' title='bbox 425 2240 603 2292; x_wconf 89' lang='lat' dir='ltr'>muneratus</span> <span class='ocrx_word' id='word_1_174' title='bbox 617 2241 675 2306; x_wconf 86' lang='lat' dir='ltr'>est,</span> <span class='ocrx_word' id='word_1_175' title='bbox 699 2233 741 2291; x_wconf 87' lang='lat' dir='ltr'>ita</span> <span class='ocrx_word' id='word_1_176' title='bbox 766 2240 801 2291; x_wconf 91' lang='lat' dir='ltr'>ut</span> <span class='ocrx_word' id='word_1_177' title='bbox 822 2233 961 2312; x_wconf 90' lang='lat' dir='ltr'>privatus</span> <span class='ocrx_word' id='word_1_178' title='bbox 984 2252 1039 2310; x_wconf 92' lang='lat' dir='ltr'>pro</span> <span class='ocrx_word' id='word_1_179' title='bbox 1061 2230 1131 2290; x_wconf 92' lang='lat' dir='ltr'>loco</span> 
     </span>
     <span class='ocr_line' id='line_1_23' title="bbox 125 2331 577 2409; baseline 0.007 -22"><span class='ocrx_word' id='word_1_180' title='bbox 125 2349 180 2388; x_wconf 91' lang='lat' dir='ltr'>suo</span> <span class='ocrx_word' id='word_1_181' title='bbox 196 2337 304 2409; x_wconf 89' lang='lat' dir='ltr'>posset</span> <span class='ocrx_word' id='word_1_182' title='bbox 318 2331 445 2388; x_wconf 89' lang='lat' dir='ltr'>honeste</span> <span class='ocrx_word' id='word_1_183' title='bbox 462 2331 577 2390; x_wconf 86' lang='lat' dir='ltr'>vivere.</span> 
     </span>
    </p>
   </div>
   <div class='ocr_carea' id='block_1_4' title="bbox 124 2485 1131 3965">
    <p class='ocr_par' dir='ltr' id='par_1_4' title="bbox 124 2485 1131 3965">
     <span class='ocr_line' id='line_1_24' title="bbox 155 2485 1130 2549; baseline -0.004 -11"><span class='ocrx_word' id='word_1_184' title='bbox 155 2489 195 2538; x_wconf 78' lang='grc' dir='ltr'>Νο</span> <span class='ocrx_word' id='word_1_185' title='bbox 215 2487 280 2538; x_wconf 84' lang='grc'>134</span> <span class='ocrx_word' id='word_1_186' title='bbox 294 2502 299 2535; x_wconf 78' lang='lat'>2</span> <span class='ocrx_word' id='word_1_187' title='bbox 313 2487 497 2537; x_wconf 79' lang='lat' dir='ltr'>Alexandri</span> <span class='ocrx_word' id='word_1_188' title='bbox 513 2487 633 2537; x_wconf 80' lang='lat' dir='ltr'>Severi.</span> <span class='ocrx_word' id='word_1_189' title='bbox 655 2487 750 2549; x_wconf 90' lang='lat' dir='ltr'>Duruy</span> <span class='ocrx_word' id='word_1_190' title='bbox 768 2487 825 2549; x_wconf 90' lang='lat' dir='ltr'>(Vl,</span> <span class='ocrx_word' id='word_1_191' title='bbox 846 2490 899 2546; x_wconf 66' lang='lat'>294,</span> <span class='ocrx_word' id='word_1_192' title='bbox 921 2487 974 2546; x_wconf 75' lang='lat'>295)</span> <span class='ocrx_word' id='word_1_193' title='bbox 993 2487 1033 2533; x_wconf 92' lang='lat' dir='ltr'>dit</span> <span class='ocrx_word' id='word_1_194' title='bbox 1046 2485 1130 2547; x_wconf 84' lang='lat' dir='ltr'>«qu&#39;il</span> 
     </span>
     <span class='ocr_line' id='line_1_25' title="bbox 125 2546 1130 2610; baseline -0.002 -14"><span class='ocrx_word' id='word_1_195' title='bbox 125 2552 211 2598; x_wconf 83' lang='lat' dir='ltr'>aurait</span> <span class='ocrx_word' id='word_1_196' title='bbox 230 2549 273 2597; x_wconf 74' lang='lat' dir='ltr'>ete</span> <span class='ocrx_word' id='word_1_197' title='bbox 296 2550 363 2596; x_wconf 89' lang='lat' dir='ltr'>dans</span> <span class='ocrx_word' id='word_1_198' title='bbox 385 2549 409 2596; x_wconf 86' lang='lat' dir='ltr'>la</span> <span class='ocrx_word' id='word_1_199' title='bbox 431 2551 474 2596; x_wconf 86' lang='lat' dir='ltr'>vie</span> <span class='ocrx_word' id='word_1_200' title='bbox 501 2550 591 2610; x_wconf 77' lang='lat' dir='ltr'>privdc</span> <span class='ocrx_word' id='word_1_201' title='bbox 615 2551 638 2596; x_wconf 87' lang='lat' dir='ltr'>le</span> <span class='ocrx_word' id='word_1_202' title='bbox 660 2550 776 2610; x_wconf 89' lang='lat' dir='ltr'>premier</span> <span class='ocrx_word' id='word_1_203' title='bbox 795 2550 842 2596; x_wconf 88' lang='lat' dir='ltr'>des</span> <span class='ocrx_word' id='word_1_204' title='bbox 860 2549 989 2609; x_wconf 86' lang='lat' dir='ltr'>hommes,</span> <span class='ocrx_word' id='word_1_205' title='bbox 1008 2552 1034 2594; x_wconf 87' lang='lat' dir='ltr'>et</span> <span class='ocrx_word' id='word_1_206' title='bbox 1052 2546 1130 2609; x_wconf 88' lang='lat' dir='ltr'>qu&#39;au</span> 
     </span>
     <span class='ocr_line' id='line_1_26' title="bbox 125 2609 1130 2672; baseline 0 -14"><span class='ocrx_word' id='word_1_207' title='bbox 125 2613 266 2659; x_wconf 87' lang='lat' dir='ltr'>souverain</span> <span class='ocrx_word' id='word_1_208' title='bbox 292 2611 407 2672; x_wconf 88' lang='lat' dir='ltr'>pouvoir</span> <span class='ocrx_word' id='word_1_209' title='bbox 437 2611 455 2657; x_wconf 93' lang='lat' dir='ltr'>il</span> <span class='ocrx_word' id='word_1_210' title='bbox 481 2611 522 2657; x_wconf 86' lang='lat' dir='ltr'>fut</span> <span class='ocrx_word' id='word_1_211' title='bbox 551 2611 711 2659; x_wconf 85' lang='lat' dir='ltr'>insuffisant.</span> <span class='ocrx_word' id='word_1_212' title='bbox 738 2631 748 2653; x_wconf 78' lang='lat' dir='ltr'>u</span> <span class='ocrx_word' id='word_1_213' title='bbox 772 2637 802 2646; x_wconf 94' lang='lat'>-</span> <span class='ocrx_word' id='word_1_214' title='bbox 826 2609 977 2660; x_wconf 80' lang='lat' dir='ltr'>Larario.</span> <span class='ocrx_word' id='word_1_215' title='bbox 1005 2609 1071 2656; x_wconf 90' lang='lat' dir='ltr'>Voir</span> <span class='ocrx_word' id='word_1_216' title='bbox 1096 2625 1130 2656; x_wconf 87' lang='lat' dir='ltr'>au</span> 
     </span>
     <span class='ocr_line' id='line_1_27' title="bbox 125 2671 1131 2735; baseline -0.002 -16"><span class='ocrx_word' id='word_1_217' title='bbox 125 2674 236 2735; x_wconf 83' lang='lat' dir='ltr'>texique.</span> <span class='ocrx_word' id='word_1_218' title='bbox 261 2699 289 2708; x_wconf 94' lang='lat'>·-</span> <span class='ocrx_word' id='word_1_219' title='bbox 316 2671 532 2733; x_wconf 85' lang='lat' dir='ltr'>Apollonium.</span> <span class='ocrx_word' id='word_1_220' title='bbox 558 2673 717 2733; x_wconf 89' lang='lat' dir='ltr'>Apollonius</span> <span class='ocrx_word' id='word_1_221' title='bbox 737 2673 769 2718; x_wconf 92' lang='lat' dir='ltr'>de</span> <span class='ocrx_word' id='word_1_222' title='bbox 793 2673 893 2734; x_wconf 88' lang='lat' dir='ltr'>Tyane,</span> <span class='ocrx_word' id='word_1_223' title='bbox 922 2672 1081 2733; x_wconf 89' lang='lat' dir='ltr'>philosophe</span> <span class='ocrx_word' id='word_1_224' title='bbox 1103 2673 1131 2722; x_wconf 80' lang='lat' dir='ltr'>et</span> 
     </span>
     <span class='ocr_line' id='line_1_28' title="bbox 127 2733 1129 2796; baseline -0.002 -16"><span class='ocrx_word' id='word_1_225' title='bbox 127 2735 312 2796; x_wconf 81' lang='lat' dir='ltr'>thaumaturge</span> <span class='ocrx_word' id='word_1_226' title='bbox 325 2735 431 2781; x_wconf 83' lang='lat' dir='ltr'>lameux</span> <span class='ocrx_word' id='word_1_227' title='bbox 444 2735 479 2780; x_wconf 93' lang='lat' dir='ltr'>du</span> <span class='ocrx_word' id='word_1_228' title='bbox 492 2734 523 2780; x_wconf 75' lang='lat' dir='ltr'>l⁸¹&#39;</span> <span class='ocrx_word' id='word_1_229' title='bbox 534 2735 613 2780; x_wconf 74' lang='lat' dir='ltr'>siecle</span> <span class='ocrx_word' id='word_1_230' title='bbox 632 2735 709 2794; x_wconf 78' lang='lat' dir='ltr'>apres</span> <span class='ocrx_word' id='word_1_231' title='bbox 727 2734 793 2782; x_wconf 85' lang='lat' dir='ltr'><strong>J.·C.</strong></span> <span class='ocrx_word' id='word_1_232' title='bbox 810 2760 836 2768; x_wconf 93' lang='lat'>-</span> <span class='ocrx_word' id='word_1_233' title='bbox 850 2733 982 2783; x_wconf 80' lang='lat' dir='ltr'>Amicos</span> <span class='ocrx_word' id='word_1_234' title='bbox 996 2748 1000 2780; x_wconf 93' lang='lat'>:</span> <span class='ocrx_word' id='word_1_235' title='bbox 1015 2733 1081 2779; x_wconf 89' lang='lat' dir='ltr'>Voir</span> <span class='ocrx_word' id='word_1_236' title='bbox 1096 2748 1129 2778; x_wconf 90' lang='lat' dir='ltr'>au</span> 
     </span>
     <span class='ocr_line' id='line_1_29' title="bbox 125 2793 1129 2858; baseline -0.003 -16"><span class='ocrx_word' id='word_1_237' title='bbox 125 2797 228 2858; x_wconf 73' lang='lat' dir='ltr'>lenique</span> <span class='ocrx_word' id='word_1_238' title='bbox 248 2795 368 2855; x_wconf 81' lang='lat' dir='ltr'>comites,</span> <span class='ocrx_word' id='word_1_239' title='bbox 386 2795 544 2844; x_wconf 86' lang='lat' dir='ltr'>consiliarii.</span> <span class='ocrx_word' id='word_1_240' title='bbox 561 2822 587 2830; x_wconf 93' lang='lat'>—</span> <span class='ocrx_word' id='word_1_241' title='bbox 606 2795 658 2845; x_wconf 80' lang='lat' dir='ltr'>Ab</span> <span class='ocrx_word' id='word_1_242' title='bbox 677 2794 837 2857; x_wconf 80' lang='lat' dir='ltr'>epistulis.</span> <span class='ocrx_word' id='word_1_243' title='bbox 854 2799 876 2843; x_wconf 88' lang='lat' dir='ltr'>A</span> <span class='ocrx_word' id='word_1_244' title='bbox 889 2793 1129 2856; x_wconf 83' lang='lat' dir='ltr'>partird&#39;lladricn</span> 
     </span>
     <span class='ocr_line' id='line_1_30' title="bbox 125 2856 1130 2918; baseline -0.002 -14"><span class='ocrx_word' id='word_1_245' title='bbox 125 2859 148 2905; x_wconf 85' lang='lat' dir='ltr'>la</span> <span class='ocrx_word' id='word_1_246' title='bbox 160 2858 336 2906; x_wconf 86' lang='lat' dir='ltr'>chanccllerie</span> <span class='ocrx_word' id='word_1_247' title='bbox 350 2856 488 2918; x_wconf 77' lang='lat' dir='ltr'>imperiale</span> <span class='ocrx_word' id='word_1_248' title='bbox 502 2872 529 2904; x_wconf 89' lang='lat' dir='ltr'>se</span> <span class='ocrx_word' id='word_1_249' title='bbox 542 2861 647 2904; x_wconf 87' lang='lat' dir='ltr'>recrute</span> <span class='ocrx_word' id='word_1_250' title='bbox 656 2858 723 2904; x_wconf 83' lang='lat' dir='ltr'>&lt;lans</span> <span class='ocrx_word' id='word_1_251' title='bbox 733 2856 828 2903; x_wconf 80' lang='lat' dir='ltr'>lordre</span> <span class='ocrx_word' id='word_1_252' title='bbox 846 2857 976 2918; x_wconf 86' lang='lat' dir='ltr'>e&#39;questre.</span> <span class='ocrx_word' id='word_1_253' title='bbox 992 2857 1046 2903; x_wconf 89' lang='lat' dir='ltr'>Ellc</span> <span class='ocrx_word' id='word_1_254' title='bbox 1059 2871 1130 2902; x_wconf 93' lang='lat' dir='ltr'>com—</span> 
     </span>
     <span class='ocr_line' id='line_1_31' title="bbox 125 2917 1129 2981; baseline -0.001 -16"><span class='ocrx_word' id='word_1_255' title='bbox 125 2922 207 2980; x_wconf 89' lang='lat' dir='ltr'>prend</span> <span class='ocrx_word' id='word_1_256' title='bbox 220 2923 315 2981; x_wconf 88' lang='lat' dir='ltr'>quatre</span> <span class='ocrx_word' id='word_1_257' title='bbox 328 2919 476 2979; x_wconf 83' lang='lat' dir='ltr'>cate&#39;gories</span> <span class='ocrx_word' id='word_1_258' title='bbox 489 2920 521 2965; x_wconf 90' lang='lat' dir='ltr'>de</span> <span class='ocrx_word' id='word_1_259' title='bbox 534 2919 743 2965; x_wconf 85' lang='lat' dir='ltr'>sonctionnaires</span> <span class='ocrx_word' id='word_1_260' title='bbox 756 2933 761 2965; x_wconf 92' lang='lat'>:</span> <span class='ocrx_word' id='word_1_261' title='bbox 776 2923 800 2964; x_wconf 87' lang='lat'>1⁰</span> <span class='ocrx_word' id='word_1_262' title='bbox 814 2920 837 2964; x_wconf 87' lang='lat' dir='ltr'>le</span> <span class='ocrx_word' id='word_1_263' title='bbox 848 2919 948 2966; x_wconf 90' lang='lat' dir='ltr'>bureau</span> <span class='ocrx_word' id='word_1_264' title='bbox 959 2917 992 2964; x_wconf 91' lang='lat' dir='ltr'>ab</span> <span class='ocrx_word' id='word_1_265' title='bbox 1005 2917 1129 2978; x_wconf 85' lang='lat' dir='ltr'>epistulis</span> 
     </span>
     <span class='ocr_line' id='line_1_32' title="bbox 125 2979 1127 3040; baseline 0.002 -16"><span class='ocrx_word' id='word_1_266' title='bbox 125 2983 157 3028; x_wconf 80' lang='lat' dir='ltr'>oh</span> <span class='ocrx_word' id='word_1_267' title='bbox 170 2997 198 3029; x_wconf 91' lang='lat' dir='ltr'>se</span> <span class='ocrx_word' id='word_1_268' title='bbox 218 2980 362 3028; x_wconf 86' lang='lat' dir='ltr'>centralise</span> <span class='ocrx_word' id='word_1_269' title='bbox 380 2983 454 3026; x_wconf 87' lang='lat' dir='ltr'>toute</span> <span class='ocrx_word' id='word_1_270' title='bbox 472 2981 496 3027; x_wconf 88' lang='lat' dir='ltr'>la</span> <span class='ocrx_word' id='word_1_271' title='bbox 510 2981 741 3040; x_wconf 85' lang='lat' dir='ltr'>correspondance</span> <span class='ocrx_word' id='word_1_272' title='bbox 763 2981 885 3027; x_wconf 85' lang='lat' dir='ltr'>officicllc</span> <span class='ocrx_word' id='word_1_273' title='bbox 909 2982 942 3026; x_wconf 87' lang='lat' dir='ltr'>dc</span> <span class='ocrx_word' id='word_1_274' title='bbox 962 2979 1127 3040; x_wconf 83' lang='lat' dir='ltr'>l&#39;empcreur.</span> 
     </span>
     <span class='ocr_line' id='line_1_33' title="bbox 127 3041 1130 3104; baseline -0.004 -14"><span class='ocrx_word' id='word_1_275' title='bbox 127 3044 146 3090; x_wconf 96' lang='grc'>11</span> <span class='ocrx_word' id='word_1_276' title='bbox 155 3044 302 3104; x_wconf 85' lang='lat' dir='ltr'>enregistre</span> <span class='ocrx_word' id='word_1_277' title='bbox 315 3043 353 3089; x_wconf 87' lang='lat' dir='ltr'>les</span> <span class='ocrx_word' id='word_1_278' title='bbox 367 3042 547 3089; x_wconf 87' lang='lat' dir='ltr'>nominations</span> <span class='ocrx_word' id='word_1_279' title='bbox 562 3041 703 3089; x_wconf 85' lang='lat' dir='ltr'>d&#39;officiers</span> <span class='ocrx_word' id='word_1_280' title='bbox 715 3042 839 3102; x_wconf 83' lang='lat' dir='ltr'>jusqu&#39;au</span> <span class='ocrx_word' id='word_1_281' title='bbox 853 3043 932 3102; x_wconf 74' lang='lat' dir='ltr'>grade</span> <span class='ocrx_word' id='word_1_282' title='bbox 947 3043 979 3087; x_wconf 91' lang='lat' dir='ltr'>de</span> <span class='ocrx_word' id='word_1_283' title='bbox 999 3042 1086 3101; x_wconf 72' lang='lat' dir='ltr'>pretet</span> <span class='ocrx_word' id='word_1_284' title='bbox 1096 3042 1130 3086; x_wconf 80' lang='lat' dir='ltr'>(lc</span> 
     </span>
     <span class='ocr_line' id='line_1_34' title="bbox 125 3102 1130 3165; baseline -0.003 -15"><span class='ocrx_word' id='word_1_285' title='bbox 125 3105 289 3153; x_wconf 83' lang='lat' dir='ltr'>lacavaleric</span> <span class='ocrx_word' id='word_1_286' title='bbox 308 3107 335 3150; x_wconf 93' lang='lat' dir='ltr'>et</span> <span class='ocrx_word' id='word_1_287' title='bbox 347 3104 385 3150; x_wconf 91' lang='lat' dir='ltr'>les</span> <span class='ocrx_word' id='word_1_288' title='bbox 395 3103 537 3164; x_wconf 71' lang='lat' dir='ltr'>privileges</span> <span class='ocrx_word' id='word_1_289' title='bbox 550 3103 675 3165; x_wconf 74' lang='lat' dir='ltr'>octroyds</span> <span class='ocrx_word' id='word_1_290' title='bbox 696 3118 757 3150; x_wconf 88' lang='lat' dir='ltr'>sous</span> <span class='ocrx_word' id='word_1_291' title='bbox 776 3105 859 3150; x_wconf 83' lang='lat' dir='ltr'>forme</span> <span class='ocrx_word' id='word_1_292' title='bbox 880 3105 912 3149; x_wconf 89' lang='lat' dir='ltr'>de</span> <span class='ocrx_word' id='word_1_293' title='bbox 932 3104 1040 3160; x_wconf 72' lang='lat' dir='ltr'>lettres3</span> <span class='ocrx_word' id='word_1_294' title='bbox 1060 3108 1084 3147; x_wconf 84' lang='lat'>2⁰</span> <span class='ocrx_word' id='word_1_295' title='bbox 1105 3102 1130 3148; x_wconf 91' lang='lat' dir='ltr'>le</span> 
     </span>
     <span class='ocr_line' id='line_1_35' title="bbox 124 3143 1129 3225; baseline -0.002 -13"><span class='ocrx_word' id='word_1_296' title='bbox 124 3167 249 3214; x_wconf 85' lang='lat' dir='ltr'>bureaua</span> <span class='ocrx_word' id='word_1_297' title='bbox 268 3143 376 3224; x_wconf 84' lang='lat' dir='ltr'>libellis,</span> <span class='ocrx_word' id='word_1_298' title='bbox 391 3166 435 3225; x_wconf 91' lang='lat' dir='ltr'>qui</span> <span class='ocrx_word' id='word_1_299' title='bbox 453 3166 538 3221; x_wconf 71' lang='lat' dir='ltr'>recoit</span> <span class='ocrx_word' id='word_1_300' title='bbox 557 3166 595 3212; x_wconf 91' lang='lat' dir='ltr'>les</span> <span class='ocrx_word' id='word_1_301' title='bbox 617 3167 741 3225; x_wconf 79' lang='lat' dir='ltr'>requetes</span> <span class='ocrx_word' id='word_1_302' title='bbox 754 3168 781 3211; x_wconf 83' lang='lat' dir='ltr'>et</span> <span class='ocrx_word' id='word_1_303' title='bbox 798 3165 939 3211; x_wconf 77' lang='lat' dir='ltr'>memoires</span> <span class='ocrx_word' id='word_1_304' title='bbox 958 3164 1080 3210; x_wconf 82' lang='lat' dir='ltr'>adressc&#39;s</span> <span class='ocrx_word' id='word_1_305' title='bbox 1095 3179 1129 3210; x_wconf 91' lang='lat' dir='ltr'>au</span> 
     </span>
     <span class='ocr_line' id='line_1_36' title="bbox 125 3216 1129 3287; baseline -0.003 -13"><span class='ocrx_word' id='word_1_306' title='bbox 125 3229 184 3276; x_wconf 82' lang='lat' dir='ltr'>chel</span> <span class='ocrx_word' id='word_1_307' title='bbox 188 3230 221 3275; x_wconf 91' lang='lat' dir='ltr'>de</span> <span class='ocrx_word' id='word_1_308' title='bbox 230 3216 343 3276; x_wconf 77' lang='lat' dir='ltr'>l&#39;Etatet</span> <span class='ocrx_word' id='word_1_309' title='bbox 350 3227 388 3273; x_wconf 89' lang='lat' dir='ltr'>les</span> <span class='ocrx_word' id='word_1_310' title='bbox 397 3227 505 3273; x_wconf 81' lang='lat' dir='ltr'>renvoie</span> <span class='ocrx_word' id='word_1_311' title='bbox 514 3226 651 3287; x_wconf 85' lang='lat' dir='ltr'>apostille&#39;s</span> <span class='ocrx_word' id='word_1_312' title='bbox 662 3242 710 3286; x_wconf 92' lang='lat' dir='ltr'>par</span> <span class='ocrx_word' id='word_1_313' title='bbox 718 3225 874 3287; x_wconf 86' lang='lat' dir='ltr'>l&#39;empcreur</span> <span class='ocrx_word' id='word_1_314' title='bbox 883 3225 1129 3287; x_wconf 77' lang='lat' dir='ltr'>(subscriptioriesl;</span> 
     </span>
     <span class='ocr_line' id='line_1_37' title="bbox 125 3287 1129 3351; baseline -0.001 -17"><span class='ocrx_word' id='word_1_315' title='bbox 125 3295 148 3334; x_wconf 73' lang='lat'>3⁰</span> <span class='ocrx_word' id='word_1_316' title='bbox 173 3292 197 3337; x_wconf 91' lang='lat' dir='ltr'>le</span> <span class='ocrx_word' id='word_1_317' title='bbox 221 3289 324 3336; x_wconf 90' lang='lat' dir='ltr'>bureau</span> <span class='ocrx_word' id='word_1_318' title='bbox 338 3303 353 3335; x_wconf 88' lang='lat' dir='ltr'>a</span> <span class='ocrx_word' id='word_1_319' title='bbox 368 3287 577 3351; x_wconf 75' lang='lat' dir='ltr'>copnilionibus.</span> <span class='ocrx_word' id='word_1_320' title='bbox 597 3287 691 3342; x_wconf 87' lang='lat' dir='ltr'>Quand</span> <span class='ocrx_word' id='word_1_321' title='bbox 709 3289 746 3334; x_wconf 85' lang='lat' dir='ltr'>les</span> <span class='ocrx_word' id='word_1_322' title='bbox 765 3289 909 3336; x_wconf 65' lang='lat' dir='ltr'>interesses</span> <span class='ocrx_word' id='word_1_323' title='bbox 923 3290 980 3334; x_wconf 86' lang='lat' dir='ltr'>font</span> <span class='ocrx_word' id='word_1_324' title='bbox 997 3289 1075 3348; x_wconf 86' lang='lat' dir='ltr'>appel</span> <span class='ocrx_word' id='word_1_325' title='bbox 1095 3302 1129 3333; x_wconf 90' lang='lat' dir='ltr'>au</span> 
     </span>
     <span class='ocr_line' id='line_1_38' title="bbox 124 3348 1128 3412; baseline -0.005 -13"><span class='ocrx_word' id='word_1_326' title='bbox 124 3352 237 3411; x_wconf 87' lang='lat' dir='ltr'>pouvoir</span> <span class='ocrx_word' id='word_1_327' title='bbox 251 3350 393 3412; x_wconf 81' lang='lat' dir='ltr'>judiciaire</span> <span class='ocrx_word' id='word_1_328' title='bbox 412 3351 444 3395; x_wconf 92' lang='lat' dir='ltr'>de</span> <span class='ocrx_word' id='word_1_329' title='bbox 462 3348 626 3410; x_wconf 81' lang='lat' dir='ltr'>l&#39;empcreur,</span> <span class='ocrx_word' id='word_1_330' title='bbox 648 3350 666 3395; x_wconf 94' lang='lat' dir='ltr'>il</span> <span class='ocrx_word' id='word_1_331' title='bbox 686 3350 795 3396; x_wconf 86' lang='lat' dir='ltr'>tranche</span> <span class='ocrx_word' id='word_1_332' title='bbox 813 3351 851 3396; x_wconf 89' lang='lat' dir='ltr'>lcs</span> <span class='ocrx_word' id='word_1_333' title='bbox 871 3351 1010 3410; x_wconf 82' lang='lat' dir='ltr'>questions</span> <span class='ocrx_word' id='word_1_334' title='bbox 1030 3365 1061 3396; x_wconf 90' lang='lat' dir='ltr'>en</span> <span class='ocrx_word' id='word_1_335' title='bbox 1080 3364 1128 3396; x_wconf 87' lang='lat' dir='ltr'>son</span> 
     </span>
     <span class='ocr_line' id='line_1_39' title="bbox 125 3410 1129 3474; baseline -0.003 -15"><span class='ocrx_word' id='word_1_336' title='bbox 125 3414 223 3462; x_wconf 88' lang='lat' dir='ltr'>conseil</span> <span class='ocrx_word' id='word_1_337' title='bbox 236 3412 312 3474; x_wconf 77' lang='lat' dir='ltr'>prive</span> <span class='ocrx_word' id='word_1_338' title='bbox 336 3410 503 3466; x_wconf 79' lang='lat' dir='ltr'>consiliariil,</span> <span class='ocrx_word' id='word_1_339' title='bbox 518 3427 550 3458; x_wconf 93' lang='lat' dir='ltr'>ou</span> <span class='ocrx_word' id='word_1_340' title='bbox 563 3427 631 3472; x_wconf 92' lang='lat' dir='ltr'>pour</span> <span class='ocrx_word' id='word_1_341' title='bbox 640 3411 752 3470; x_wconf 63' lang='lat' dir='ltr'>abreget*</span> <span class='ocrx_word' id='word_1_342' title='bbox 764 3411 787 3457; x_wconf 90' lang='lat' dir='ltr'>la</span> <span class='ocrx_word' id='word_1_343' title='bbox 799 3412 945 3471; x_wconf 71' lang='lat' dir='ltr'>procedure</span> <span class='ocrx_word' id='word_1_344' title='bbox 958 3427 991 3457; x_wconf 90' lang='lat' dir='ltr'>ou</span> <span class='ocrx_word' id='word_1_345' title='bbox 1006 3412 1081 3458; x_wconf 80' lang='lat' dir='ltr'>avoir</span> <span class='ocrx_word' id='word_1_346' title='bbox 1094 3426 1129 3456; x_wconf 96' lang='lat' dir='ltr'>un</span> 
     </span>
     <span class='ocr_line' id='line_1_40' title="bbox 125 3472 1130 3537; baseline -0.003 -17"><span class='ocrx_word' id='word_1_347' title='bbox 125 3475 293 3537; x_wconf 71' lang='lat' dir='ltr'>supplement</span> <span class='ocrx_word' id='word_1_348' title='bbox 311 3474 461 3534; x_wconf 74' lang='lat' dir='ltr'>denquetc‚</span> <span class='ocrx_word' id='word_1_349' title='bbox 484 3473 502 3519; x_wconf 95' lang='lat' dir='ltr'>il</span> <span class='ocrx_word' id='word_1_350' title='bbox 523 3474 561 3520; x_wconf 90' lang='lat' dir='ltr'>les</span> <span class='ocrx_word' id='word_1_351' title='bbox 581 3473 745 3520; x_wconf 84' lang='lat' dir='ltr'>saite&#39;tudier</span> <span class='ocrx_word' id='word_1_352' title='bbox 764 3474 830 3519; x_wconf 87' lang='lat' dir='ltr'>dans</span> <span class='ocrx_word' id='word_1_353' title='bbox 842 3474 865 3519; x_wconf 85' lang='lat' dir='ltr'>le</span> <span class='ocrx_word' id='word_1_354' title='bbox 879 3474 978 3519; x_wconf 83' lang='lat' dir='ltr'>bureau</span> <span class='ocrx_word' id='word_1_355' title='bbox 1001 3487 1014 3519; x_wconf 83' lang='lat' dir='ltr'>a</span> <span class='ocrx_word' id='word_1_356' title='bbox 1036 3472 1130 3534; x_wconf 70' lang='lat' dir='ltr'>rapni-</span> 
     </span>
     <span class='ocr_line' id='line_1_41' title="bbox 126 3533 1130 3596; baseline -0.001 -15"><span class='ocrx_word' id='word_1_357' title='bbox 126 3537 258 3591; x_wconf 83' lang='lat' dir='ltr'>tionibus,·</span> <span class='ocrx_word' id='word_1_358' title='bbox 274 3538 299 3581; x_wconf 70' lang='lat'>4⁰</span> <span class='ocrx_word' id='word_1_359' title='bbox 317 3536 341 3581; x_wconf 91' lang='lat' dir='ltr'>le</span> <span class='ocrx_word' id='word_1_360' title='bbox 356 3535 456 3581; x_wconf 91' lang='lat' dir='ltr'>bureau</span> <span class='ocrx_word' id='word_1_361' title='bbox 480 3549 495 3581; x_wconf 89' lang='lat' dir='ltr'>a</span> <span class='ocrx_word' id='word_1_362' title='bbox 518 3534 653 3592; x_wconf 87' lang='lat' dir='ltr'>memoria,</span> <span class='ocrx_word' id='word_1_363' title='bbox 677 3536 721 3595; x_wconf 89' lang='lat' dir='ltr'>qui</span> <span class='ocrx_word' id='word_1_364' title='bbox 740 3533 888 3596; x_wconf 84' lang='lat' dir='ltr'>n&#39;apparuit</span> <span class='ocrx_word' id='word_1_365' title='bbox 902 3550 952 3594; x_wconf 86' lang='lat' dir='ltr'>que</span> <span class='ocrx_word' id='word_1_366' title='bbox 971 3550 1033 3581; x_wconf 87' lang='lat' dir='ltr'>sous</span> <span class='ocrx_word' id='word_1_367' title='bbox 1049 3535 1130 3581; x_wconf 84' lang='lat' dir='ltr'>Cara-</span> 
     </span>
     <span class='ocr_line' id='line_1_42' title="bbox 125 3596 1128 3658; baseline -0.004 -12"><span class='ocrx_word' id='word_1_368' title='bbox 125 3601 187 3646; x_wconf 82' lang='lat' dir='ltr'>calla</span> <span class='ocrx_word' id='word_1_369' title='bbox 207 3602 235 3645; x_wconf 90' lang='lat' dir='ltr'>et</span> <span class='ocrx_word' id='word_1_370' title='bbox 249 3597 364 3658; x_wconf 75' lang='lat' dir='ltr'>empibte</span> <span class='ocrx_word' id='word_1_371' title='bbox 378 3597 483 3642; x_wconf 79' lang='lat' dir='ltr'>bientdt</span> <span class='ocrx_word' id='word_1_372' title='bbox 496 3611 541 3642; x_wconf 89' lang='lat' dir='ltr'>sur</span> <span class='ocrx_word' id='word_1_373' title='bbox 553 3597 591 3642; x_wconf 89' lang='lat' dir='ltr'>les</span> <span class='ocrx_word' id='word_1_374' title='bbox 602 3596 777 3643; x_wconf 86' lang='lat' dir='ltr'>attributions</span> <span class='ocrx_word' id='word_1_375' title='bbox 794 3597 841 3642; x_wconf 87' lang='lat' dir='ltr'>dcs</span> <span class='ocrx_word' id='word_1_376' title='bbox 861 3600 950 3642; x_wconf 85' lang='lat' dir='ltr'>autres</span> <span class='ocrx_word' id='word_1_377' title='bbox 963 3596 1090 3642; x_wconf 80' lang='lat' dir='ltr'>burcaux.</span> <span class='ocrx_word' id='word_1_378' title='bbox 1105 3598 1128 3642; x_wconf 87' lang='lat' dir='ltr'>A</span> 
     </span>
     <span class='ocr_line' id='line_1_43' title="bbox 125 3657 1131 3718; baseline -0.003 -13"><span class='ocrx_word' id='word_1_379' title='bbox 125 3661 146 3708; x_wconf 85' lang='lat' dir='ltr'>la</span> <span class='ocrx_word' id='word_1_380' title='bbox 158 3663 212 3708; x_wconf 77' lang='lat' dir='ltr'>tete</span> <span class='ocrx_word' id='word_1_381' title='bbox 224 3660 257 3706; x_wconf 93' lang='lat' dir='ltr'>de</span> <span class='ocrx_word' id='word_1_382' title='bbox 268 3659 372 3718; x_wconf 85' lang='lat' dir='ltr'>chaque</span> <span class='ocrx_word' id='word_1_383' title='bbox 382 3657 483 3704; x_wconf 90' lang='lat' dir='ltr'>bureau</span> <span class='ocrx_word' id='word_1_384' title='bbox 494 3661 535 3704; x_wconf 93' lang='lat' dir='ltr'>est</span> <span class='ocrx_word' id='word_1_385' title='bbox 546 3673 580 3704; x_wconf 92' lang='lat' dir='ltr'>un</span> <span class='ocrx_word' id='word_1_386' title='bbox 595 3672 636 3704; x_wconf 87' lang='lat' dir='ltr'>ma</span> <span class='ocrx_word' id='word_1_387' title='bbox 659 3657 723 3704; x_wconf 85' lang='lat' dir='ltr'>ister</span> <span class='ocrx_word' id='word_1_388' title='bbox 732 3657 904 3709; x_wconf 82' lang='lat' dir='ltr'>scriniorum,</span> <span class='ocrx_word' id='word_1_389' title='bbox 917 3672 979 3704; x_wconf 88' lang='lat' dir='ltr'>sous</span> <span class='ocrx_word' id='word_1_390' title='bbox 992 3659 1015 3703; x_wconf 90' lang='lat' dir='ltr'>la</span> <span class='ocrx_word' id='word_1_391' title='bbox 1029 3657 1131 3716; x_wconf 64' lang='lat' dir='ltr'>‹lopen-</span> 
     </span>
     <span class='ocr_line' id='line_1_44' title="bbox 125 3672 1130 3782; baseline -0.005 -15"><span class='ocrx_word' id='word_1_392' title='bbox 125 3724 205 3770; x_wconf 84' lang='lat' dir='ltr'>‹tance</span> <span class='ocrx_word' id='word_1_393' title='bbox 226 3722 262 3768; x_wconf 91' lang='lat' dir='ltr'>du</span> <span class='ocrx_word' id='word_1_394' title='bbox 273 3720 369 3782; x_wconf 80' lang='lat' dir='ltr'>pre&#39;vot</span> <span class='ocrx_word' id='word_1_395' title='bbox 378 3719 413 3765; x_wconf 93' lang='lat' dir='ltr'>du</span> <span class='ocrx_word' id='word_1_396' title='bbox 423 3719 508 3779; x_wconf 80' lang='lat' dir='ltr'>pelais</span> <span class='ocrx_word' id='word_1_397' title='bbox 519 3672 892 3780; x_wconf 68' lang='lat' dir='ltr'>(magisierofficiorum).</span> <span class='ocrx_word' id='word_1_398' title='bbox 907 3719 955 3765; x_wconf 86' lang='lat' dir='ltr'>Les</span> <span class='ocrx_word' id='word_1_399' title='bbox 964 3719 1081 3764; x_wconf 79' lang='lat' dir='ltr'>bureuux</span> <span class='ocrx_word' id='word_1_400' title='bbox 1095 3723 1130 3763; x_wconf 80' lang='lat' dir='ltr'>ne</span> 
     </span>
     <span class='ocr_line' id='line_1_45' title="bbox 124 3778 1128 3845; baseline -0.004 -15"><span class='ocrx_word' id='word_1_401' title='bbox 124 3784 146 3831; x_wconf 91' lang='lat' dir='ltr'>la</span> <span class='ocrx_word' id='word_1_402' title='bbox 158 3781 414 3845; x_wconf 76' lang='lat' dir='ltr'>comptabilitesont</span> <span class='ocrx_word' id='word_1_403' title='bbox 423 3781 436 3827; x_wconf 80' lang='grc'>(1</span> <span class='ocrx_word' id='word_1_404' title='bbox 445 3783 506 3840; x_wconf 88' lang='lat' dir='ltr'>part</span> <span class='ocrx_word' id='word_1_405' title='bbox 519 3784 546 3828; x_wconf 83' lang='lat' dir='ltr'>el</span> <span class='ocrx_word' id='word_1_406' title='bbox 557 3779 713 3842; x_wconf 77' lang='lat' dir='ltr'>s&#39;appellent</span> <span class='ocrx_word' id='word_1_407' title='bbox 726 3795 740 3826; x_wconf 89' lang='lat' dir='ltr'>a</span> <span class='ocrx_word' id='word_1_408' title='bbox 751 3780 912 3828; x_wconf 86' lang='lat' dir='ltr'>rationibus.</span> <span class='ocrx_word' id='word_1_409' title='bbox 927 3808 956 3814; x_wconf 93' lang='lat'><em>-</em></span> <span class='ocrx_word' id='word_1_410' title='bbox 968 3778 1128 3840; x_wconf 85' lang='lat' dir='ltr'>Principi-</span> 
     </span>
     <span class='ocr_line' id='line_1_46' title="bbox 124 3841 1130 3917; baseline -0.009 -23"><span class='ocrx_word' id='word_1_411' title='bbox 124 3845 183 3896; x_wconf 82' lang='lat' dir='ltr'>bus</span> <span class='ocrx_word' id='word_1_412' title='bbox 197 3841 369 3917; x_wconf 69' lang='lat' dir='ltr'>(officiorum)</span> <span class='ocrx_word' id='word_1_413' title='bbox 385 3856 390 3888; x_wconf 92' lang='lat'>:</span> <span class='ocrx_word' id='word_1_414' title='bbox 404 3842 479 3888; x_wconf 85' lang='lat' dir='ltr'>chefs</span> <span class='ocrx_word' id='word_1_415' title='bbox 491 3843 539 3889; x_wconf 78' lang='lat' dir='ltr'>(les</span> <span class='ocrx_word' id='word_1_416' title='bbox 552 3841 671 3890; x_wconf 84' lang='lat' dir='ltr'>bureaux</span> <span class='ocrx_word' id='word_1_417' title='bbox 687 3843 734 3889; x_wconf 89' lang='lat' dir='ltr'>des</span> <span class='ocrx_word' id='word_1_418' title='bbox 752 3841 877 3905; x_wconf 77' lang='lat' dir='ltr'>mapistri</span> <span class='ocrx_word' id='word_1_419' title='bbox 897 3841 1013 3888; x_wconf 87' lang='lat' dir='ltr'>militum</span> <span class='ocrx_word' id='word_1_420' title='bbox 1032 3842 1130 3900; x_wconf 88' lang='lat' dir='ltr'>(sortes</span> 
     </span>
     <span class='ocr_line' id='line_1_47' title="bbox 124 3903 508 3965; baseline -0.003 -12"><span class='ocrx_word' id='word_1_421' title='bbox 124 3907 154 3955; x_wconf 89' lang='lat' dir='ltr'>de</span> <span class='ocrx_word' id='word_1_422' title='bbox 165 3909 303 3955; x_wconf 84' lang='lat' dir='ltr'>ministres</span> <span class='ocrx_word' id='word_1_423' title='bbox 315 3906 347 3952; x_wconf 89' lang='lat' dir='ltr'>de</span> <span class='ocrx_word' id='word_1_424' title='bbox 360 3905 385 3950; x_wconf 90' lang='lat' dir='ltr'>la</span> <span class='ocrx_word' id='word_1_425' title='bbox 396 3903 508 3965; x_wconf 85' lang='lat' dir='ltr'>guerre).</span> 
     </span>
    </p>
   </div>
   <div class='ocr_carea' id='block_1_5' title="bbox 547 3983 706 4036">
    <p class='ocr_par' dir='ltr' id='par_1_5' title="bbox 547 3983 706 4036">
     <span class='ocr_line' id='line_1_48' title="bbox 547 3983 706 4036; baseline 0.006 -1"><span class='ocrx_word' id='word_1_426' title='bbox 547 3983 706 4036; x_wconf 77' lang='lat'>-135-</span> 
     </span>
    </p>
   </div>
   <div class='ocr_carea' id='block_1_6' title="bbox 0 0 1334 4244">
    <p class='ocr_par' dir='ltr' id='par_1_6' title="bbox 0 0 1334 4244">
     <span class='ocr_line' id='line_1_49' title="bbox 0 0 1334 4244; baseline 0 1"><span class='ocrx_word' id='word_1_427' title='bbox 0 0 1334 4244; x_wconf 95' lang='lat' dir='ltr'> </span> 
     </span>
    </p>
   </div>
  </div>
 </body>
</html>
