2658 4244
261 211 342 267 100.
361 195 679 279 Extravagances
698 210 743 264 de
763 205 940 278 caligula.

431 295 583 361 (Caligulae
596 295 765 358 dementiae.)

137 420 285 500 Princeps
304 419 354 479 ille
378 420 553 500 sumptibus
579 419 717 479 omnium
739 419 939 498 prodigorum
960 417 1103 496 ingenia*
1116 418 1158 481 4⁸

100 517 269 596 superavit,
287 525 481 576 commentus
498 537 614 575 novum
631 516 809 575 balnearum
825 536 925 588 usum,
944 523 1102 595 portento-

14 685 15 688 ,
98 614 218 672 sissima
237 634 349 690 genera
366 614 505 672 ciborum
525 621 616 692 atque
636 614 803 672 cenarum*
825 621 884 672 aut
898 611 1004 671 calidis
1019 611 1102 688 frigi·

14 711 15 714 ’
99 709 212 788 disque
248 711 414 787 unguentis
452 711 616 782 lavaretur,
653 708 888 790 pretiosissimas
924 707 1103 785 margaritas

97 815 187 864 aceto
213 807 394 886 liquefactas
417 807 583 879 sorberet*,
609 807 748 865 convivis
773 827 810 865 ex
835 806 930 865 auro*
956 825 1049 886 panes
1073 810 1104 862 et

14 943 16 974 4
96 904 231 983 opsonia
259 911 437 984 apponeret,
464 929 477 958 «
501 912 554 963 aut
579 904 659 980 frugi
682 904 836 962 hominem
861 923 927 962 esse
948 909 1100 982 oportere,

96 999 257 1069 dictitans
277 1008 331 1058 aut
346 1000 498 1060 Caesarem
510 1003 532 1066 *,
554 1025 567 1054 »
587 1000 667 1067 Quin
686 1009 716 1058 et
734 1001 896 1059 nummos*
912 1019 974 1058 non
990 996 1104 1056 medio-

95 1097 157 1155 cris
171 1118 299 1155 summae
312 1118 327 1155 e
340 1097 464 1174 fastigio
478 1097 611 1155 basilicae
620 1097 711 1155 luliae
726 1118 780 1176 per
790 1097 908 1176 aliquot
918 1095 983 1154 dies
991 1094 1104 1174 sparsit

13 1173 15 1204 ἶ
96 1193 128 1251 in
155 1193 291 1273 plebem.
319 1194 342 1251 F
346 1193 495 1252 abricavit
523 1202 553 1252 et
578 1193 702 1252 deceres
728 1193 917 1263 Liburnicas,
942 1190 1103 1270 gemmatis

94 1291 269 1370 puppibus,
287 1290 526 1349 versicoloribus
540 1290 627 1362 velis,
647 1311 756 1367 magna
777 1290 964 1349 thermarum
985 1296 1015 1347 et
1034 1308 1104 1367 por·

98 1387 219 1446 ticuum
236 1396 268 1445 et
282 1387 487 1446 tricliniorum
502 1387 637 1461 laxitate,
657 1408 828 1466 magnaque
842 1387 933 1445 etiam
949 1386 1057 1446 vitium
1074 1391 1105 1442 et

12 1479 14 1528 l
96 1484 322 1563 pomiferarum
346 1485 489 1542 arborum
511 1485 658 1544 varietate
682 1503 689 1544 :
715 1485 826 1564 quibus
846 1483 1041 1542 discumbens
1066 1481 1103 1540 de

12 1565 14 1618 l
95 1580 171 1639 die*
193 1581 274 1639 inter
295 1581 405 1639 choros
428 1601 463 1640 ac
484 1581 694 1660 symphonias,
713 1581 802 1640 litora
821 1581 998 1660 Campaniae
1017 1599 1104 1659 pera·

11 1737 12 1740 ,
93 1679 235 1756 graret*.
258 1680 292 1737 ln
317 1678 578 1738 exstructionibus
599 1678 813 1760 praetoriorum
835 1686 926 1757 atque
948 1676 1101 1748 villarum,

11 1795 13 1824 i
92 1775 180 1832 omni
198 1776 320 1833 ratione
344 1775 532 1854 posthabita,
550 1774 625 1832 nibil
648 1783 710 1834 tam
730 1776 848 1833 efficere
867 1772 1103 1853 concupiscebat

92 1891 189 1950 quam
212 1871 296 1951 quod
319 1892 408 1950 posse
426 1873 503 1931 effici
527 1879 700 1949 negaretur.
722 1873 761 1930 Et
773 1873 865 1952 jactae
886 1873 988 1951 itaque
1007 1870 1103 1928 moles

94 1969 212 2026 infesto
231 1989 265 2026 ac
282 1969 439 2048 profundo
454 1970 541 2042 mari,
557 1977 587 2027 et
600 1970 708 2028 excisae
725 1990 815 2049 rupes
830 1968 984 2027 durissimi
997 1967 1100 2040 silicis,

92 2072 125 2124 et
140 2067 245 2145 campi
263 2067 420 2124 montibus
436 2086 545 2144 aggere
565 2068 688 2146 aequati,
711 2076 741 2124 et
760 2067 954 2145 complanata
973 2064 1102 2124 fossuris

94 2163 250 2222 montium
274 2163 361 2242 juga,
385 2163 556 2221 incredibili
579 2162 701 2242 quidem
731 2163 885 2222 celeritate
911 2183 981 2222 cum
1009 2182 1101 2219 morae

93 2261 189 2340 culpa
212 2260 314 2340 capite
339 2260 486 2319 lueretur.
511 2263 567 2334 Ac,
593 2280 630 2318 ne
655 2261 774 2338 singula
796 2280 982 2340 enumerem,
1009 2259 1103 2316 vicies

93 2378 131 2416 ac
166 2358 281 2436 septies
311 2357 432 2416 milies*
461 2357 636 2416 sestertium
668 2377 727 2414 non
758 2366 823 2416 toto
854 2365 994 2416 vertente
1020 2376 1102 2414 anno

93 2455 282 2533 absumpsit.

125 2586 169 2636 Νο
185 2586 249 2637 100
262 2601 268 2634 2
283 2585 429 2648 Ingenia.
445 2585 486 2634 De
502 2586 528 2634 la
539 2587 565 2635 le
579 2590 636 2635 mot
648 2588 681 2634 de
698 2586 819 2650 Statque
832 2601 878 2634 sur
891 2586 1009 2649 Caligula
1022 2587 1103 2649 (Con-

10 2649 12 2662 '
93 2649 146 2698 sol.
163 2648 198 2696 ad
214 2648 290 2696 Hetv.
308 2649 333 2756 ty
350 2663 357 2696 ι
376 2667 388 2692 a
408 2648 490 2705 Quem
508 2647 575 2695 mihi
593 2647 701 2697 videtur
718 2662 810 2696 rerum
823 2651 920 2696 natura
938 2648 1051 2696 edidisse
1073 2649 1102 2696 ut

10 2725 12 2744 ¹
94 2710 248 2758 ostenderet
261 2709 311 2773 qui
345 2725 449 2758 summa
464 2708 531 2758 vitia
548 2709 576 2757 in
595 2725 698 2757 summa
714 2709 826 2771 fortuna
839 2713 957 2773 possent.
973 2711 1062 2757 »Voir
1075 2711 1101 2759 la

10 2769 12 2780 ’
94 2771 204 2881 stifft
215 2771 377 2896 {titali
380 2772 425 2882 '1¹³³
433 2772 547 2881 :titt
557 2772 780 2881 utitatis
788 2787 825 2881 ἓξ
827 2773 1100 2882 ‘inmittit

79 2900 219 2943 ·trueuses
230 2895 383 2943 debauches
397 2910 447 2957 que
458 2895 576 2956 Caligula
589 2899 727 2942 contracta
738 2910 789 2943 une
802 2897 915 2943 maladie
929 2897 973 2958 qui
985 2897 1007 2942 le
1021 2896 1101 2943 laissa

10 2985 11 2988 =
94 2972 129 3004 en
139 2958 214 3019 proie
227 2959 242 3004 a
255 2971 306 3003 une
324 2960 396 3005 sorte
413 2958 446 3004 de
464 2957 526 3004 solie
543 2957 667 3004 lurieuse.
682 2957 749 3004 Voir
763 2957 786 3004 le
803 2958 871 3005 rc'cit
887 2959 923 3004 du
938 2959 992 3019 juif
1007 2957 1101 3005 Philon

95 3020 199 3127 §Legat
212 3019 246 3066 ad
259 3018 372 3080 Gaium).
386 3045 416 3054 -
426 3020 580 3069 sorberet
594 3033 599 3065 :
613 3033 715 3066 comme
728 3019 868 3080 Cleopdtre
882 3020 926 3081 qui
939 3020 1055 3066 absorbe
1068 3021 1101 3067 de

106 3083 218 3128 amemc
232 3081 310 3136 lacon
321 3081 390 3128 deux
400 3095 505 3142 grosses
515 3080 602 3142 perles
613 3080 674 3127 d'un
686 3081 739 3128 tres
748 3082 831 3142 grand
840 3082 898 3142 prix
909 3081 993 3143 (Pline
1004 3079 1100 3142 l'Anc.,

96 3141 144 3200 lx,
158 3144 207 3204 58).
219 3169 249 3176 -
262 3143 314 3190 Ex
326 3155 417 3202 auro,
431 3156 459 3190 se
476 3143 629 3204 rapportea
647 3141 756 3203 opsonia
774 3143 846 3190 aussi
863 3143 925 3189 bien
939 3141 998 3204 qu'al
1007 3158 1100 3206 panes.

95 3204 163 3251 Voir
176 3205 223 3251 des
238 3204 314 3251 solies
328 3203 489 3251 semblables
504 3205 570 3251 dans
584 3203 712 3251 l'histoire
724 3203 924 3265 d'Htliogabale
938 3204 1015 3268 (Hist.
1029 3209 1100 3268 Aug.

95 3267 179 3329 26-31)
192 3280 198 3312 :
212 3286 222 3308 u
237 3264 360 3312 exhibuit
369 3264 498 3327 parasitis
509 3280 586 3313 cenas
597 3267 628 3313 de
640 3265 751 3317 uitreis:
763 3281 966 3329 nonnumquam
981 3268 1018 3313 tot
1029 3266 1102 3329 picta

96 3327 220 3375 mantilia
240 3327 267 3374 in
286 3342 404 3374 mensam
420 3326 551 3386 mittebat,
570 3327 612 3375 liis
628 3327 754 3375 edulibus
763 3327 835 3390 picta
852 3343 920 3390 quae
936 3343 1103 3390 apponeren-

95 3393 151 3436 tur.
166 3409 177 3432 »
190 3416 220 3425 -
232 3389 419 3439 Caesarem.
438 3387 509 3436 C'est
525 3390 550 3436 la
568 3390 630 3437 solie
643 3391 690 3436 des
707 3391 861 3451 grandeurs.
879 3390 920 3436 De
935 3391 960 3437 la
972 3391 997 3437 la
1010 3391 1102 3437 devise

94 3453 128 3498 de
140 3450 259 3512 Caligula
271 3465 276 3498 :
290 3449 405 3498 «Omnia
419 3449 522 3498 mihist
536 3449 563 3497 in
575 3466 665 3498 omnes
680 3450 758 3498 licere
775 3471 786 3493 i
800 3451 893 3513 (Suet,
904 3451 998 3514 Catia,
1011 3454 1058 3512 29).
1074 3477 1102 3487 -

95 3513 254 3562 Nummos
273 3527 278 3559 :
297 3512 336 3560 Cf.
353 3512 432 3571 Dion,
449 3513 516 3572 LIX,
531 3516 568 3560 25.
584 3538 614 3547 —
633 3513 681 3561 De
698 3513 750 3562 die
769 3528 774 3560 1
793 3528 861 3574 pour
878 3514 974 3560 braver
991 3515 1029 3560 les
1042 3529 1104 3560 cou-

94 3579 183 3622 tumes
202 3588 302 3631 recues.
319 3600 349 3608 -
359 3574 561 3636 Peragraret
578 3589 583 3621 :
598 3575 746 3636 subjunctii
756 3575 922 3622 d'intention.
936 3601 965 3609 -
981 3575 1102 3634 Milies,

93 3638 291 3684 sous-entendu
314 3637 424 3682 centena
447 3635 530 3683 milia.
553 3635 648 3683 C'etuit
669 3640 744 3684 toute
766 3636 897 3698 l'epargne
922 3638 953 3684 de
976 3637 1071 3683 Tibere
1094 3651 1101 3683 :

94 3703 157 3744 2700
169 3697 287 3744 millions
305 3698 338 3744 de
356 3699 499 3757 sesterces;
513 3698 583 3745 Dion
596 3698 674 3768 lLer
689 3700 712 3759 2)
725 3699 766 3745 dit
783 3703 842 3744 2300
859 3699 984 3746 millions.
1004 3699 1038 3744 Ce
1057 3698 1103 3758 qui

93 3760 226 3822 equivaut
240 3761 255 3806 a
271 3773 324 3820 peu
338 3759 399 3819 pres
412 3760 427 3806 sl
440 3762 453 3805 l
466 3775 501 3807 ou
514 3765 557 3805 500
571 3761 688 3806 millions
701 3760 733 3806 de
744 3763 820 3807 notre
838 3761 969 3807 monnaie.
984 3758 1104 3820 Caligula

93 3823 187 3870 iaisait
201 3822 247 3868 des
256 3834 370 3882 soupers
381 3821 425 3882 qui
436 3821 591 3868 revenaient
601 3822 616 3868 a
627 3826 655 3868 10
668 3822 784 3869 milliens
798 3823 830 3869 de
844 3827 981 3869 sesterces.

525 3966 682 4016 -101-
