2714 4236
109 12 399 87 ψτὛ

133 158 218 217 428.
251 158 421 214 Mesures
452 159 580 215 contre
616 133 892 214 l’lntroductlon
920 156 986 212 des
1016 139 1136 212 cultes

528 243 740 314 etrangers.

454 357 566 421 (Contra
577 359 704 414 aeternos
717 356 808 420 ritus.)

143 489 145 496 “
172 477 240 535 Νοη
256 477 320 556 jam
344 477 375 536 in
397 483 514 536 secreto
534 477 627 535 modo
646 484 739 556 atque
755 476 836 535 intra
857 474 1009 555 parietes*
1031 471 1134 532 abole-
1150 467 1194 530 3⁸
1284 529 1289 536 ,
1326 507 1327 514 .

131 572 245 633 bantur
258 574 390 632 Romani
407 574 495 648 ritus,
510 573 562 632 sed
577 573 608 632 in
626 573 750 652 publico
768 573 859 630 etiam
875 592 910 631 ac
925 571 993 630 foro
1008 569 1135 649 Capito-

132 669 236 749 lioque
251 670 414 728 mulierum
430 670 519 729 turba
535 676 600 728 erat
618 689 673 729 nee
691 668 927 730 sacrificantium
943 686 1136 746 necprecan·

88 820 99 843 ,
131 766 209 825 tium
221 766 303 824 Deos
314 768 414 845 patrio
427 787 522 825 more.
535 765 727 825 Sacrificuli*
742 787 777 825 ac
788 773 873 824 vates
886 763 1136 844 ceperanthomi-

132 882 207 921 num
227 870 359 934 mentes;
387 865 539 942 quorum*
560 883 721 922 numerum
748 863 834 921 auxit
859 862 975 920 rustico
991 858 1076 940 plebs
1098 877 1136 916 ex

132 959 257 1016 incultis
270 959 390 1017 diutino
406 958 486 1018 bello
504 959 706 1038 infestisque*
718 960 797 1038 agris
810 965 944 1037 egestate
960 963 991 1016 et
1004 963 1087 1015 metu
1104 955 1136 1012 in
1206 1035 1207 1040 ἵ

133 1055 239 1113 urbem
251 1055 420 1134 compulsa,
436 1061 467 1114 et
481 1063 618 1135 quaestus
633 1077 670 1114 ex
688 1055 788 1114 alieno
804 1072 906 1114 errore
919 1053 1029 1126 facilis,
1044 1073 1135 1132 quem
1160 1061 1162 1066 '

134 1151 221 1210 velut
231 1172 384 1210 concessae
400 1152 474 1210 artis
490 1173 547 1211 usu
569 1152 762 1211 exercebant.
781 1153 885 1211 Primo
899 1156 1023 1210 secretae
1038 1149 1137 1208 bono-

132 1269 201 1306 rum
213 1247 463 1326 indignationes*
476 1247 729 1321 exaudiebantur,
743 1248 854 1308 deinde
870 1248 907 1307 ad
923 1247 1028 1306 Patres
1043 1246 1136 1305 etiarn

133 1357 169 1403 a'c
190 1344 345 1423 publicam
365 1345 587 1425 querimoniam
612 1345 743 1404 excessit
764 1366 822 1405 res.
850 1345 985 1403 lncusati
1002 1343 1139 1421 graviter

133 1453 171 1500 ab
194 1449 302 1499 senatu
325 1441 428 1500 aediles
450 1443 656 1522 tresvirique*
676 1442 821 1521 capitales
845 1442 927 1522 quod
952 1461 1013 1499 non
1033 1439 1139 1519 prohi-

134 1537 242 1595 berent
251 1539 272 1606 *‚
283 1558 352 1596 cum
365 1558 507 1597 emovere
518 1559 584 1598 earn
595 1539 825 1598 multitudinem
840 1559 856 1597 e
867 1539 934 1597 loro
949 1558 983 1596 ac
996 1537 1139 1616 disjicere

133 1641 299 1713 apparatus
309 1655 465 1695 sacrorum
476 1637 578 1694 eonati
589 1642 702 1706 essent,
717 1635 797 1694 baud
811 1633 917 1714 procul
930 1633 1048 1692 abluit*
1062 1633 1138 1713 quin

134 1730 332 1790 violarentur.
349 1731 407 1790 Ubi
418 1733 644 1812 potentiusjam
654 1753 718 1790 esse
732 1731 1137 1810 idmalumapparuitquam

135 1834 169 1885 ut
195 1828 347 1886 minores*
371 1849 425 1907 per
442 1829 638 1906 magistratus
659 1830 826 1899 sedaretur,
855 1828 998 1908 praetori*
1020 1826 1139 1885 urbano

135 1925 293 2001 negotium
316 1924 354 1982 ab
375 1933 482 1987 senatu
507 1925 612 1984 datum
636 1933 682 1984 est
702 1933 736 1984 ut
757 1927 800 1984 eis
820 1924 1018 2002 religionibus
1042 1944 1140 2002 popu—

134 2019 197 2078 lum
209 2020 364 2080 liberaret.
383 2022 411 2080 ls
425 2029 456 2080 et
467 2022 498 2080 in
509 2023 653 2081 contione
664 2030 788 2081 senatus
799 2020 1138 2092 consultum'recitavit,

133 2123 166 2174 et
180 2115 276 2176 edixit
289 2124 335 2187 ut,
355 2119 541 2198 quicumque
555 2119 648 2177 libros
668 2119 819 2177 vaticinos
837 2118 1068 2211 precationesve
1085 2123 1142 2174 aut

135 2215 252 2270 artem*
268 2214 457 2272 sacrificandi
480 2215 684 2294 conscriptam
702 2215 839 2288 haberet,
856 2235 908 2271 eos
926 2213 1021 2274 libros
1032 2233 1140 2272 omnes

137 2309 337 2388 litterasque*
353 2311 391 2369 ad
405 2331 436 2368 se
449 2319 520 2369 aute
536 2311 683 2369 kalendas
697 2310 820 2389 Apriles
832 2310 976 2379 deferret,
995 2330 1053 2368 neu
1069 2309 1141 2389 quis

136 2406 168 2462 in
182 2405 305 2484 publico
323 2427 447 2466 sacrove
457 2391 473 2430 *¹
483 2407 551 2465 loco
564 2427 645 2466 novo
659 2414 712 2466 aut
724 2413 851 2466 externo
866 2407 927 2464 ritu
941 2406 1137 2468 sacrificaret.

165 2548 207 2617 ΙΨ
218 2547 284 2599 428
299 2563 305 2596 z
316 2549 475 2600 Parietes.
488 2550 510 2597 Il
520 2551 596 2620 s'agit
608 2552 655 2599 des
666 2551 833 2624 particulileurs
847 2563 852 2598 :
864 2550 882 2598 il
892 2566 911 2629 p
922 2549 993 2597 avait
1003 2549 1050 2596 des
1062 2563 1140 2620 sacra

134 2611 249 2672 privata,
259 2613 290 2681 'et
302 2612 348 2658 des
361 2625 435 2658 sacra
443 2611 566 2720 publica.
584 2639 614 2648 —
631 2611 825 2683 sacrificuli
842 2612 864 2658 ll
877 2627 893 2658 n
903 2614 944 2658 est
954 2625 1002 2672 pas
1014 2613 1139 2685 question

135 2673 183 2742 des
196 2677 349 2745 magistrats
362 2674 441 2734 appel
459 2689 471 2720 s
482 2688 558 2746 repes
571 2673 727 2736 sacrificuli,
740 2688 807 2720 mais
819 2675 852 2720 de
865 2675 968 2735 pretres
980 2671 1074 2718 affines
1087 2687 1140 2718 aux

134 2733 260 2794 religione
272 2735 434 2795 etrangeres,
450 2738 606 2796 pratiquant
618 2751 653 2782 uu
664 2736 735 2782 culte
752 2750 804 2784 non
821 2750 938 2782 reconnu
951 2748 1000 2795 par
1009 2724 1097 2791 l’Etat,
1110 2737 1141 2782 et

134 2795 248 2842 rendunt
262 2795 309 2842 des
326 2797 427 2844 oracles
444 2797 536 2859 (nates)
553 2797 599 2858 qui
615 2797 748 2844 n'avaient
783 2812 811 2844 as
828 2811 863 2843 un
881 2797 1014 2843 caractere
1031 2794 1137 2842 olficiel.

134 2883 164 2892 —
213 2869 328 2906 uorum
348 2857 592 2920 (sacrificulorum).
612 2885 642 2893 —
660 2812 803 2917 Infestis
824 2859 941 2904 devenus
954 2871 1005 2918 peu
1025 2859 1092 2904 sere.
1108 2884 1138 2893 -

135 2917 171 2967 In
207 2917 389 2979 matrones,
408 2933 438 2965 ce
453 2919 548 2980 pluriel
566 2920 676 2980 indique
688 2935 739 2967 une
756 2920 844 2967 action
858 2919 974 2981 repetes.
995 2943 1023 2953 -
1042 2918 1139 2967 Tres-

135 2977 202 3027 virl
218 2979 389 3041 capitales.
411 2981 564 3042 lllagistrats
583 2982 748 3030 subalternes
767 2981 876 3042 charges
890 2982 924 3027 de
942 2981 966 3026 la
983 2980 1069 3050 police
1084 2980 1138 3049 ¹des

136 3040 256 3087 esclaves
271 3041 341 3088 etde
356 3041 380 3088 la
398 3042 581 3102 basseclasse;
598 3045 657 3090 leur
674 3057 736 3089 nom
755 3043 828 3090 vient
840 3042 872 3088 de
890 3057 919 3088 ce
937 3040 1014 3103 qu'ils
1031 3045 1139 3088 avaient

134 3101 202 3148 dans
210 3101 280 3148 leurs
289 3102 463 3151 attributions
474 3104 511 3152 les
522 3105 676 3152 executione
687 3105 822 3165 capitales.
837 3129 864 3140 -·
878 3103 1103 3161 Pronlberent,
1115 3117 1136 3149 s.

134 3163 251 3210 entendu
264 3177 322 3212 :ees
334 3163 491 3227 religionem
504 3166 573 3227 style
584 3167 699 3213 indirect
710 3181 715 3212 :
726 3166 740 3212 e
751 3180 780 3212 ce
810 3166 870 3212 u'on
881 3166 968 3212 disait.
981 3191 1008 3198 —
1020 3163 1138 3213 Abl‘uit

135 3215 324 3293 Construisez:
345 3225 417 3272 baud
431 3227 528 3288 procul
541 3226 630 3288 abfuit
652 3226 719 3289 quin
735 3181 835 3274 aediles
855 3225 971 3273 incusati
989 3225 1062 3288 quod
1085 3239 1138 3272 non

134 3283 319 3346 prohiberent,
332 3286 500 3335 violarentur
510 3303 570 3336 cum
589 3289 678 3337 conati
695 3290 789 3335 essent.
801 3314 830 3322 —
842 3287 994 3337 Minores.
1010 3286 1139 3334 C'etaient

133 3348 172 3394 les
183 3346 273 3406 ediles,
287 3352 435 3408 questeurs,
453 3350 568 3409 tribune,
582 3350 638 3397 elus
657 3351 723 3397 dans
739 3350 777 3396 les
792 3349 906 3396 cornices
919 3364 968 3410 par
980 3349 1073 3396 tribus.
1085 3349 1137 3397 Les

135 3407 251 3469 majores
265 3409 365 3457 etaient
377 3410 433 3457 elus
445 3411 512 3458 dans
526 3413 564 3458 les
580 3413 695 3459 comices
732 3426 762 3458 ar
776 3411 909 3458 centuries
925 3428 932 3459 .·
945 3411 1059 3467 consuls,
1074 3425 1136 3456 cen-

134 3484 218 3528 seurs,
228 3470 358 3530 preteurs.
369 3497 396 3506 -
405 3473 557 3522 Praetori
569 3474 704 3523 urbano.
741 3474 920 3520 oircemotau
933 3472 1046 3533 lexique.
1062 3472 1138 3518 Cette

134 3531 225 3578 allaire
242 3533 345 3580 revient
361 3534 394 3580 de
411 3533 482 3581 droit
494 3549 527 3582 au
539 3535 647 3596 preteur
664 3534 838 3592 urbain,chel
854 3533 976 3594 supreme
995 3534 1027 3579 de
1044 3533 1068 3579 la
1080 3533 1138 3594 jus-

135 3593 196 3640 tice.
209 3619 239 3628 -
251 3593 374 3654 Artem,
388 3595 421 3642 de
433 3597 518 3642 meme
531 3611 563 3643 en
574 3611 634 3658 grec
646 3595 915 3664 &pesp-Litteras
927 3594 1136 3657 :scripturam

132 3690 163 3698 -
176 3663 277 3712 Sacro
287 3665 312 3720 te
323 3680 358 3711 un
373 3665 441 3712 Dieu
459 3666 571 3728 romain)
588 3680 652 3713 :car
669 3657 741 3713 l'edit
759 3680 792 3712 ne
810 3665 907 3712 defend
924 3679 972 3726 pas
989 3665 1022 3712 de
1041 3665 1138 3712 rendre

134 3739 186 3772 nux
200 3724 279 3772 dieux
292 3725 429 3787 etrangers
441 3742 476 3773 un
489 3727 559 3774 culte
572 3728 749 3788 domestique.

180 3803 217 3844 Vie
233 3803 345 3858 poetique
363 3806 401 3846 des
418 3805 531 3846 Romaim
1059 3803 1082 3844 tl

28 3941 31 4029 ,
