2658 4244
233 179 291 237 93.
308 180 617 237 Administration
632 180 831 237 interieure
847 183 892 237 de
907 180 1078 248 l'Empire
1093 177 1232 235 romain

515 269 540 326 a
557 267 721 337 1’e'poque
742 270 953 338 d'Auguste.

325 372 472 436 (Quomodo
484 371 627 436 imperium
639 387 790 433 romanum,
801 374 925 437 Augusto
933 371 1064 435 principe,
1079 369 1150 418 domi

640 449 763 500 habitum
774 451 830 514 sit.)

179 595 219 660 2⁰
274 601 456 679 Congruens
480 601 675 660 ‘crediderim
710 621 868 660 recensere
905 608 1022 660 ceteras
1059 599 1233 680 reipublice

233 706 336 778 partes
347 701 368 770 *,
386 697 614 777 quibusmodis
634 698 671 756 ad
689 719 755 757 eam
776 698 858 757 diem
873 697 986 756 habitae
1002 697 1073 756 sint.
1087 696 1156 755 Jam
1173 697 1234 775 pri·
1320 687 1321 694 ἵ

233 815 317 852 mum
338 783 460 874 publica
480 795 603 872 negotia
623 803 653 853 et
671 795 862 874 privatorum
885 795 1017 853 maxima
1034 793 1116 873 apud
1132 801 1234 872 patres
1320 809 1321 816 ³

233 891 454 963 tractabantur,
472 892 664 971 dabaturque
683 891 869 971 primoribus
884 892 1042 970 disserere,
1062 899 1092 949 et
1111 891 1141 948 in
1161 889 1235 947 adu·

232 988 378 1056 lationem
401 987 502 1067 lapsos
525 987 711 1047 cohibebat*
732 989 797 1068 ipse
821 989 963 1068 princeps
976 1011 982 1057 ;
1009 986 1234 1065 mandabatque
1320 1015 1321 1028 r

232 1085 375 1157 honores,
415 1083 609 1143 nobilitatem
651 1084 814 1164 majorum,
853 1084 1068 1143 claritudinem
1106 1082 1231 1154 militiae,

232 1180 366 1239 illustres
395 1181 478 1238 domi
505 1189 585 1238 artes
618 1180 796 1259 spectando,
830 1188 864 1239 ut
889 1181 962 1239 satis
986 1188 1142 1238 constaret
1172 1200 1234 1237 non

231 1277 307 1335 alios
327 1278 463 1358 potiores
483 1277 588 1336 fuisse.
606 1277 665 1335 Sua
684 1276 873 1350 consulibua,
895 1298 948 1336 sua
968 1276 1151 1356 praetoribus
1167 1296 1235 1355 spe·
1320 1281 1321 1294 ²

230 1374 331 1448 cies*;
354 1373 510 1432 minorum
527 1393 653 1453 quoque
675 1375 909 1451 magistratuum
929 1374 1062 1432 exercita
1079 1378 1232 1452 potestas3

231 1470 386 1550 legesque,
406 1470 431 1528 si
449 1471 620 1549 majestatis
636 1471 767 1550 quaestio
785 1471 1001 1543 eximeretur*,
1018 1470 1100 1528 bono
1117 1469 1149 1527 in
1165 1490 1233 1526 usu.
1320 1461 1321 1482 l

231 1569 273 1624 At
288 1568 462 1626 frumenta*
481 1574 513 1626 et
529 1567 667 1646 pecuniae
683 1566 880 1644 vectigales*,
902 1568 1023 1625 cetera*
1040 1566 1234 1646 publicorum

231 1665 388 1722 fructuum
408 1664 607 1723 societatibus
630 1664 789 1742 equitum*
811 1683 1008 1721 romanorum
1026 1663 1233 1742 agitabantur.

231 1759 293 1818 Res
311 1762 401 1818 suas*
415 1760 519 1820 Caesar
534 1761 760 1840 spectatissimo
778 1761 901 1839 cuique,
918 1760 1102 1839 quibusdam
1119 1758 1236 1836 ignotis
1320 1749 1321 1814 J

230 1877 268 1914 ex
282 1857 363 1916 fama
383 1857 565 1931 mandabat;
588 1857 742 1936 semelque
763 1857 911 1936 assumpti
928 1857 1134 1916 tenebantur*
1149 1876 1235 1935 pror·
1320 1915 1321 1918 ,

230 1973 281 2011 sus
304 1954 369 2012 sine
394 1953 496 2027 modo,
521 1974 591 2012 cum
618 1954 756 2033 plerique
782 1953 879 2011 isdem
904 1953 1034 2030 negotiis
1061 1954 1234 2012 insenesce-

230 2058 309 2109 rent.
326 2049 433 2108 Plebes
448 2051 510 2108 aeri
527 2050 652 2129 quidem
667 2052 810 2108 annona*
822 2051 1019 2127 fatigabatur,
1037 2049 1089 2108 sed
1105 2049 1189 2108 nulla
1203 2049 1234 2106 in
1320 2035 1321 2038 Ἴ

230 2167 266 2206 eo
279 2146 369 2226 culpa
380 2167 417 2204 ex
428 2147 567 2226 principe
582 2166 588 2206 :
604 2147 677 2226 quin
691 2146 906 2205 infecunditati
920 2154 1070 2206 terrarum
1083 2152 1136 2204 aut
1149 2166 1236 2225 aspe-
1320 2219 1321 2228 ἵ

229 2244 291 2301 ris*
315 2244 408 2301 maris
432 2243 554 2302 obviam
581 2243 627 2315 iit,
653 2251 802 2322 quantum
827 2243 984 2323 impendio
1012 2243 1236 2321 diligentiaque
1320 2299 1321 2322 ζ

229 2346 361 2418 poterat.
375 2339 415 2398 Et
424 2360 462 2398 ne
475 2340 643 2418 provinciae
654 2341 743 2398 novis
756 2340 901 2399 oneribus
916 2340 1124 2411 turbarentur,
1138 2347 1236 2418 utque
1320 2331 1321 2364 ³

229 2444 333 2495 vetera
345 2437 409 2494 sine
418 2436 547 2494 avaritia
557 2443 609 2494 aut
617 2436 797 2495 crudelitate
806 2437 1042 2514 magistratuum
1053 2437 1234 2508 tolerarent,
1320 2453 1321 2516 t

228 2533 432 2612 providebat:
447 2553 611 2612 corporum
624 2533 763 2606 verbera,
779 2533 990 2613 ademptiones
1000 2535 1153 2592 bonorum
1163 2533 1238 2592 abe·
1320 2531 1321 2584 ἶ

228 2638 307 2690 rant.
332 2629 406 2688 Rari
429 2651 483 2710 per
505 2630 625 2688 Italiam
650 2630 779 2689 Caesaris
803 2631 878 2708 agri,
910 2630 1069 2690 modesta*
1093 2631 1234 2703 servitia,
1320 2615 1321 2620 ἵ

228 2728 308 2786 intra
329 2747 443 2807 paucos
466 2727 593 2785 libertos
617 2726 743 2802 domus;
768 2728 846 2786 acsi
870 2727 993 2808 quando
1011 2748 1081 2787 cum
1104 2727 1238 2806 privatis

226 2825 423 2904 disceptaret,
439 2824 540 2883 forum
559 2831 589 2883 et
597 2824 661 2904 jus,
1320 2815 1321 2822 ἵ

257 2966 298 3016 N⁰
309 2965 352 3016 93
365 2980 370 3013 ε
383 2965 511 3014 Partes.
525 2965 560 3012 Ce
572 2968 629 3013 mot
640 2979 667 3011 se
676 2965 806 3024 rattache,
817 2980 866 3027 par
876 2981 911 3012 un
921 2965 1052 3013 ventahle
1065 2964 1236 3023 hellenisme,
1320 2965 1321 2986 ³

227 3029 241 3074 a
254 3027 354 3135 quibus
369 3025 462 3074 modis.
476 3026 542 3072 Voir
552 3027 576 3073 le
587 3027 741 3073 Monument
754 3027 900 3089 d’Ancpre;
913 3028 1012 3085 Fustel,
1025 3027 1092 3074 Hist.
1107 3027 1152 3073 des
1163 3025 1236 3074 Inst.
1320 3077 1321 3088 2

224 3104 259 3151 po
274 3125 279 3136 .
294 3090 325 3135 de
341 3087 486 3135 l'ancienne
501 3088 608 3147 France,
622 3088 688 3134 livre
702 3088 735 3135 ΙΙ.
750 3115 779 3124 -
792 3088 985 3139 cohibebat.
999 3089 1020 3135 ll
1037 3089 1157 3135 defendit
1168 3089 1184 3134 a
1197 3103 1237 3134 un
1320 3105 1321 3112 ³

226 3151 362 3198 courtisan
382 3151 415 3196 de
432 3147 559 3210 l'appeler
577 3149 691 3197 domine.
709 3177 739 3184 -
752 3149 893 3211 Species,
907 3149 996 3198 l'aclat
1008 3151 1148 3208 exterieur,
1162 3151 1237 3196 mais
1320 3159 1321 3192 t

226 3226 278 3258 non
290 3211 425 3259 l'autorite
438 3212 569 3259 effective.
584 3239 615 3246 —
624 3211 842 3270 Eximeretur,
855 3213 916 3259 sauf
928 3212 954 3260 la
970 3212 1006 3259 loi
1022 3215 1055 3259 de
1067 3211 1189 3274 maJ'este.
1203 3238 1239 3246 —
1320 3233 1321 3252 ι

227 3275 414 3333 Frumenta,
429 3273 453 3320 la
466 3274 536 3320 dlme
549 3288 645 3334 perque
657 3288 702 3320 sur
714 3274 752 3320 les
765 3275 903 3321 domaincs
915 3275 948 3320 de
961 3273 1043 3322 l'Etat
1055 3277 1082 3320 et
1094 3274 1133 3320 les
1145 3277 1237 3320 terres
1320 3287 1321 3318 5

225 3335 389 3383 tributaires
406 3362 438 3368 -
454 3335 618 3384 Pecuniae
630 3334 823 3397 vectigales,
839 3336 878 3382 les
895 3350 1008 3382 revenus
1024 3336 1153 3382 indirects
1169 3349 1238 3396 per-

224 3411 272 3454 cus
285 3398 352 3444 dans
367 3397 405 3443 les
418 3397 558 3457 provinces
570 3398 604 3444 οὺ
617 3411 649 3443 ne
662 3397 841 3444 fonctionnait
850 3412 898 3458 pas
910 3398 934 3444 le
945 3399 1063 3458 systeme
1075 3399 1123 3444 des
1133 3397 1237 3445 dimes.

225 3485 255 3492 -
272 3458 389 3507 Cetera
402 3459 526 3519 (revenus
543 3456 595 3505 des'
607 3459 736 3517 douanes,
754 3459 801 3505 des
821 3459 914 3518 mines,
933 3461 983 3512 des,
998 3460 1090 3518 forets,
1111 3458 1185 3516 etc).
1203 3486 1238 3495 -
1320 3469 1321 3504 3

225 3520 389 3581 Equitum,
412 3519 451 3566 les
473 3520 632 3580 publicatus.
651 3520 718 3566 Voir
739 3535 772 3567 au
794 3520 846 3566 lexi
867 3535 899 3567 ue
918 3520 1090 3583 publicanus.
1111 3547 1140 3554 -
1160 3519 1238 3570 Res
1320 3519 1321 3530 ¹

224 3594 314 3641 suas,
326 3581 392 3628 e'est
403 3580 428 3628 le
439 3580 521 3642 fiscus
532 3582 653 3643 (distinet
663 3583 696 3628 de
706 3537 877 3642 t’aerariunil.
888 3610 918 3618 -
929 3583 1149 3632 Tenebantur.
1163 3581 1239 3630 Voir
1320 3619 1321 3638 ,

224 3644 306 3704 Anu,
321 3643 340 3702 I,
353 3643 392 3690 ’80.
411 3669 441 3677 -
453 3641 593 3692 Annona
606 3658 611 3690 ε
627 3659 672 3690 sur
691 3642 822 3698 l'annone,
836 3645 895 3690 voir
907 3644 946 3692 les
958 3645 1080 3691 versions
1093 3647 1121 3690 82
1135 3646 1162 3690 et
1175 3647 1236 3692 324.
1320 3663 1321 3696 1

224 3731 254 3740 -
267 3704 413 3767 Asperis,
424 3704 485 3766 plus
498 3705 563 3751 baut
575 3706 662 3751 cetera
675 3703 830 3764 fructuum
844 3709 906 3752 tour
918 3706 1041 3767 frequent
1053 3706 1115 3753 ohez
1125 3704 1236 3754 Tacite.
1320 3749 1321 3760 ,

223 3793 255 3803 -
267 3767 427 3824 Modesta,
448 3781 496 3826 par
513 3767 664 3827 opposition
674 3781 707 3813 au
720 3767 788 3813 laste
801 3767 917 3814 insolent
928 3769 976 3814 des
988 3767 1131 3815 atlranchis
1144 3767 1238 3828 impe-

224 3828 300 3875 riaux
313 3844 318 3876 :
333 3830 371 3875 les
382 3828 500 3886 Calliste,
512 3828 550 3874 les
563 3828 695 3885 Narcisse,
709 3828 748 3874 les
759 3828 846 3875 Pallas
857 3833 883 3875 et
891 3829 930 3875 les
941 3829 1061 3890 Tigellin.

657 3936 796 3985 „94-
