2696 4244
413 176 495 233 154.
507 205 542 218 -
552 177 607 234 La
621 175 822 236 Germanic.

442 279 596 345 (Germania
618 281 802 348 describitur.)

157 440 263 514 Terra,
279 441 336 500 etsi
349 441 506 521 aliquanto
522 443 622 524 specie
635 444 748 519 differt,
772 445 805 504 in
820 445 998 504 universum
1017 450 1121 503 tamen
1136 441 1175 505 3Θ

116 546 173 596 aut
195 536 299 595 silvis*
320 537 454 610 horrida,
487 549 541 600 aut
566 541 729 622 paludibus
763 542 873 616 foeda;
905 541 1039 601 umidior
1059 561 1121 619 qua

15 637 17 646 ’
116 632 247 707 Gallias,
263 636 422 694 ventosior
439 658 499 716 qua
515 638 679 697 Noricum'
696 659 731 698 ac
754 639 943 698 Pannoniam
966 637 1117 718 adspicit:

115 731 214 789 satis*
236 733 331 806 ferax,
362 733 595 812 frugiferarum*
611 736 755 795 arborum
774 736 953 816 impatiens;
975 754 1119 815 pecorum

114 828 261 900 fecunda,
279 829 332 888 sed
348 830 530 912 plerumque
547 833 752 912 improcera*;
768 854 806 892 ne
817 833 981 893 armentis'
996 831 1120 911 quidem

115 945 193 985 suus
208 925 337 1000 honos*,
360 936 414 986 aut
429 929 524 1007 gloria
539 929 684 1005 trontis'3
702 951 829 990 numero
851 919 996 1008 gaudent,
1017 947 1121 1007 eaeque

15 1051 17 1074 r
115 1022 193 1082 solae
209 1024 436 1102 et‘gratissimae
451 1047 524 1106 opes
540 1035 621 1087 sunt.
639 1031 809 1106 Argentum
825 1036 856 1087 et
870 1048 978 1087 aurum
996 1025 1122 1106 propitii

15 1123 17 1178 ἰ
115 1140 158 1179 an
178 1119 249 1179 irati
271 1120 314 1180 dii
338 1124 528 1200 negaverint,
550 1124 668 1184 dubito.
694 1125 758 1184 Nec
778 1132 880 1184 tamen
906 1122 1122 1183 affirmaverim

15 1249 17 1272 r
115 1216 236 1276 nullam
263 1216 435 1278 Germaniae
454 1241 576 1304 'venam
605 1229 764 1296 argentum
791 1242 938 1282 aurumve
960 1221 1084 1299 gignere
1114 1237 1121 1278 :

115 1313 189 1394 quis
204 1314 286 1374 enim
302 1324 456 1376 scrutatus
473 1320 537 1377 est?
551 1321 743 1399 possessione
759 1328 790 1378 et
805 1341 860 1378 usu
880 1318 961 1377 haud
978 1316 1124 1398 perinde*

116 1410 309 1474 afficiuntur.
326 1413 382 1473 Est
399 1415 504 1475 videre
522 1417 603 1496 apud
619 1416 687 1476 illos
706 1425 849 1495 argentea
865 1437 948 1482 vasa,
965 1415 1072 1493 legatis
1094 1419 1125 1472 et

115 1509 313 1590 principibus
336 1532 442 1571 eorum
457 1515 578 1572 muneri
595 1515 677 1587 data,
700 1536 761 1573 non
781 1515 811 1572 in
827 1515 886 1573 alia
902 1514 1019 1572 vilitate
1032 1532 1123 1592 quam

115 1627 189 1687 quae
208 1607 303 1667 humo
317 1608 477 1688 finguntur
493 1629 499 1670 :
517 1632 702 1692 quamquam
721 1612 864 1694 proximi,
881 1612 921 1670 ob
932 1631 1021 1670 usum
1040 1629 1125 1668 com-

115 1705 318 1774 merciorum,
345 1727 453 1766 aurum
482 1717 513 1767 et
536 1717 697 1788 argentum
724 1709 754 1767 in
780 1710 878 1788 pretio
909 1708 1034 1779 habent,
1063 1705 1126 1764 sor-

15 1835 17 1882 5
114 1821 248 1881 masque
273 1803 420 1884 quasdam
446 1812 560 1864 nostrae
584 1806 722 1886 pecuniae
752 1814 923 1885 agnoscunt
949 1812 1040 1883 atque
1072 1803 1126 1862 eli-

114 1905 215 1977 gunt;
234 1899 396 1960 interiores
411 1901 579 1981 simplicius
594 1910 625 1961 et
636 1903 793 1984 antiquius
809 1902 1034 1982 permutatione
1049 1921 1125 1958 mer·

115 1997 225 2056 cium*
240 2003 381 2058 utuntur.
406 1998 572 2058 Pecuniam
594 2000 726 2080 probant
742 2009 877 2058 veterem
893 2007 923 2058 et
937 1999 989 2057 diu
1008 2006 1123 2066 notam,

113 2095 277 2152 serratos*
312 2094 507 2176 bigatosque.
541 2100 711 2175 Argentum
748 2118 871 2178 quoque
900 2096 995 2174 magis
1034 2115 1126 2174 quiam

111 2211 232 2250 aurum
248 2200 430 2272 sequuntur,
453 2193 537 2253 nulla
559 2194 719 2253 affcctione
739 2195 843 2263 animi,
859 2192 912 2252 sed
932 2194 1003 2272 quia
1020 2211 1127 2250 nume-

111 2309 172 2348 rus
189 2295 406 2366 argenteorum
421 2289 539 2349 facilior
558 2291 625 2350 usui
640 2299 687 2350 est
699 2292 891 2372 promiscua*
910 2311 946 2350 ac
962 2289 1034 2347 vilia
1050 2309 1127 2347 mer-

110 2385 277 2446 cantibus.

143 2567 180 2617 Ν
183 2577 195 2597 ⁰
211 2567 277 2619 154
297 2579 303 2616 ι
322 2561 432 2622 Silvis,
446 2575 550 2610 comme
566 2562 605 2610 les
620 2561 704 2611 torets
716 2560 861 2625 Hercynia,
878 2560 1127 2671 Teutoburgiensis·

111 2631 154 2680 Cf.
173 2629 245 2678 Pom
266 2629 344 2677 onius
358 2624 429 2673 Mela
441 2623 499 2686 (ΙΙΙ,
514 2622 537 2686 3)
556 2637 562 2672 :
580 2642 592 2667 a
606 2623 680 2672 terra
693 2623 750 2686 ipsa
763 2623 857 2673 mattis
870 2621 997 2694 impedita
1010 2627 1021 2687 j
1034 2623 1129 2671 nmini·

109 2693 179 2751 bus,
198 2645 294 2740 maritis
307 2685 444 2737 montibus
456 2699 559 2748 aspera,
573 2686 598 2733 et
611 2700 708 2749 magna
719 2700 751 2733 ec
758 2687 836 2748 parte
849 2685 926 2734 silvia
940 2700 969 2733 ac
979 2685 1129 2748 paludibus

111 2755 196 2805 invia
210 2773 232 2802 a.
247 2779 275 2788 -
288 2749 454 2808 Noricum,
466 2750 541 2795 entre
553 2747 592 2795 les
601 2749 694 2809 Alpes,
707 2747 731 2794 le
742 2748 856 2796 Danube
865 2749 891 2794 et
900 2747 976 2796 l'Inn.
988 2774 1015 2783 -
1027 2746 1128 2804 SatiS,

109 2815 221 2866 ablatis
243 2815 276 2862 de
298 2814 369 2871 sata,
390 2824 434 2870 ou,
454 2809 559 2871 ‹l’aprbs
579 2809 724 2880 Gantrelle,
744 2810 870 2858 adverbe.
888 2835 918 2844 -
939 2809 1129 2872 Frugifera-

109 2890 196 2930 rum
223 2889 229 2924 :
260 2877 278 2923 il
302 2873 378 2936 s'agit
393 2872 441 2919 des
466 2871 558 2918 arbres
575 2872 693 2918 truitrers
708 2871 740 2918 de
760 2870 863 2919 l'Italie.
884 2897 914 2906 -—
930 2871 1128 2933 Improcera‚

109 2937 271 3004 supple'en:
289 2937 471 3044 suntpecora.
489 2960 519 2967 -
536 2931 703 2983 Armentis
717 2948 723 2981 ι
737 2932 802 2981 c'est
814 2935 838 2980 le
853 2948 914 2996 gros
925 2932 1016 2992 bttait,
1030 2933 1128 2993 boeuts,

107 3006 256 3058 chevaux,
268 2999 345 3046 betes
378 3011 391 3043 e
404 2995 506 3042 labour.
524 3021 550 3030 —
564 2994 650 3045 Suus
665 2995 878 3045 homeriane
890 2998 955 3042 veut
968 2995 1024 3042 dire
1041 3010 1093 3057 que
1105 2995 1129 3043 le

108 3080 180 3126 gros
202 3060 297 3118 be'tail,
314 3060 352 3107 les
363 3058 440 3106 botes
453 3058 485 3104 de
497 3057 594 3104 labour
606 3060 721 3116 surtout,
735 3058 759 3103 n'
798 3060 844 3105 ont
856 3071 905 3118 pus
918 3058 943 3103 lu
959 3056 1033 3104 baille
1049 3055 1129 3118 qu'on

108 3132 176 3177 leur
194 3124 256 3171 voit
273 3120 482 3169 ordinairement
498 3119 614 3168 ailleurs.
632 3146 659 3154 -
678 3073 792 3171 ΘΙοτίζι
812 3117 940 3178 frontis,
959 3118 993 3165 fin
1009 3119 1042 3166 de
1059 3133 1128 3174 vers,

108 3186 281 3252 expression
305 3183 431 3245 poc'tique
453 3184 480 3228 et
496 3180 660 3242 periphrase.
680 3207 710 3216 -
731 3181 829 3231 naun
849 3179 1033 3242 perinde:
1057 3180 1130 3228 baud

109 3259 303 3316 magnaper&
320 3248 384 3293 tour
400 3243 500 3304 rapide,
519 3244 546 3290 et
565 3243 611 3305 qui
628 3243 765 3320 supprime
783 3243 808 3290 le
829 3243 927 3290 second
949 3245 1033 3289 terme
1053 3243 1085 3288 de
1106 3243 1130 3289 ta

107 3317 323 3382 comparaison.
337 3313 376 3362 Cf.
391 3329 424 3362 en
436 3328 497 3375 grec
510 3302 558 3376 οὐχ
566 3307 655 3370 οὕτως,
664 3324 692 3356 ου
701 3304 782 3360 τόσον.
794 3340 824 3348 -
834 3311 994 3362 Mercium
1009 3327 1014 3360 ε
1027 3328 1057 3360 ce
1069 3316 1131 3361 sont

107 3389 151 3434 les
167 3393 274 3445 peaux,
287 3377 326 3425 les
339 3377 452 3435 succins,
467 3376 504 3422 les
519 3376 639 3422 cheveux
651 3390 717 3422 roux
732 3375 799 3423 dont
817 3390 844 3423 se
855 3375 977 3435 parnient
990 3376 1028 3422 les
1040 3376 1131 3422 dames

107 3444 269 3496 romaines.
289 3465 319 3476 —
338 3437 500 3495 serratos,
515 3439 638 3484 monnaie
660 3438 675 3484 a
695 3437 778 3484 bords
797 3437 917 3484 denteles
937 3437 1031 3498 (serra,
1052 3438 1129 3497 scie);

106 3507 240 3580 bigatos,
255 3500 380 3549 monnaie
391 3503 501 3561 portant
514 3514 566 3546 une
584 3499 696 3547 victoire
713 3514 758 3546 sur
769 3514 805 3545 un
818 3499 909 3544 chart
924 3500 993 3545 deux
1010 3499 1131 3545 chevaux

106 3567 212 3635 (hagae)
234 3578 241 3612 ε
263 3577 308 3611 ces
326 3562 396 3634 rieux
418 3560 534 3631 varietas
557 3561 678 3608 dataient
699 3562 731 3608 de
755 3561 780 3608 la
804 3559 980 3621 Repubtique.
1007 3559 1131 3630 L'anteur

106 3622 1131 3755 senata.azertaancnacrtaaannnnatnnaam

106 3752 259 3864 che'etdes
283 3745 443 3810 Germains).
466 3772 496 3782 -
517 3745 711 3796 promiscua
736 3748 777 3794 est
798 3745 825 3793 la
845 3759 933 3805 cause,
956 3747 983 3791 et
1002 3743 1066 3791 vitia
1089 3745 1131 3790 est

106 3820 209 3868 t'ette.

551 3949 710 4002 -155-
