<?xml version="1.0" encoding="UTF-8"?>
<!DOCTYPE html PUBLIC "-//W3C//DTD XHTML 1.0 Transitional//EN"
    "http://www.w3.org/TR/xhtml1/DTD/xhtml1-transitional.dtd">
<html xmlns="http://www.w3.org/1999/xhtml" xml:lang="en" lang="en">
 <head>
  <title>
</title>
<meta http-equiv="Content-Type" content="text/html;charset=utf-8" />
  <meta name='ocr-system' content='tesseract 3.04.00' />
  <meta name='ocr-capabilities' content='ocr_page ocr_carea ocr_par ocr_line ocrx_word'/>
</head>
<body>
  <div class='ocr_page' id='page_1' title='image "./depublicaprivat01arnagoog_0339.png"; bbox 0 0 2756 4238; ppageno 0'>
   <div class='ocr_carea' id='block_1_1' title="bbox 416 117 1015 263">
    <p class='ocr_par' dir='ltr' id='par_1_1' title="bbox 416 117 1015 263">
     <span class='ocr_line' id='line_1_1' title="bbox 416 117 1015 188; baseline 0.002 -15"><span class='ocrx_word' id='word_1_1' title='bbox 416 117 502 174; x_wconf 78' lang='lat'>287.</span> <span class='ocrx_word' id='word_1_2' title='bbox 517 118 758 186; x_wconf 76' lang='lat' dir='ltr'>Emorisonne</span> <span class='ocrx_word' id='word_1_3' title='bbox 773 133 866 188; x_wconf 84' lang='lat' dir='ltr'>pour</span> <span class='ocrx_word' id='word_1_4' title='bbox 879 121 1015 175; x_wconf 76' lang='lat' dir='ltr'>dettes</span> 
     </span>
     <span class='ocr_line' id='line_1_2' title="bbox 527 214 909 263; baseline 0.005 -3"><span class='ocrx_word' id='word_1_5' title='bbox 527 214 572 260; x_wconf 87' lang='lat' dir='ltr'>&#39;De</span> <span class='ocrx_word' id='word_1_6' title='bbox 585 215 703 262; x_wconf 77' lang='grc'><strong>3311331)</strong></span> <span class='ocrx_word' id='word_1_7' title='bbox 715 215 909 263; x_wconf 61' lang='grc'><strong>3333113333)</strong></span> 
     </span>
    </p>
   </div>
   <div class='ocr_carea' id='block_1_2' title="bbox 160 327 1225 2544">
    <p class='ocr_par' dir='ltr' id='par_1_2' title="bbox 160 327 1225 2544">
     <span class='ocr_line' id='line_1_3' title="bbox 160 327 1221 410; baseline -0.002 -20"><span class='ocrx_word' id='word_1_8' title='bbox 160 327 203 390; x_wconf 69' lang='lat'>3⁶</span> <span class='ocrx_word' id='word_1_9' title='bbox 257 329 376 388; x_wconf 89' lang='lat' dir='ltr'>Bellum</span> <span class='ocrx_word' id='word_1_10' title='bbox 387 329 552 388; x_wconf 81' lang='lat' dir='ltr'>Volscum*</span> <span class='ocrx_word' id='word_1_11' title='bbox 568 331 760 403; x_wconf 80' lang='lat' dir='ltr'>imminebat,</span> <span class='ocrx_word' id='word_1_12' title='bbox 778 339 808 388; x_wconf 89' lang='lat' dir='ltr'>et</span> <span class='ocrx_word' id='word_1_13' title='bbox 827 332 936 390; x_wconf 83' lang='lat' dir='ltr'>civitas</span> <span class='ocrx_word' id='word_1_14' title='bbox 948 351 1052 389; x_wconf 85' lang='lat' dir='ltr'>secum</span> <span class='ocrx_word' id='word_1_15' title='bbox 1073 331 1139 410; x_wconf 82' lang='lat' dir='ltr'>ipsa</span> <span class='ocrx_word' id='word_1_16' title='bbox 1156 331 1221 388; x_wconf 91' lang='lat' dir='ltr'>dis·</span> 
     </span>
     <span class='ocr_line' id='line_1_4' title="bbox 218 427 1222 508; baseline 0.001 -24"><span class='ocrx_word' id='word_1_17' title='bbox 218 447 285 484; x_wconf 87' lang='lat' dir='ltr'>cors</span> <span class='ocrx_word' id='word_1_18' title='bbox 294 427 530 485; x_wconf 90' lang='lat' dir='ltr'>intestinointer</span> <span class='ocrx_word' id='word_1_19' title='bbox 539 436 641 506; x_wconf 86' lang='lat' dir='ltr'>patres</span> <span class='ocrx_word' id='word_1_20' title='bbox 649 430 661 450; x_wconf 85' lang='lat'>&#39;</span> <span class='ocrx_word' id='word_1_21' title='bbox 668 428 852 508; x_wconf 82' lang='lat' dir='ltr'>plebemque</span> <span class='ocrx_word' id='word_1_22' title='bbox 864 428 1012 504; x_wconf 84' lang='lat' dir='ltr'>llagrabat</span> <span class='ocrx_word' id='word_1_23' title='bbox 1030 427 1222 490; x_wconf 79' lang='lat' dir='ltr'>odio,1uaxi·</span> 
     </span>
     <span class='ocr_line' id='line_1_5' title="bbox 217 525 1220 604; baseline 0.001 -23"><span class='ocrx_word' id='word_1_24' title='bbox 217 545 266 581; x_wconf 92' lang='lat' dir='ltr'>me</span> <span class='ocrx_word' id='word_1_25' title='bbox 274 532 400 604; x_wconf 93' lang='lat' dir='ltr'>propter</span> <span class='ocrx_word' id='word_1_26' title='bbox 408 525 570 582; x_wconf 82' lang='lat' dir='ltr'>nexos&#39;ob</span> <span class='ocrx_word' id='word_1_27' title='bbox 578 547 619 582; x_wconf 78' lang='lat' dir='ltr'>aes</span> <span class='ocrx_word' id='word_1_28' title='bbox 628 525 772 584; x_wconf 90' lang='lat' dir='ltr'>alienum.</span> <span class='ocrx_word' id='word_1_29' title='bbox 785 526 970 582; x_wconf 85' lang='lat' dir='ltr'>Fremebant</span> <span class='ocrx_word' id='word_1_30' title='bbox 986 551 999 578; x_wconf 78' lang='grc'>1</span> <span class='ocrx_word' id='word_1_31' title='bbox 1015 546 1058 586; x_wconf 83' lang='lat' dir='ltr'>se.</span> <span class='ocrx_word' id='word_1_32' title='bbox 1076 525 1150 582; x_wconf 89' lang='lat' dir='ltr'>loris</span> <span class='ocrx_word' id='word_1_33' title='bbox 1163 546 1220 604; x_wconf 93' lang='lat' dir='ltr'>pro</span> 
     </span>
     <span class='ocr_line' id='line_1_6' title="bbox 216 621 1222 700; baseline 0.001 -22"><span class='ocrx_word' id='word_1_34' title='bbox 216 621 357 680; x_wconf 89' lang='lat' dir='ltr'>libertate</span> <span class='ocrx_word' id='word_1_35' title='bbox 371 629 403 680; x_wconf 90' lang='lat' dir='ltr'>et</span> <span class='ocrx_word' id='word_1_36' title='bbox 418 623 549 700; x_wconf 90' lang='lat' dir='ltr'>imperio</span> <span class='ocrx_word' id='word_1_37' title='bbox 563 623 756 687; x_wconf 89' lang='lat' dir='ltr'>dimicantes,</span> <span class='ocrx_word' id='word_1_38' title='bbox 781 623 865 680; x_wconf 91' lang='lat' dir='ltr'>domi</span> <span class='ocrx_word' id='word_1_39' title='bbox 881 643 898 680; x_wconf 91' lang='lat' dir='ltr'>a</span> <span class='ocrx_word' id='word_1_40' title='bbox 913 622 1035 680; x_wconf 85' lang='lat' dir='ltr'>civibus</span> <span class='ocrx_word' id='word_1_41' title='bbox 1060 630 1167 700; x_wconf 87' lang='lat' dir='ltr'>captos</span> <span class='ocrx_word' id='word_1_42' title='bbox 1188 630 1222 679; x_wconf 88' lang='lat' dir='ltr'>et</span> 
     </span>
     <span class='ocr_line' id='line_1_7' title="bbox 215 719 1219 798; baseline 0 -22"><span class='ocrx_word' id='word_1_43' title='bbox 215 738 379 798; x_wconf 87' lang='lat' dir='ltr'>oppressos</span> <span class='ocrx_word' id='word_1_44' title='bbox 393 740 460 777; x_wconf 90' lang='lat' dir='ltr'>esse</span> <span class='ocrx_word' id='word_1_45' title='bbox 472 745 498 778; x_wconf 76' lang='grc' dir='ltr'>ι,</span> <span class='ocrx_word' id='word_1_46' title='bbox 510 719 727 798; x_wconf 84' lang='lat' dir='ltr'>Invidiamque</span> <span class='ocrx_word' id='word_1_47' title='bbox 741 741 820 789; x_wconf 91' lang='lat' dir='ltr'>eam,</span> <span class='ocrx_word' id='word_1_48' title='bbox 837 741 892 778; x_wconf 92' lang='lat' dir='ltr'>sua</span> <span class='ocrx_word' id='word_1_49' title='bbox 903 727 1015 798; x_wconf 91' lang='lat' dir='ltr'>sponte</span> <span class='ocrx_word' id='word_1_50' title='bbox 1026 719 1219 796; x_wconf 85' lang='lat' dir='ltr'>gliscentem,</span> 
     </span>
     <span class='ocr_line' id='line_1_8' title="bbox 217 815 1218 896; baseline 0 -24"><span class='ocrx_word' id='word_1_51' title='bbox 217 815 344 892; x_wconf 82' lang='lat' dir='ltr'>insignis</span> <span class='ocrx_word' id='word_1_52' title='bbox 366 817 459 874; x_wconf 88' lang='lat' dir='ltr'>unius</span> <span class='ocrx_word' id='word_1_53' title='bbox 482 817 642 874; x_wconf 85' lang='lat' dir='ltr'>calamitas</span> <span class='ocrx_word' id='word_1_54' title='bbox 664 817 817 875; x_wconf 80' lang='lat' dir='ltr'>accendit.</span> <span class='ocrx_word' id='word_1_55' title='bbox 847 817 962 894; x_wconf 79' lang='lat' dir='ltr'>Magno</span> <span class='ocrx_word' id='word_1_56' title='bbox 984 824 1059 874; x_wconf 88' lang='lat' dir='ltr'>natu</span> <span class='ocrx_word' id='word_1_57' title='bbox 1080 815 1218 896; x_wconf 90' lang='lat' dir='ltr'>quidam,</span> 
     </span>
     <span class='ocr_line' id='line_1_9' title="bbox 216 913 1219 990; baseline 0.001 -21"><span class='ocrx_word' id='word_1_58' title='bbox 216 933 286 970; x_wconf 92' lang='lat' dir='ltr'>cum</span> <span class='ocrx_word' id='word_1_59' title='bbox 299 914 436 971; x_wconf 92' lang='lat' dir='ltr'>omnium</span> <span class='ocrx_word' id='word_1_60' title='bbox 461 913 612 972; x_wconf 90' lang='lat' dir='ltr'>malorum</span> <span class='ocrx_word' id='word_1_61' title='bbox 637 934 762 972; x_wconf 91' lang='lat' dir='ltr'>suorum</span> <span class='ocrx_word' id='word_1_62' title='bbox 781 913 984 990; x_wconf 83' lang='lat' dir='ltr'>insignibus&#39;,</span> <span class='ocrx_word' id='word_1_63' title='bbox 1005 933 1038 970; x_wconf 87' lang='lat' dir='ltr'>se</span> <span class='ocrx_word' id='word_1_64' title='bbox 1063 913 1094 970; x_wconf 94' lang='lat' dir='ltr'>in</span> <span class='ocrx_word' id='word_1_65' title='bbox 1118 913 1219 970; x_wconf 91' lang='lat' dir='ltr'>lorum</span> 
     </span>
     <span class='ocr_line' id='line_1_10' title="bbox 217 996 1220 1090; baseline 0 -24"><span class='ocrx_word' id='word_1_66' title='bbox 217 1010 357 1088; x_wconf 87' lang='lat' dir='ltr'>projecit.</span> <span class='ocrx_word' id='word_1_67' title='bbox 374 1010 482 1068; x_wconf 85' lang='lat' dir='ltr'>Obsita</span> <span class='ocrx_word' id='word_1_68' title='bbox 496 1019 562 1068; x_wconf 88' lang='lat' dir='ltr'>erat</span> <span class='ocrx_word' id='word_1_69' title='bbox 576 996 717 1090; x_wconf 86' lang='lat' dir='ltr'>squalore</span> <span class='ocrx_word' id='word_1_70' title='bbox 730 1010 836 1076; x_wconf 83' lang='lat' dir='ltr'>vestis,</span> <span class='ocrx_word' id='word_1_71' title='bbox 851 1009 963 1067; x_wconf 87' lang='lat' dir='ltr'>loedior</span> <span class='ocrx_word' id='word_1_72' title='bbox 976 1010 1115 1088; x_wconf 88' lang='lat' dir='ltr'>corporis</span> <span class='ocrx_word' id='word_1_73' title='bbox 1132 1009 1220 1067; x_wconf 91' lang='lat' dir='ltr'>babi-</span> 
     </span>
     <span class='ocr_line' id='line_1_11' title="bbox 218 1105 1217 1188; baseline -0.001 -24"><span class='ocrx_word' id='word_1_74' title='bbox 218 1117 269 1188; x_wconf 85' lang='lat' dir='ltr'>tus¹</span> <span class='ocrx_word' id='word_1_75' title='bbox 280 1105 396 1185; x_wconf 87' lang='lat' dir='ltr'>pallore</span> <span class='ocrx_word' id='word_1_76' title='bbox 410 1127 446 1164; x_wconf 91' lang='lat' dir='ltr'>ac</span> <span class='ocrx_word' id='word_1_77' title='bbox 461 1108 558 1166; x_wconf 92' lang='lat' dir='ltr'>macie</span> <span class='ocrx_word' id='word_1_78' title='bbox 574 1109 737 1186; x_wconf 73' lang='lat' dir='ltr'>perempti.</span> <span class='ocrx_word' id='word_1_79' title='bbox 753 1106 875 1164; x_wconf 70' lang='grc' dir='ltr'>Δ1111133</span> <span class='ocrx_word' id='word_1_80' title='bbox 898 1107 1050 1185; x_wconf 89' lang='lat' dir='ltr'>promissa</span> <span class='ocrx_word' id='word_1_81' title='bbox 1074 1106 1168 1164; x_wconf 88' lang='lat' dir='ltr'>barba</span> <span class='ocrx_word' id='word_1_82' title='bbox 1188 1115 1217 1163; x_wconf 91' lang='lat' dir='ltr'>et</span> 
     </span>
     <span class='ocr_line' id='line_1_12' title="bbox 215 1202 1218 1282; baseline 0 -22"><span class='ocrx_word' id='word_1_83' title='bbox 215 1202 319 1282; x_wconf 87' lang='lat' dir='ltr'>capilli</span> <span class='ocrx_word' id='word_1_84' title='bbox 340 1205 544 1262; x_wconf 80' lang='lat' dir='ltr'>efferaverant</span> <span class='ocrx_word' id='word_1_85' title='bbox 568 1206 702 1282; x_wconf 90' lang='lat' dir='ltr'>speciem</span> <span class='ocrx_word' id='word_1_86' title='bbox 724 1205 798 1263; x_wconf 92' lang='lat' dir='ltr'>oris.</span> <span class='ocrx_word' id='word_1_87' title='bbox 822 1204 1042 1262; x_wconf 77' lang='lat' dir='ltr'>Noscitabatur</span> <span class='ocrx_word' id='word_1_88' title='bbox 1065 1214 1167 1261; x_wconf 90' lang='lat' dir='ltr'>tamen</span> <span class='ocrx_word' id='word_1_89' title='bbox 1186 1205 1218 1260; x_wconf 95' lang='lat' dir='ltr'>in</span> 
     </span>
     <span class='ocr_line' id='line_1_13' title="bbox 214 1299 1220 1378; baseline 0 -20"><span class='ocrx_word' id='word_1_90' title='bbox 214 1307 299 1358; x_wconf 86' lang='lat' dir='ltr'>tanta</span> <span class='ocrx_word' id='word_1_91' title='bbox 313 1299 518 1371; x_wconf 72' lang='lat' dir='ltr'>deformitate,</span> <span class='ocrx_word' id='word_1_92' title='bbox 535 1309 565 1359; x_wconf 91' lang='lat' dir='ltr'>et</span> <span class='ocrx_word' id='word_1_93' title='bbox 578 1303 701 1358; x_wconf 82' lang='lat' dir='ltr'>ordines</span> <span class='ocrx_word' id='word_1_94' title='bbox 716 1301 862 1359; x_wconf 79' lang='lat' dir='ltr'>duxisse*</span> <span class='ocrx_word' id='word_1_95' title='bbox 874 1301 1008 1359; x_wconf 80' lang='lat' dir='ltr'>aiebant.</span> <span class='ocrx_word' id='word_1_96' title='bbox 1026 1300 1107 1378; x_wconf 84' lang='lat' dir='ltr'>lpse,</span> <span class='ocrx_word' id='word_1_97' title='bbox 1125 1309 1220 1358; x_wconf 86' lang='lat' dir='ltr'>testes</span> 
     </span>
     <span class='ocr_line' id='line_1_14' title="bbox 215 1395 1221 1476; baseline 0.002 -24"><span class='ocrx_word' id='word_1_98' title='bbox 215 1395 413 1455; x_wconf 87' lang='lat' dir='ltr'>honestarum</span> <span class='ocrx_word' id='word_1_99' title='bbox 440 1398 560 1476; x_wconf 90' lang='lat' dir='ltr'>aliquot</span> <span class='ocrx_word' id='word_1_100' title='bbox 588 1397 663 1455; x_wconf 92' lang='lat' dir='ltr'>locis</span> <span class='ocrx_word' id='word_1_101' title='bbox 690 1418 874 1476; x_wconf 81' lang='lat' dir='ltr'>pugnarum,</span> <span class='ocrx_word' id='word_1_102' title='bbox 900 1397 1060 1455; x_wconf 84' lang='lat' dir='ltr'>cicatrices</span> <span class='ocrx_word' id='word_1_103' title='bbox 1088 1397 1221 1454; x_wconf 89' lang='lat' dir='ltr'>adverso</span> 
     </span>
     <span class='ocr_line' id='line_1_15' title="bbox 214 1493 1221 1572; baseline 0.001 -22"><span class='ocrx_word' id='word_1_104' title='bbox 214 1500 339 1572; x_wconf 88' lang='lat' dir='ltr'>pectore</span> <span class='ocrx_word' id='word_1_105' title='bbox 354 1494 539 1552; x_wconf 89' lang='lat' dir='ltr'>ostentabat.</span> <span class='ocrx_word' id='word_1_106' title='bbox 554 1494 789 1552; x_wconf 88' lang='lat' dir='ltr'>Sciscitantibus</span> <span class='ocrx_word' id='word_1_107' title='bbox 808 1495 889 1552; x_wconf 90' lang='lat' dir='ltr'>unde</span> <span class='ocrx_word' id='word_1_108' title='bbox 908 1493 960 1551; x_wconf 93' lang='lat' dir='ltr'>ille</span> <span class='ocrx_word' id='word_1_109' title='bbox 980 1493 1115 1556; x_wconf 80' lang='lat' dir='ltr'>babitus,</span> <span class='ocrx_word' id='word_1_110' title='bbox 1136 1493 1221 1551; x_wconf 91' lang='lat' dir='ltr'>unde</span> 
     </span>
     <span class='ocr_line' id='line_1_16' title="bbox 215 1590 1222 1670; baseline 0.001 -23"><span class='ocrx_word' id='word_1_111' title='bbox 215 1590 407 1658; x_wconf 79' lang='lat' dir='ltr'>deformitas,</span> <span class='ocrx_word' id='word_1_112' title='bbox 428 1616 443 1644; x_wconf 77' lang='grc'>3</span> <span class='ocrx_word' id='word_1_113' title='bbox 460 1591 575 1649; x_wconf 90' lang='lat' dir='ltr'>Sabino</span> <span class='ocrx_word' id='word_1_114' title='bbox 594 1591 675 1648; x_wconf 93' lang='lat' dir='ltr'>bello</span> <span class='ocrx_word' id='word_1_115' title='bbox 693 1591 735 1648; x_wconf 92' lang='lat' dir='ltr'>ait</span> <span class='ocrx_word' id='word_1_116' title='bbox 758 1611 790 1648; x_wconf 89' lang='lat' dir='ltr'>se</span> <span class='ocrx_word' id='word_1_117' title='bbox 815 1591 1008 1653; x_wconf 85' lang='lat' dir='ltr'>militantem.</span> <span class='ocrx_word' id='word_1_118' title='bbox 1032 1591 1104 1670; x_wconf 93' lang='lat' dir='ltr'>quia</span> <span class='ocrx_word' id='word_1_119' title='bbox 1128 1611 1222 1670; x_wconf 91' lang='lat' dir='ltr'>prop-</span> 
     </span>
     <span class='ocr_line' id='line_1_17' title="bbox 214 1687 1221 1766; baseline 0.001 -22"><span class='ocrx_word' id='word_1_120' title='bbox 214 1693 262 1744; x_wconf 87' lang='lat' dir='ltr'>ter</span> <span class='ocrx_word' id='word_1_121' title='bbox 275 1687 493 1766; x_wconf 86' lang='lat' dir='ltr'>populationes</span> <span class='ocrx_word' id='word_1_122' title='bbox 511 1689 575 1766; x_wconf 87' lang='lat' dir='ltr'>agri</span> <span class='ocrx_word' id='word_1_123' title='bbox 593 1708 653 1745; x_wconf 92' lang='lat' dir='ltr'>non</span> <span class='ocrx_word' id='word_1_124' title='bbox 667 1688 771 1745; x_wconf 83' lang='lat' dir='ltr'>fructu</span> <span class='ocrx_word' id='word_1_125' title='bbox 790 1687 884 1745; x_wconf 91' lang='lat' dir='ltr'>modo</span> <span class='ocrx_word' id='word_1_126' title='bbox 899 1688 1044 1757; x_wconf 90' lang='lat' dir='ltr'>caruerit,</span> <span class='ocrx_word' id='word_1_127' title='bbox 1071 1687 1123 1746; x_wconf 90' lang='lat' dir='ltr'>sed</span> <span class='ocrx_word' id='word_1_128' title='bbox 1145 1688 1221 1745; x_wconf 89' lang='lat' dir='ltr'>villa</span> 
     </span>
     <span class='ocr_line' id='line_1_18' title="bbox 215 1783 1220 1863; baseline 0.001 -22"><span class='ocrx_word' id='word_1_129' title='bbox 215 1784 337 1842; x_wconf 89' lang='lat' dir='ltr'>incensa</span> <span class='ocrx_word' id='word_1_130' title='bbox 351 1783 457 1856; x_wconf 90' lang='lat' dir='ltr'>luerit,</span> <span class='ocrx_word' id='word_1_131' title='bbox 476 1784 595 1863; x_wconf 88' lang='lat' dir='ltr'>direpta</span> <span class='ocrx_word' id='word_1_132' title='bbox 609 1786 723 1854; x_wconf 92' lang='lat' dir='ltr'>omnia,</span> <span class='ocrx_word' id='word_1_133' title='bbox 750 1804 860 1863; x_wconf 89' lang='lat' dir='ltr'>pecora</span> <span class='ocrx_word' id='word_1_134' title='bbox 883 1785 1002 1852; x_wconf 88' lang='lat' dir='ltr'>abacta,</span> <span class='ocrx_word' id='word_1_135' title='bbox 1024 1805 1065 1842; x_wconf 77' lang='grc'>333</span> <span class='ocrx_word' id='word_1_136' title='bbox 1085 1784 1220 1843; x_wconf 86' lang='grc'><strong>31133331</strong></span> 
     </span>
     <span class='ocr_line' id='line_1_19' title="bbox 215 1880 1222 1960; baseline 0 -22"><span class='ocrx_word' id='word_1_137' title='bbox 215 1881 322 1939; x_wconf 85' lang='grc'><strong>1331333</strong></span> <span class='ocrx_word' id='word_1_138' title='bbox 335 1899 341 1939; x_wconf 90' lang='lat'>:</span> <span class='ocrx_word' id='word_1_139' title='bbox 354 1880 385 1938; x_wconf 93' lang='lat' dir='ltr'>id</span> <span class='ocrx_word' id='word_1_140' title='bbox 400 1882 589 1940; x_wconf 88' lang='lat' dir='ltr'>cumulatum</span> <span class='ocrx_word' id='word_1_141' title='bbox 604 1883 706 1940; x_wconf 91' lang='lat' dir='ltr'>usuris</span> <span class='ocrx_word' id='word_1_142' title='bbox 716 1882 817 1960; x_wconf 90' lang='lat' dir='ltr'>primo</span> <span class='ocrx_word' id='word_1_143' title='bbox 832 1902 864 1938; x_wconf 90' lang='lat' dir='ltr'>se</span> <span class='ocrx_word' id='word_1_144' title='bbox 884 1902 958 1958; x_wconf 83' lang='lat' dir='ltr'>agro</span> <span class='ocrx_word' id='word_1_145' title='bbox 972 1889 1101 1960; x_wconf 91' lang='lat' dir='ltr'>paterno</span> <span class='ocrx_word' id='word_1_146' title='bbox 1120 1881 1222 1939; x_wconf 81' lang='lat' dir='ltr'>avito—</span> 
     </span>
     <span class='ocr_line' id='line_1_20' title="bbox 213 1977 1222 2057; baseline -0.001 -22"><span class='ocrx_word' id='word_1_147' title='bbox 213 1998 274 2057; x_wconf 91' lang='lat' dir='ltr'>que</span> <span class='ocrx_word' id='word_1_148' title='bbox 285 1977 417 2048; x_wconf 84' lang='lat' dir='ltr'>exuisse,</span> <span class='ocrx_word' id='word_1_149' title='bbox 431 1977 542 2036; x_wconf 91' lang='lat' dir='ltr'>deinde</span> <span class='ocrx_word' id='word_1_150' title='bbox 556 1979 689 2036; x_wconf 79' lang='lat' dir='ltr'>fortunis</span> <span class='ocrx_word' id='word_1_151' title='bbox 704 1978 771 2036; x_wconf 92' lang='lat' dir='ltr'>aliis</span> <span class='ocrx_word' id='word_1_152' title='bbox 788 1997 794 2036; x_wconf 94' lang='lat'><strong>:</strong></span> <span class='ocrx_word' id='word_1_153' title='bbox 812 1985 970 2056; x_wconf 91' lang='lat' dir='ltr'>postremo</span> <span class='ocrx_word' id='word_1_154' title='bbox 993 1978 1078 2036; x_wconf 92' lang='lat' dir='ltr'>velut</span> <span class='ocrx_word' id='word_1_155' title='bbox 1092 1978 1195 2036; x_wconf 91' lang='lat' dir='ltr'>tabem</span> <span class='ocrx_word' id='word_1_156' title='bbox 1208 1982 1222 2004; x_wconf 81' lang='lat'>*</span> 
     </span>
     <span class='ocr_line' id='line_1_21' title="bbox 215 2073 1221 2154; baseline 0.001 -23"><span class='ocrx_word' id='word_1_157' title='bbox 215 2073 391 2153; x_wconf 86' lang='lat' dir='ltr'>pervenisse</span> <span class='ocrx_word' id='word_1_158' title='bbox 403 2075 441 2132; x_wconf 88' lang='lat' dir='ltr'>ad</span> <span class='ocrx_word' id='word_1_159' title='bbox 453 2095 576 2154; x_wconf 81' lang='lat' dir='ltr'>corpus</span> <span class='ocrx_word' id='word_1_160' title='bbox 595 2075 730 2133; x_wconf 91' lang='lat' dir='ltr'>Ductum</span> <span class='ocrx_word' id='word_1_161' title='bbox 747 2095 778 2132; x_wconf 92' lang='lat' dir='ltr'>se</span> <span class='ocrx_word' id='word_1_162' title='bbox 794 2075 832 2132; x_wconf 89' lang='lat' dir='ltr'>ab</span> <span class='ocrx_word' id='word_1_163' title='bbox 851 2075 1016 2144; x_wconf 85' lang='lat' dir='ltr'>creditore,</span> <span class='ocrx_word' id='word_1_164' title='bbox 1031 2094 1093 2132; x_wconf 92' lang='lat' dir='ltr'>non</span> <span class='ocrx_word' id='word_1_165' title='bbox 1106 2075 1139 2132; x_wconf 92' lang='lat' dir='ltr'>in</span> <span class='ocrx_word' id='word_1_166' title='bbox 1156 2096 1221 2134; x_wconf 90' lang='lat' dir='ltr'>ser-</span> 
     </span>
     <span class='ocr_line' id='line_1_22' title="bbox 214 2171 1225 2249; baseline 0.003 -22"><span class='ocrx_word' id='word_1_167' title='bbox 214 2172 324 2228; x_wconf 88' lang='lat' dir='ltr'>vitium</span> <span class='ocrx_word' id='word_1_168' title='bbox 334 2171 358 2244; x_wconf 88' lang='lat'>*,</span> <span class='ocrx_word' id='word_1_169' title='bbox 377 2171 431 2230; x_wconf 89' lang='lat' dir='ltr'>sed</span> <span class='ocrx_word' id='word_1_170' title='bbox 451 2171 483 2231; x_wconf 93' lang='lat' dir='ltr'>in</span> <span class='ocrx_word' id='word_1_171' title='bbox 498 2172 687 2249; x_wconf 85' lang='lat' dir='ltr'>ergastulum</span> <span class='ocrx_word' id='word_1_172' title='bbox 699 2176 711 2197; x_wconf 91' lang='lat'><strong>*</strong></span> <span class='ocrx_word' id='word_1_173' title='bbox 728 2179 760 2230; x_wconf 91' lang='lat' dir='ltr'>et</span> <span class='ocrx_word' id='word_1_174' title='bbox 776 2171 987 2228; x_wconf 87' lang='lat' dir='ltr'>carnificinam</span> <span class='ocrx_word' id='word_1_175' title='bbox 1009 2191 1085 2230; x_wconf 85' lang='lat' dir='ltr'>esse.</span> <span class='ocrx_word' id='word_1_176' title='bbox 1105 2196 1119 2225; x_wconf 85' lang='lat'>»</span> <span class='ocrx_word' id='word_1_177' title='bbox 1144 2171 1225 2230; x_wconf 91' lang='lat' dir='ltr'>Inde</span> 
     </span>
     <span class='ocr_line' id='line_1_23' title="bbox 214 2267 1222 2346; baseline 0.002 -22"><span class='ocrx_word' id='word_1_178' title='bbox 214 2275 369 2326; x_wconf 90' lang='lat' dir='ltr'>ostentare</span> <span class='ocrx_word' id='word_1_179' title='bbox 382 2275 502 2346; x_wconf 86' lang='lat' dir='ltr'>tergum</span> <span class='ocrx_word' id='word_1_180' title='bbox 514 2269 631 2326; x_wconf 86' lang='lat' dir='ltr'>loedum</span> <span class='ocrx_word' id='word_1_181' title='bbox 643 2268 818 2326; x_wconf 89' lang='lat' dir='ltr'>recentibus</span> <span class='ocrx_word' id='word_1_182' title='bbox 832 2267 971 2345; x_wconf 86' lang='lat' dir='ltr'>vestigiis</span> <span class='ocrx_word' id='word_1_183' title='bbox 987 2267 1160 2326; x_wconf 89' lang='lat' dir='ltr'>verberum.</span> <span class='ocrx_word' id='word_1_184' title='bbox 1171 2269 1222 2326; x_wconf 88' lang='lat' dir='ltr'>Ad</span> 
     </span>
     <span class='ocr_line' id='line_1_24' title="bbox 216 2365 1225 2444; baseline 0 -22"><span class='ocrx_word' id='word_1_185' title='bbox 216 2365 281 2423; x_wconf 76' lang='lat' dir='ltr'>baec</span> <span class='ocrx_word' id='word_1_186' title='bbox 300 2365 366 2422; x_wconf 88' lang='lat' dir='ltr'>visa</span> <span class='ocrx_word' id='word_1_187' title='bbox 388 2365 566 2444; x_wconf 85' lang='lat' dir='ltr'>auditaque,</span> <span class='ocrx_word' id='word_1_188' title='bbox 584 2365 700 2423; x_wconf 84' lang='lat' dir='ltr'>clamor</span> <span class='ocrx_word' id='word_1_189' title='bbox 719 2365 829 2442; x_wconf 84' lang='lat' dir='ltr'>ingens</span> <span class='ocrx_word' id='word_1_190' title='bbox 849 2365 958 2423; x_wconf 92' lang='lat' dir='ltr'>oritur.</span> <span class='ocrx_word' id='word_1_191' title='bbox 983 2365 1053 2422; x_wconf 81' lang='lat' dir='ltr'>Non</span> <span class='ocrx_word' id='word_1_192' title='bbox 1072 2365 1136 2444; x_wconf 82' lang='lat' dir='ltr'>J&#39;am</span> <span class='ocrx_word' id='word_1_193' title='bbox 1153 2365 1225 2423; x_wconf 90' lang='lat' dir='ltr'>loro</span> 
     </span>
     <span class='ocr_line' id='line_1_25' title="bbox 213 2461 1220 2544; baseline 0 -24"><span class='ocrx_word' id='word_1_194' title='bbox 213 2481 247 2520; x_wconf 91' lang='lat' dir='ltr'>se</span> <span class='ocrx_word' id='word_1_195' title='bbox 266 2461 416 2520; x_wconf 91' lang='lat' dir='ltr'>tumultus</span> <span class='ocrx_word' id='word_1_196' title='bbox 440 2463 590 2534; x_wconf 87' lang='lat' dir='ltr'>continet,</span> <span class='ocrx_word' id='word_1_197' title='bbox 605 2461 659 2520; x_wconf 91' lang='lat' dir='ltr'>sed</span> <span class='ocrx_word' id='word_1_198' title='bbox 682 2463 797 2541; x_wconf 90' lang='lat' dir='ltr'>passim</span> <span class='ocrx_word' id='word_1_199' title='bbox 814 2468 911 2520; x_wconf 88' lang='lat' dir='ltr'>totam</span> <span class='ocrx_word' id='word_1_200' title='bbox 931 2461 1040 2520; x_wconf 89' lang='lat' dir='ltr'>urbem</span> <span class='ocrx_word' id='word_1_201' title='bbox 1059 2461 1220 2544; x_wconf 84' lang='lat' dir='ltr'>pervadit.</span> 
     </span>
    </p>
   </div>
   <div class='ocr_carea' id='block_1_3' title="bbox 214 2591 1224 3818">
    <p class='ocr_par' dir='ltr' id='par_1_3' title="bbox 214 2591 1224 3818">
     <span class='ocr_line' id='line_1_26' title="bbox 215 2591 1221 2653; baseline 0 -13"><span class='ocrx_word' id='word_1_202' title='bbox 215 2591 359 2647; x_wconf 85' lang='lat' dir='ltr'>Porsenna,</span> <span class='ocrx_word' id='word_1_203' title='bbox 371 2593 409 2640; x_wconf 91' lang='grc'>133</span> <span class='ocrx_word' id='word_1_204' title='bbox 421 2593 517 2642; x_wconf 84' lang='lat' dir='ltr'>Sabius</span> <span class='ocrx_word' id='word_1_205' title='bbox 530 2597 557 2642; x_wconf 90' lang='lat' dir='ltr'>et</span> <span class='ocrx_word' id='word_1_206' title='bbox 566 2595 605 2642; x_wconf 89' lang='lat' dir='ltr'>les</span> <span class='ocrx_word' id='word_1_207' title='bbox 616 2594 716 2642; x_wconf 88' lang='lat' dir='ltr'>Latius.</span> <span class='ocrx_word' id='word_1_208' title='bbox 731 2594 865 2642; x_wconf 81' lang='lat' dir='ltr'>Porsenna</span> <span class='ocrx_word' id='word_1_209' title='bbox 873 2594 914 2640; x_wconf 86' lang='grc'>131</span> <span class='ocrx_word' id='word_1_210' title='bbox 926 2592 1064 2653; x_wconf 78' lang='lat' dir='ltr'>repousse,</span> <span class='ocrx_word' id='word_1_211' title='bbox 1074 2593 1115 2640; x_wconf 91' lang='lat' dir='ltr'>les</span> <span class='ocrx_word' id='word_1_212' title='bbox 1124 2592 1221 2641; x_wconf 73' lang='lat' dir='ltr'>Sabine</span> 
     </span>
     <span class='ocr_line' id='line_1_27' title="bbox 214 2654 1222 2718; baseline 0.001 -17"><span class='ocrx_word' id='word_1_213' title='bbox 214 2657 242 2701; x_wconf 89' lang='lat' dir='ltr'>et</span> <span class='ocrx_word' id='word_1_214' title='bbox 251 2656 289 2703; x_wconf 88' lang='lat' dir='ltr'>les</span> <span class='ocrx_word' id='word_1_215' title='bbox 301 2654 394 2702; x_wconf 87' lang='lat' dir='ltr'>Latius</span> <span class='ocrx_word' id='word_1_216' title='bbox 412 2656 512 2709; x_wconf 86' lang='lat' dir='ltr'>battus,</span> <span class='ocrx_word' id='word_1_217' title='bbox 526 2660 554 2703; x_wconf 88' lang='lat' dir='ltr'>et</span> <span class='ocrx_word' id='word_1_218' title='bbox 565 2658 589 2704; x_wconf 99' lang='grc'>13</span> <span class='ocrx_word' id='word_1_219' title='bbox 602 2658 760 2718; x_wconf 88' lang='lat' dir='ltr'>re&#39;publique</span> <span class='ocrx_word' id='word_1_220' title='bbox 770 2656 931 2702; x_wconf 89' lang='lat' dir='ltr'>consolide&#39;e.</span> <span class='ocrx_word' id='word_1_221' title='bbox 942 2655 1011 2702; x_wconf 81' lang='lat' dir='ltr'>blais</span> <span class='ocrx_word' id='word_1_222' title='bbox 1025 2656 1064 2701; x_wconf 90' lang='lat' dir='ltr'>les</span> <span class='ocrx_word' id='word_1_223' title='bbox 1076 2657 1222 2716; x_wconf 89' lang='lat' dir='ltr'>patriciens</span> 
     </span>
     <span class='ocr_line' id='line_1_28' title="bbox 215 2716 1223 2778; baseline 0.002 -16"><span class='ocrx_word' id='word_1_224' title='bbox 215 2717 284 2763; x_wconf 91' lang='lat' dir='ltr'>seuls</span> <span class='ocrx_word' id='word_1_225' title='bbox 303 2718 459 2778; x_wconf 77' lang='lat' dir='ltr'>profiterent</span> <span class='ocrx_word' id='word_1_226' title='bbox 480 2719 513 2764; x_wconf 93' lang='lat' dir='ltr'>de</span> <span class='ocrx_word' id='word_1_227' title='bbox 533 2733 577 2765; x_wconf 91' lang='lat' dir='ltr'>ces</span> <span class='ocrx_word' id='word_1_228' title='bbox 594 2719 729 2764; x_wconf 82' lang='lat' dir='ltr'>victoires.</span> <span class='ocrx_word' id='word_1_229' title='bbox 747 2718 795 2764; x_wconf 88' lang='lat' dir='ltr'>Les</span> <span class='ocrx_word' id='word_1_230' title='bbox 813 2716 950 2778; x_wconf 77' lang='lat' dir='ltr'>plebeiens</span> <span class='ocrx_word' id='word_1_231' title='bbox 970 2731 998 2764; x_wconf 89' lang='lat' dir='ltr'>se</span> <span class='ocrx_word' id='word_1_232' title='bbox 1010 2721 1112 2778; x_wconf 83' lang='lat' dir='ltr'>voyant</span> <span class='ocrx_word' id='word_1_233' title='bbox 1131 2717 1223 2764; x_wconf 72' lang='lat' dir='ltr'>ruines</span> 
     </span>
     <span class='ocr_line' id='line_1_29' title="bbox 215 2777 1224 2840; baseline 0.002 -16"><span class='ocrx_word' id='word_1_234' title='bbox 215 2793 263 2838; x_wconf 89' lang='lat' dir='ltr'>par</span> <span class='ocrx_word' id='word_1_235' title='bbox 278 2778 304 2825; x_wconf 89' lang='lat' dir='ltr'>le</span> <span class='ocrx_word' id='word_1_236' title='bbox 321 2792 414 2838; x_wconf 77' lang='lat' dir='ltr'>guerre</span> <span class='ocrx_word' id='word_1_237' title='bbox 427 2781 453 2824; x_wconf 89' lang='lat' dir='ltr'>et</span> <span class='ocrx_word' id='word_1_238' title='bbox 465 2778 567 2838; x_wconf 83' lang='lat' dir='ltr'>oblige&#39;s</span> <span class='ocrx_word' id='word_1_239' title='bbox 599 2794 648 2825; x_wconf 89' lang='lat' dir='ltr'>our</span> <span class='ocrx_word' id='word_1_240' title='bbox 667 2781 741 2825; x_wconf 85' lang='grc'><strong>11113</strong></span> <span class='ocrx_word' id='word_1_241' title='bbox 754 2777 935 2840; x_wconf 89' lang='lat' dir='ltr'>d’emprunter</span> <span class='ocrx_word' id='word_1_242' title='bbox 951 2793 1003 2825; x_wconf 81' lang='lat' dir='ltr'>aux</span> <span class='ocrx_word' id='word_1_243' title='bbox 1017 2779 1164 2839; x_wconf 88' lang='lat' dir='ltr'>patriciens</span> <span class='ocrx_word' id='word_1_244' title='bbox 1175 2781 1224 2840; x_wconf 92' lang='lat' dir='ltr'>qui</span> 
     </span>
     <span class='ocr_line' id='line_1_30' title="bbox 216 2795 1221 2900; baseline 0.001 -14"><span class='ocrx_word' id='word_1_245' title='bbox 216 2840 339 2886; x_wconf 86' lang='lat' dir='ltr'>laisaient</span> <span class='ocrx_word' id='word_1_246' title='bbox 348 2840 419 2900; x_wconf 87' lang='lat' dir='ltr'>jeter</span> <span class='ocrx_word' id='word_1_247' title='bbox 430 2854 462 2885; x_wconf 91' lang='lat' dir='ltr'>en</span> <span class='ocrx_word' id='word_1_248' title='bbox 476 2841 567 2900; x_wconf 87' lang='lat' dir='ltr'>prison</span> <span class='ocrx_word' id='word_1_249' title='bbox 580 2795 620 2887; x_wconf 73' lang='lat' dir='ltr'>ies</span> <span class='ocrx_word' id='word_1_250' title='bbox 638 2840 774 2886; x_wconf 76' lang='lat' dir='ltr'>debiteurs</span> <span class='ocrx_word' id='word_1_251' title='bbox 785 2840 957 2898; x_wconf 84' lang='lat' dir='ltr'>insolvables,</span> <span class='ocrx_word' id='word_1_252' title='bbox 971 2854 1000 2886; x_wconf 92' lang='lat' dir='ltr'>se</span> <span class='ocrx_word' id='word_1_253' title='bbox 1010 2839 1175 2887; x_wconf 76' lang='lat' dir='ltr'>revolterent</span> <span class='ocrx_word' id='word_1_254' title='bbox 1187 2855 1221 2888; x_wconf 89' lang='grc'>33</span> 
     </span>
     <span class='ocr_line' id='line_1_31' title="bbox 216 2901 1224 2963; baseline 0.002 -15"><span class='ocrx_word' id='word_1_255' title='bbox 216 2904 334 2948; x_wconf 91' lang='lat' dir='ltr'>moment</span> <span class='ocrx_word' id='word_1_256' title='bbox 350 2902 384 2947; x_wconf 84' lang='lat' dir='ltr'>oti</span> <span class='ocrx_word' id='word_1_257' title='bbox 396 2901 435 2947; x_wconf 92' lang='lat' dir='ltr'>les</span> <span class='ocrx_word' id='word_1_258' title='bbox 446 2901 591 2963; x_wconf 87' lang='lat' dir='ltr'>Etrusques</span> <span class='ocrx_word' id='word_1_259' title='bbox 607 2905 633 2948; x_wconf 89' lang='lat' dir='ltr'>et</span> <span class='ocrx_word' id='word_1_260' title='bbox 648 2903 686 2948; x_wconf 90' lang='lat' dir='ltr'>les</span> <span class='ocrx_word' id='word_1_261' title='bbox 699 2901 804 2959; x_wconf 90' lang='lat' dir='ltr'>Sabins,</span> <span class='ocrx_word' id='word_1_262' title='bbox 824 2906 951 2948; x_wconf 82' lang='lat' dir='ltr'>souteuus</span> <span class='ocrx_word' id='word_1_263' title='bbox 968 2901 1016 2948; x_wconf 89' lang='lat' dir='ltr'>des</span> <span class='ocrx_word' id='word_1_264' title='bbox 1033 2901 1121 2963; x_wconf 86' lang='lat' dir='ltr'>Eques</span> <span class='ocrx_word' id='word_1_265' title='bbox 1134 2904 1161 2949; x_wconf 90' lang='lat' dir='ltr'>et</span> <span class='ocrx_word' id='word_1_266' title='bbox 1174 2902 1224 2950; x_wconf 86' lang='lat' dir='ltr'>des</span> 
     </span>
     <span class='ocr_line' id='line_1_32' title="bbox 215 2962 1223 3024; baseline 0.003 -17"><span class='ocrx_word' id='word_1_267' title='bbox 215 2963 357 3024; x_wconf 82' lang='lat' dir='ltr'>Volsques,</span> <span class='ocrx_word' id='word_1_268' title='bbox 371 2965 611 3020; x_wconf 78' lang='lat' dir='ltr'>recommenceient</span> <span class='ocrx_word' id='word_1_269' title='bbox 629 2965 653 3010; x_wconf 93' lang='grc'>13</span> <span class='ocrx_word' id='word_1_270' title='bbox 667 2977 771 3024; x_wconf 76' lang='lat' dir='ltr'>guerre.</span> <span class='ocrx_word' id='word_1_271' title='bbox 785 2989 814 2997; x_wconf 94' lang='lat'>-</span> <span class='ocrx_word' id='word_1_272' title='bbox 827 2963 954 3016; x_wconf 80' lang='lat' dir='ltr'>Patres,</span> <span class='ocrx_word' id='word_1_273' title='bbox 968 2962 1007 3010; x_wconf 88' lang='lat' dir='ltr'>les</span> <span class='ocrx_word' id='word_1_274' title='bbox 1019 2963 1133 3010; x_wconf 86' lang='grc'><strong>131311133</strong></span> <span class='ocrx_word' id='word_1_275' title='bbox 1143 2964 1223 3012; x_wconf 75' lang='lat' dir='ltr'>sena-</span> 
     </span>
     <span class='ocr_line' id='line_1_33' title="bbox 214 3024 1223 3086; baseline 0.002 -16"><span class='ocrx_word' id='word_1_276' title='bbox 214 3024 332 3070; x_wconf 87' lang='lat' dir='ltr'>toriales.</span> <span class='ocrx_word' id='word_1_277' title='bbox 346 3024 468 3070; x_wconf 86' lang='lat' dir='ltr'>lactasse</span> <span class='ocrx_word' id='word_1_278' title='bbox 485 3026 701 3084; x_wconf 75' lang='grc'><strong>3313313333.-</strong></span> <span class='ocrx_word' id='word_1_279' title='bbox 716 3024 836 3073; x_wconf 83' lang='lat' dir='ltr'>Nexos.</span> <span class='ocrx_word' id='word_1_280' title='bbox 849 3025 888 3071; x_wconf 90' lang='lat' dir='ltr'>En</span> <span class='ocrx_word' id='word_1_281' title='bbox 902 3025 981 3082; x_wconf 86' lang='lat' dir='ltr'>droit,</span> <span class='ocrx_word' id='word_1_282' title='bbox 995 3039 1026 3071; x_wconf 89' lang='lat' dir='ltr'>ce</span> <span class='ocrx_word' id='word_1_283' title='bbox 1038 3029 1096 3072; x_wconf 86' lang='lat' dir='ltr'>mot</span> <span class='ocrx_word' id='word_1_284' title='bbox 1112 3025 1223 3086; x_wconf 77' lang='lat' dir='ltr'>designe</span> 
     </span>
     <span class='ocr_line' id='line_1_34' title="bbox 215 3085 1218 3147; baseline 0.002 -16"><span class='ocrx_word' id='word_1_285' title='bbox 215 3100 265 3131; x_wconf 91' lang='lat' dir='ltr'>une</span> <span class='ocrx_word' id='word_1_286' title='bbox 276 3085 432 3146; x_wconf 82' lang='lat' dir='ltr'>obligation,</span> <span class='ocrx_word' id='word_1_287' title='bbox 446 3087 506 3145; x_wconf 90' lang='lat' dir='ltr'>puis</span> <span class='ocrx_word' id='word_1_288' title='bbox 526 3101 576 3132; x_wconf 92' lang='lat' dir='ltr'>une</span> <span class='ocrx_word' id='word_1_289' title='bbox 592 3087 674 3133; x_wconf 88' lang='lat' dir='ltr'>dette.</span> <span class='ocrx_word' id='word_1_290' title='bbox 695 3085 830 3133; x_wconf 90' lang='lat' dir='ltr'>L&#39;homme</span> <span class='ocrx_word' id='word_1_291' title='bbox 843 3087 888 3147; x_wconf 93' lang='lat' dir='ltr'>qui</span> <span class='ocrx_word' id='word_1_292' title='bbox 899 3089 940 3132; x_wconf 88' lang='lat' dir='ltr'>est</span> <span class='ocrx_word' id='word_1_293' title='bbox 954 3100 1037 3132; x_wconf 72' lang='lat' dir='ltr'>nesus</span> <span class='ocrx_word' id='word_1_294' title='bbox 1054 3089 1125 3133; x_wconf 90' lang='lat' dir='ltr'>reste</span> <span class='ocrx_word' id='word_1_295' title='bbox 1142 3087 1218 3146; x_wconf 88' lang='lat' dir='ltr'>libre,</span> 
     </span>
     <span class='ocr_line' id='line_1_35' title="bbox 215 3145 1224 3209; baseline 0.003 -17"><span class='ocrx_word' id='word_1_296' title='bbox 215 3147 281 3194; x_wconf 87' lang='lat' dir='ltr'>mais</span> <span class='ocrx_word' id='word_1_297' title='bbox 300 3145 340 3193; x_wconf 85' lang='lat' dir='ltr'>s&#39;il</span> <span class='ocrx_word' id='word_1_298' title='bbox 359 3161 391 3192; x_wconf 88' lang='lat' dir='ltr'>ne</span> <span class='ocrx_word' id='word_1_299' title='bbox 409 3145 547 3206; x_wconf 89' lang='lat' dir='ltr'>s&#39;acquitte</span> <span class='ocrx_word' id='word_1_300' title='bbox 570 3163 618 3209; x_wconf 87' lang='lat' dir='ltr'>pas</span> <span class='ocrx_word' id='word_1_301' title='bbox 633 3163 665 3194; x_wconf 88' lang='lat' dir='ltr'>au</span> <span class='ocrx_word' id='word_1_302' title='bbox 679 3147 742 3207; x_wconf 83' lang='lat' dir='ltr'>jour</span> <span class='ocrx_word' id='word_1_303' title='bbox 758 3149 791 3193; x_wconf 93' lang='lat' dir='ltr'>de</span> <span class='ocrx_word' id='word_1_304' title='bbox 807 3145 965 3207; x_wconf 72' lang='lat' dir='ltr'>l&#39;echeance,</span> <span class='ocrx_word' id='word_1_305' title='bbox 981 3148 1005 3194; x_wconf 92' lang='grc'>13</span> <span class='ocrx_word' id='word_1_306' title='bbox 1023 3148 1140 3195; x_wconf 87' lang='lat' dir='ltr'>tribunal</span> <span class='ocrx_word' id='word_1_307' title='bbox 1159 3164 1224 3208; x_wconf 83' lang='lat' dir='ltr'>pro·</span> 
     </span>
     <span class='ocr_line' id='line_1_36' title="bbox 215 3206 1223 3270; baseline 0.003 -16"><span class='ocrx_word' id='word_1_308' title='bbox 215 3222 300 3254; x_wconf 90' lang='lat' dir='ltr'>nouce</span> <span class='ocrx_word' id='word_1_309' title='bbox 309 3223 337 3255; x_wconf 90' lang='lat' dir='ltr'>sa</span> <span class='ocrx_word' id='word_1_310' title='bbox 346 3206 494 3254; x_wconf 82' lang='lat' dir='ltr'>deminutio</span> <span class='ocrx_word' id='word_1_311' title='bbox 504 3208 611 3269; x_wconf 80' lang='lat' dir='ltr'>capitis:</span> <span class='ocrx_word' id='word_1_312' title='bbox 623 3210 640 3255; x_wconf 95' lang='grc'>11</span> <span class='ocrx_word' id='word_1_313' title='bbox 652 3212 693 3255; x_wconf 85' lang='grc'>331</span> <span class='ocrx_word' id='word_1_314' title='bbox 702 3210 772 3256; x_wconf 89' lang='lat' dir='ltr'>alors</span> <span class='ocrx_word' id='word_1_315' title='bbox 782 3208 885 3270; x_wconf 79' lang='lat' dir='ltr'>adjuge,</span> <span class='ocrx_word' id='word_1_316' title='bbox 897 3208 1029 3269; x_wconf 83' lang='lat' dir='ltr'>addictus,</span> <span class='ocrx_word' id='word_1_317' title='bbox 1043 3210 1223 3257; x_wconf 74' lang='grc'><strong>1133331133·</strong></span> 
     </span>
     <span class='ocr_line' id='line_1_37' title="bbox 214 3270 1221 3340; baseline 0.003 -25"><span class='ocrx_word' id='word_1_318' title='bbox 214 3271 277 3330; x_wconf 85' lang='lat' dir='ltr'>cier,</span> <span class='ocrx_word' id='word_1_319' title='bbox 301 3270 345 3332; x_wconf 92' lang='lat' dir='ltr'>qui</span> <span class='ocrx_word' id='word_1_320' title='bbox 369 3273 434 3330; x_wconf 88' lang='lat' dir='ltr'>peut</span> <span class='ocrx_word' id='word_1_321' title='bbox 453 3270 477 3316; x_wconf 93' lang='grc'>13</span> <span class='ocrx_word' id='word_1_322' title='bbox 500 3271 564 3316; x_wconf 89' lang='grc'><strong>13113</strong></span> <span class='ocrx_word' id='word_1_323' title='bbox 583 3272 775 3332; x_wconf 86' lang='lat' dir='ltr'>emprisonner.</span> <span class='ocrx_word' id='word_1_324' title='bbox 792 3297 823 3305; x_wconf 95' lang='lat'>-</span> <span class='ocrx_word' id='word_1_325' title='bbox 836 3270 1035 3340; x_wconf 76' lang='lat' dir='ltr'>Insignibus,</span> <span class='ocrx_word' id='word_1_326' title='bbox 1048 3274 1109 3318; x_wconf 88' lang='lat' dir='ltr'>tout</span> <span class='ocrx_word' id='word_1_327' title='bbox 1125 3286 1155 3317; x_wconf 93' lang='lat' dir='ltr'>ce</span> <span class='ocrx_word' id='word_1_328' title='bbox 1175 3273 1221 3332; x_wconf 91' lang='lat' dir='ltr'>qui</span> 
     </span>
     <span class='ocr_line' id='line_1_38' title="bbox 215 3331 1220 3393; baseline 0.003 -17"><span class='ocrx_word' id='word_1_329' title='bbox 215 3331 305 3378; x_wconf 90' lang='grc'><strong>1313311</strong></span> <span class='ocrx_word' id='word_1_330' title='bbox 319 3331 418 3378; x_wconf 75' lang='grc'><strong>1313131</strong></span> <span class='ocrx_word' id='word_1_331' title='bbox 434 3346 462 3378; x_wconf 88' lang='grc'>33</span> <span class='ocrx_word' id='word_1_332' title='bbox 480 3333 583 3379; x_wconf 81' lang='lat' dir='ltr'>misere.</span> <span class='ocrx_word' id='word_1_333' title='bbox 602 3359 631 3366; x_wconf 96' lang='lat'>-</span> <span class='ocrx_word' id='word_1_334' title='bbox 651 3331 794 3382; x_wconf 85' lang='lat' dir='ltr'>Duxisse</span> <span class='ocrx_word' id='word_1_335' title='bbox 808 3346 814 3378; x_wconf 91' lang='lat'>:</span> <span class='ocrx_word' id='word_1_336' title='bbox 827 3332 846 3378; x_wconf 96' lang='lat' dir='ltr'>il</span> <span class='ocrx_word' id='word_1_337' title='bbox 859 3334 939 3389; x_wconf 85' lang='grc'><strong>31311,</strong></span> <span class='ocrx_word' id='word_1_338' title='bbox 953 3347 1056 3379; x_wconf 90' lang='lat' dir='ltr'>comme</span> <span class='ocrx_word' id='word_1_339' title='bbox 1071 3334 1220 3393; x_wconf 86' lang='lat' dir='ltr'>centurion,</span> 
     </span>
     <span class='ocr_line' id='line_1_39' title="bbox 215 3393 1221 3454; baseline 0.004 -16"><span class='ocrx_word' id='word_1_340' title='bbox 215 3393 371 3440; x_wconf 84' lang='lat' dir='ltr'>commande&#39;</span> <span class='ocrx_word' id='word_1_341' title='bbox 391 3409 442 3439; x_wconf 91' lang='lat' dir='ltr'>une</span> <span class='ocrx_word' id='word_1_342' title='bbox 461 3395 617 3454; x_wconf 67' lang='lat' dir='ltr'>compagnie</span> <span class='ocrx_word' id='word_1_343' title='bbox 639 3395 671 3440; x_wconf 92' lang='lat' dir='ltr'>de</span> <span class='ocrx_word' id='word_1_344' title='bbox 691 3394 855 3440; x_wconf 80' lang='grc'><strong>6113131333</strong></span> <span class='ocrx_word' id='word_1_345' title='bbox 873 3393 1012 3454; x_wconf 72' lang='grc'><strong>(311131.-</strong></span> <span class='ocrx_word' id='word_1_346' title='bbox 1029 3394 1163 3444; x_wconf 78' lang='lat' dir='ltr'>Tabem.</span> <span class='ocrx_word' id='word_1_347' title='bbox 1181 3395 1221 3442; x_wconf 89' lang='lat' dir='ltr'>les</span> 
     </span>
     <span class='ocr_line' id='line_1_40' title="bbox 215 3454 1220 3518; baseline 0.004 -18"><span class='ocrx_word' id='word_1_348' title='bbox 215 3455 302 3502; x_wconf 88' lang='lat' dir='ltr'>dettes</span> <span class='ocrx_word' id='word_1_349' title='bbox 314 3456 821 3516; x_wconf 73' lang='grc'><strong>33133331111333131133333133311313.</strong></span> <span class='ocrx_word' id='word_1_350' title='bbox 832 3482 861 3489; x_wconf 93' lang='lat'>—</span> <span class='ocrx_word' id='word_1_351' title='bbox 870 3454 1056 3504; x_wconf 79' lang='lat' dir='ltr'>Servitium.</span> <span class='ocrx_word' id='word_1_352' title='bbox 1066 3455 1101 3502; x_wconf 91' lang='lat' dir='ltr'>Le</span> <span class='ocrx_word' id='word_1_353' title='bbox 1112 3457 1220 3518; x_wconf 75' lang='lat' dir='ltr'>citoyen</span> 
     </span>
     <span class='ocr_line' id='line_1_41' title="bbox 215 3516 1220 3578; baseline 0.002 -16"><span class='ocrx_word' id='word_1_354' title='bbox 215 3517 319 3562; x_wconf 91' lang='lat' dir='ltr'>devenu</span> <span class='ocrx_word' id='word_1_355' title='bbox 341 3516 464 3563; x_wconf 86' lang='lat' dir='ltr'>addictus</span> <span class='ocrx_word' id='word_1_356' title='bbox 482 3516 573 3564; x_wconf 77' lang='lat' dir='ltr'>n&#39;etait</span> <span class='ocrx_word' id='word_1_357' title='bbox 593 3533 641 3578; x_wconf 88' lang='lat' dir='ltr'>pas</span> <span class='ocrx_word' id='word_1_358' title='bbox 659 3517 793 3563; x_wconf 83' lang='lat' dir='ltr'>consondu</span> <span class='ocrx_word' id='word_1_359' title='bbox 817 3531 882 3564; x_wconf 81' lang='lat' dir='ltr'>avec</span> <span class='ocrx_word' id='word_1_360' title='bbox 902 3517 940 3563; x_wconf 93' lang='lat' dir='ltr'>les</span> <span class='ocrx_word' id='word_1_361' title='bbox 960 3517 1086 3577; x_wconf 84' lang='grc'><strong>33313133,</strong></span> <span class='ocrx_word' id='word_1_362' title='bbox 1115 3520 1181 3565; x_wconf 89' lang='grc'><strong>13313</strong></span> <span class='ocrx_word' id='word_1_363' title='bbox 1202 3520 1220 3564; x_wconf 95' lang='grc'>11</span> 
     </span>
     <span class='ocr_line' id='line_1_42' title="bbox 215 3577 1218 3639; baseline 0.001 -14"><span class='ocrx_word' id='word_1_364' title='bbox 215 3579 326 3638; x_wconf 87' lang='lat' dir='ltr'>pouvait</span> <span class='ocrx_word' id='word_1_365' title='bbox 343 3579 398 3624; x_wconf 76' lang='lat' dir='ltr'>etre</span> <span class='ocrx_word' id='word_1_366' title='bbox 418 3579 495 3625; x_wconf 75' lang='lat' dir='ltr'>truite</span> <span class='ocrx_word' id='word_1_367' title='bbox 515 3580 585 3625; x_wconf 83' lang='lat' dir='ltr'>aussi</span> <span class='ocrx_word' id='word_1_368' title='bbox 603 3579 776 3624; x_wconf 89' lang='lat' dir='ltr'>cruellcment</span> <span class='ocrx_word' id='word_1_369' title='bbox 793 3577 888 3638; x_wconf 81' lang='lat' dir='ltr'>qu&#39;eux</span> <span class='ocrx_word' id='word_1_370' title='bbox 907 3577 1063 3638; x_wconf 77' lang='lat' dir='ltr'>,Tite-Live,</span> <span class='ocrx_word' id='word_1_371' title='bbox 1082 3578 1218 3639; x_wconf 67' lang='grc'><strong>131131.</strong></span> 
     </span>
     <span class='ocr_line' id='line_1_43' title="bbox 215 3639 1222 3701; baseline 0 -13"><span class='ocrx_word' id='word_1_372' title='bbox 215 3665 244 3674; x_wconf 91' lang='lat'>-</span> <span class='ocrx_word' id='word_1_373' title='bbox 256 3639 468 3701; x_wconf 78' lang='lat' dir='ltr'>Ergastulum</span> <span class='ocrx_word' id='word_1_374' title='bbox 484 3655 489 3686; x_wconf 91' lang='lat'>:</span> <span class='ocrx_word' id='word_1_375' title='bbox 504 3644 576 3686; x_wconf 90' lang='lat' dir='ltr'>sorte</span> <span class='ocrx_word' id='word_1_376' title='bbox 589 3641 621 3686; x_wconf 92' lang='lat' dir='ltr'>de</span> <span class='ocrx_word' id='word_1_377' title='bbox 632 3640 723 3700; x_wconf 90' lang='lat' dir='ltr'>prison</span> <span class='ocrx_word' id='word_1_378' title='bbox 739 3639 860 3686; x_wconf 78' lang='lat' dir='ltr'>attachee</span> <span class='ocrx_word' id='word_1_379' title='bbox 876 3655 927 3685; x_wconf 80' lang='lat' dir='ltr'>aux</span> <span class='ocrx_word' id='word_1_380' title='bbox 943 3641 1039 3686; x_wconf 82' lang='lat' dir='ltr'>termes</span> <span class='ocrx_word' id='word_1_381' title='bbox 1057 3643 1084 3686; x_wconf 89' lang='lat' dir='ltr'>et</span> <span class='ocrx_word' id='word_1_382' title='bbox 1101 3655 1152 3687; x_wconf 86' lang='lat' dir='ltr'>aux</span> <span class='ocrx_word' id='word_1_383' title='bbox 1170 3643 1222 3689; x_wconf 83' lang='lat' dir='ltr'>vil—</span> 
     </span>
     <span class='ocr_line' id='line_1_44' title="bbox 215 3700 1221 3762; baseline 0.003 -15"><span class='ocrx_word' id='word_1_384' title='bbox 215 3701 254 3747; x_wconf 85' lang='lat' dir='ltr'>las</span> <span class='ocrx_word' id='word_1_385' title='bbox 264 3701 311 3746; x_wconf 90' lang='lat' dir='ltr'>des</span> <span class='ocrx_word' id='word_1_386' title='bbox 325 3701 460 3756; x_wconf 83' lang='lat' dir='ltr'>Romains,</span> <span class='ocrx_word' id='word_1_387' title='bbox 475 3703 508 3748; x_wconf 81' lang='lat' dir='ltr'>ou</span> <span class='ocrx_word' id='word_1_388' title='bbox 521 3716 587 3747; x_wconf 78' lang='lat' dir='ltr'>ceux</span> <span class='ocrx_word' id='word_1_389' title='bbox 600 3702 648 3747; x_wconf 92' lang='lat' dir='ltr'>des</span> <span class='ocrx_word' id='word_1_390' title='bbox 660 3701 779 3746; x_wconf 82' lang='grc'><strong>33113133</strong></span> <span class='ocrx_word' id='word_1_391' title='bbox 793 3700 870 3762; x_wconf 88' lang='lat' dir='ltr'>qu&#39;on</span> <span class='ocrx_word' id='word_1_392' title='bbox 884 3702 969 3748; x_wconf 91' lang='grc'><strong>133311</strong></span> <span class='ocrx_word' id='word_1_393' title='bbox 985 3716 1037 3748; x_wconf 84' lang='lat' dir='ltr'>aux</span> <span class='ocrx_word' id='word_1_394' title='bbox 1053 3702 1106 3748; x_wconf 87' lang='grc'><strong>1313</strong></span> <span class='ocrx_word' id='word_1_395' title='bbox 1119 3702 1221 3750; x_wconf 75' lang='lat' dir='ltr'>etaient</span> 
     </span>
     <span class='ocr_line' id='line_1_45' title="bbox 214 3761 909 3818; baseline 0.001 -10"><span class='ocrx_word' id='word_1_396' title='bbox 214 3761 287 3818; x_wconf 65' lang='lat' dir='ltr'>loces</span> <span class='ocrx_word' id='word_1_397' title='bbox 300 3765 327 3808; x_wconf 91' lang='grc'>31</span> <span class='ocrx_word' id='word_1_398' title='bbox 340 3763 425 3809; x_wconf 78' lang='lat' dir='ltr'>forces</span> <span class='ocrx_word' id='word_1_399' title='bbox 438 3764 470 3809; x_wconf 91' lang='lat' dir='ltr'>de</span> <span class='ocrx_word' id='word_1_400' title='bbox 485 3762 620 3809; x_wconf 85' lang='lat' dir='ltr'>travailler</span> <span class='ocrx_word' id='word_1_401' title='bbox 631 3776 697 3808; x_wconf 85' lang='lat' dir='ltr'>avec</span> <span class='ocrx_word' id='word_1_402' title='bbox 709 3763 780 3809; x_wconf 91' lang='lat' dir='ltr'>leurs</span> <span class='ocrx_word' id='word_1_403' title='bbox 793 3763 909 3809; x_wconf 87' lang='lat' dir='ltr'>chaincs.</span> 
     </span>
    </p>
   </div>
   <div class='ocr_carea' id='block_1_4' title="bbox 634 3868 793 3918">
    <p class='ocr_par' dir='ltr' id='par_1_4' title="bbox 634 3868 793 3918">
     <span class='ocr_line' id='line_1_46' title="bbox 634 3868 793 3918; baseline 0 -1"><span class='ocrx_word' id='word_1_404' title='bbox 634 3868 793 3918; x_wconf 73' lang='lat'>-290-</span> 
     </span>
    </p>
   </div>
   <div class='ocr_carea' id='block_1_5' title="bbox 0 0 1382 4238">
    <p class='ocr_par' dir='ltr' id='par_1_5' title="bbox 0 0 1382 4238">
     <span class='ocr_line' id='line_1_47' title="bbox 0 0 1382 4238; baseline 0 0"><span class='ocrx_word' id='word_1_405' title='bbox 0 0 1382 4238; x_wconf 95' lang='lat' dir='ltr'> </span> 
     </span>
    </p>
   </div>
  </div>
 </body>
</html>
