2664 4234
459 175 614 233 438.-1.e
628 174 767 232 Destin.

497 267 513 304 '-
543 275 597 357 (De¹
608 275 691 339 Fato.)

70 427 72 431 ’
113 423 195 492 Quid
210 404 274 484 tam
289 421 430 485 sollicitis
445 426 540 486 vitam
554 427 763 485 consumimus
780 429 877 496 annis,

113 521 370 603 Torquemurque
384 530 468 582 metu
484 544 625 603 caecaque
640 523 784 603 cupidine
800 527 929 597 rerum*,

114 619 313 698 AEternisque
329 640 416 679 senes
432 621 524 694 curis,
543 621 617 679 dum
633 621 799 700 quaerimus
808 624 830 694 *,
848 642 949 679 aevum

115 715 289 782 Perdimus,
307 724 337 774 et
350 715 435 776 nullo
451 723 593 776 votorum
610 717 670 776 fine
687 715 768 776 beati
917 707 921 711 ’

115 812 258 871 Victuros
274 814 413 890 agimus*
426 835 546 893 semper
558 835 614 873 nec
628 814 761 872 vivimus
777 835 922 894 umquam
932 817 954 887 *,

115 907 363 990 Pauperiorque*
377 909 465 990 bonis
479 911 608 992 quisque
624 918 670 969 est
685 932 746 989 quo
760 909 847 990 plura
861 912 985 990 pararit,

115 1001 180 1060 Nec
193 1001 275 1080 quod
290 1003 381 1061 habet
393 1011 549 1063 numerat:
566 1010 685 1062 tantum
700 1003 782 1083 quod
796 1024 858 1062 non
881 1003 972 1061 habet
991 1001 1115 1082 optat*‘?

115 1099 255 1180 Cumque
272 1099 329 1157 sibi
346 1120 457 1178 parvos
473 1121 546 1158 usus
561 1105 668 1158 natura
684 1102 856 1178 reposcat*,
883 1087 884 1090 Ἰ

115 1188 277 1254 Materiam
293 1196 439 1255 struimus
455 1217 573 1274 magnae
585 1217 642 1275 per
654 1199 745 1254 vota*
761 1197 880 1280 ruinrq?

115 1292 243 1365 Solvite,
261 1292 415 1364 mortales,
432 1293 561 1364 animos,
579 1313 731 1372 curasque
745 1293 855 1364 levate,

115 1391 235 1472 Totque
252 1390 452 1468 supervacuis
467 1390 563 1448 vitam
577 1389 698 1468 deplete
714 1388 859 1468 querelis

115 1487 189 1545 Fata
201 1493 314 1564 regunt
327 1487 444 1560 orbem,
468 1493 550 1546 certa
564 1492 647 1544 stant
661 1486 760 1545 omnia
778 1486 854 1562 lege,

116 1584 299 1662 Longaque*
314 1604 368 1662 per
381 1584 481 1642 certos
497 1584 659 1660 signantur
671 1591 810 1662 tempora
826 1603 944 1643 cursus

116 1681 283 1738 Nascentes
299 1680 448 1738 morimur
461 1680 591 1760 finisque
605 1679 642 1738 ab
657 1680 775 1758 origine
792 1680 936 1758 pendet*.

117 1777 196 1836 Hinc
207 1784 237 1836 et
251 1797 325 1856 opes
338 1785 368 1835 et
383 1797 476 1854 regna
491 1779 602 1848 lluunt,
620 1785 651 1835 et
664 1777 780 1855 saepius
788 1783 854 1834 orta

116 1873 294 1953 Paupertas,
314 1880 454 1954 artesque
470 1875 560 1945 datae,
573 1894 734 1953 moresque
750 1873 854 1940 creati,

116 1971 154 2028 Et
167 1971 253 2042 vitia,
271 1980 302 2029 et
316 1971 429 2044 clades,
444 1970 554 2029 damna
573 1978 603 2029 et
618 1970 820 2050 compendia*
837 1992 950 2030 rorum.

115 2068 213 2126 Nemo
228 2089 330 2126 carere
342 2069 433 2127 dato*
447 2067 571 2147 poterit,
589 2088 645 2125 nec
659 2067 771 2126 habere
787 2075 943 2143 negatum,

116 2165 323 2223 Fortunamve
336 2163 398 2223 suis
411 2163 541 2222 invitam
557 2162 706 2242 prendere
723 2164 815 2235 rotie,

118 2262 181 2319 Aut
193 2262 297 2339 lugere
307 2261 475 2320 instantem
493 2279 500 2319 :
518 2280 584 2318 sors
597 2268 643 2318 est
653 2281 706 2318 sua
723 2260 833 2338 cuique
847 2260 981 2321 ferenda.

146 2432 186 2481 111ο
197 2431 264 2482 438
274 2433 412 2482 :Rerum
422 2451 453 2474 =
465 2446 554 2494 opum.
564 2431 605 2479 On
618 2431 771 2478 connaitles
784 2431 870 2478 beanx
883 2447 944 2478 vers
955 2433 987 2479 de
1000 2433 1117 2480 Lucrece

117 2494 211 2552 V,1123
226 2509 231 2541 :
245 2514 255 2536 a
273 2495 305 2541 Et
319 2496 408 2542 tamen
421 2509 433 2541 e
446 2508 559 2550 summo,
581 2493 660 2556 quasi
680 2493 794 2553 fulmen,
816 2491 910 2554 dejicit
929 2493 994 2541 ictos
1011 2493 1114 2542 Inuidia

117 2554 251 2603 interdum
265 2555 436 2618 contemptim
450 2555 478 2601 in
494 2555 606 2602 'l'artara
620 2555 719 2610 1001111,-
733 2554 835 2602 Invidia
848 2554 986 2617 quoniam,
1003 2571 1049 2602 ceu
1061 2555 1117 2616 sut-

117 2616 194 2676 mine,
208 2631 312 2665 summa
323 2618 453 2679 vaporant
467 2616 640 2678 Pterumque,
658 2620 683 2663 et
701 2617 846 2678 quaesunt
862 2616 924 2663 aliis
938 2632 978 2663 ma
1002 2616 1023 2664 is
1045 2617 1115 2664 edita

116 2694 230 2742 cumque
245 2700 265 2726 υ.
276 2679 518 2740 -Quaerimus,
530 2679 587 2739 pris
600 2678 776 2726 absolument.
789 2679 828 2725 Cf.
841 2677 954 2738 Horace,
992 2680 1026 2725 rt.
1032 2678 1114 2740 poet,

116 2743 230 2803 portrait
242 2742 274 2788 de
282 2743 308 2788 la
317 2741 458 2798 vieillesse,
473 2754 532 2786 vers
546 2744 598 2786 110.
610 2767 639 2774 -
649 2738 795 2801 Agimus,
805 2741 871 2786 dans
882 2739 905 2786 le
918 2755 977 2786 sens
990 2741 1023 2787 de
1036 2755 1115 2802 agere

115 2804 212 2864 partes.
227 2829 256 2836 -
269 2804 338 2852 Pau
363 2801 521 2862 eriorque.
534 2802 569 2848 La
584 2801 692 2862 pc'riode
704 2803 838 2858 continue,
853 2816 925 2848 assez
938 2802 1114 2849 lourdement.

117 2890 144 2898 -
160 2865 319 2924 Umquam
352 2865 369 2911 t.
384 2865 408 2910 le
419 2879 479 2910 vers
489 2864 522 2910 de
538 2863 791 2925 cecilius:E.riqua
801 2877 866 2925 pars
880 2864 919 2909 est
940 2864 1010 2910 vitae
1034 2879 1115 2926 quam

117 2925 337 2973 110ευί010111.-
352 2925 512 2986 optatos.
536 2925 659 2983 Lucrece,
681 2924 728 2977 ΙΙΙ,
747 2929 791 2970 955
813 2939 817 2971 :
841 2944 851 2966 ιι
867 2924 917 2971 Sed
951 2924 995 2971 uia
1012 2939 1117 2986 semper

116 2986 652 3057 auesquodabest,praesentia'temnisu,
671 3012 700 3021 -
722 2987 899 3047 Reposcat,
926 2940 965 3033 gs.
989 2987 1115 3044 Lam-ece,

118 3049 140 3093 V
143 3085 149 3104 ,
163 3053 222 3095 1116
235 3063 241 3097 :
254 3068 265 3090 «ι
279 3047 393 3096 Divitiae
405 3048 522 3110 grandes
536 3047 639 3095 homini
650 3049 714 3095 sunt
727 3047 901 3108 uivcreparce
912 3048 1000 3108 AEquo
1012 3047 1115 3094 animo:

118 3124 202 3173 neque
216 3109 285 3158 enim
301 3112 339 3157 est
352 3125 479 3172 umquam
489 3110 606 3171 penuria
616 3108 695 3170 parui
705 3129 724 3156 n.
734 3136 765 3145 -
776 3111 872 3158 Vota.
884 3109 953 3156 C'est
965 3109 988 3155 le
1002 3110 1071 3170 sujet
1083 3110 1116 3156 de

118 3173 141 3219 la
153 3171 233 3220 satire
246 3171 270 3218 X
282 3172 314 3218 de
327 3171 449 3230 Juve'nal,
464 3171 528 3218 celle
542 3169 622 3232 qu'on
636 3185 649 3217 a
661 3171 770 3232 appelce
782 3171 805 3217 la
820 3172 891 3216 reine
907 3172 953 3217 des
967 3171 1070 3218 satiras.
1086 3197 1116 3206 ·-

118 3235 231 3296 Longa
247 3248 253 3280 :
267 3233 285 3280 il
298 3232 374 3294 s'agit
385 3234 416 3279 de
438 3236 513 3280 toute
532 3232 557 3279 la
578 3233 660 3280 durc'e
682 3234 728 3280 des
750 3235 820 3293 ages.
842 3258 871 3267 -
892 3233 1024 3281 Pendet.
1048 3233 1116 3278 Vers

117 3293 194 3342 d’une
206 3294 339 3356 precision
353 3295 544 3342 merveilleuse.
560 3294 599 3341 Cf.
613 3294 741 3355 seneque,
755 3293 876 3354 110011,
891 3297 919 3340 24
934 3309 938 3340 :
955 3313 965 3336 u
976 3295 1049 3340 Mors
1063 3309 1115 3340 non

117 3371 169 3404 una
190 3356 272 3413 venit,
297 3357 344 3404 sed
364 3371 431 3418 quae
449 3357 519 3416 rapit
543 3357 635 3403 ultima
657 3370 728 3402 mors
752 3361 826 3403 est».
847 3355 1090 3416 —compendia
1110 3370 1116 3402 ε

117 3418 241 3479 opposed
253 3418 360 3466 damna.
373 3445 404 3453 -
418 3418 502 3468 Dato
517 3431 522 3464 :
535 3416 600 3464 c'est
614 3418 638 3464 le
655 3418 694 3465 101
714 3418 818 3478 assigno
839 3431 888 3478 par
904 3418 928 3464 le
946 3418 1050 3464 Dostin.
1076 3418 1115 3464 On

118 3481 175 3527 voit
186 3494 235 3540 par
246 3495 276 3526 ce
291 3494 414 3527 morceau
428 3494 478 3540 que
495 3480 532 3526 les
554 3480 680 3526 stoiciens
698 3480 853 3540 expliquent
869 3479 907 3526 les
924 3481 1015 3526 vertus
1033 3483 1059 3527 et
1077 3480 1116 3526 les

116 3541 188 3588 vices
203 3555 252 3603 par
264 3540 296 3588 le'
309 3541 468 3589 mecanisme
485 3541 517 3588 do
535 3539 667 3588 l'univers.
689 3541 757 3588 Mais
777 3541 809 3587 ils
831 3556 863 3586 ne
884 3541 1050 3601 suppriment
1070 3556 1117 3602 pas

118 3617 186 3664 pour
195 3603 250 3650 cela
262 3605 286 3650 la
299 3603 393 3650 liberte
406 3606 432 3650 et
443 3604 468 3649 la
478 3603 689 3664 responsabilite',
701 3603 725 3649 la
734 3604 769 3650 loi
780 3603 879 3649 morale
890 3606 965 3648 etses
974 3603 1115 3651 sanctioris.

118 3663 158 3712 On
178 3668 285 3712 connatt
303 3666 340 3711 les
354 3665 439 3711 beaux
453 3665 586 3725 exemples
607 3666 639 3711 de
659 3679 772 3724 courage
796 3667 823 3710 01
846 3662 1004 3711 d'he'ro'isme
1026 3665 1118 3725 qu'ont

118 3726 228 3784 donne's,
251 3741 282 3772 au
305 3727 394 3772 milieu
414 3728 447 3774 de
468 3726 705 3773 l’asservissement
738 3726 880 3780 universol,
902 3727 939 3772 les
968 3725 1119 3772 Cre'mutius

118 3789 220 3836 Cordus
233 3792 260 3836 et
273 3788 312 3834 les
326 3787 456 3849 Sdncque,
470 3787 507 3834 les
519 3787 636 3834 Thrasea
654 3791 680 3835 et
693 3789 731 3834 les
744 3789 885 3835 Helvidius
898 3788 1013 3834 Priscus.

538 3929 697 3980 -441-
