2664 4234
288 139 642 219 442.7sur1au0nte'
658 119 729 213 oes-
739 139 864 196 uieux.

414 245 461 305 (De
474 244 592 293 bonitate
607 244 742 307 Deorum.)
772 283 774 286 .

91 359 286 438 ¹Epicurus*
306 379 380 417 vero
405 359 571 418 exanimis
592 359 748 418 bominum
774 359 905 418 extraxit
928 359 1075 417 radicitus
1092 348 1140 422 29·

67 447 267 531 religionem,
285 475 356 514 curn
372 455 431 514 diis
450 456 674 514 immortalibus
695 463 726 518 et
749 459 857 535 opem*
877 463 907 514 et
929 455 1076 534 gratiam*

69 551 211 612 sustulit.
230 551 308 610 Cum
324 552 404 610 enirn
421 553 569 633 optimam
586 560 616 610 et
626 553 920 631 praestantissimam
936 559 1076 640 natpram

68 647 121 724 dei
135 647 219 708 dicat
232 669 308 721 esse,
324 657 415 726 negat
434 649 534 708 idem*
554 670 618 707 esse
638 649 669 707 in
683 649 740 708 deo
762 650 890 727 gratiam
914 668 921 712 τ
945 649 1026 707 tollit
1046 647 1077 708 id

69 740 158 824 quod
171 745 304 803 maxime
325 746 484 824 proprium
510 754 556 804 est
579 746 713 825 optimae
737 746 1076 826 praestantissimaeque

72 849 215 901 naturae.
232 841 309 908 Quid
326 843 406 900 enim
423 851 469 900 est
480 843 598 912 melius,
617 850 670 901 aut
683 842 755 921 quid
770 843 975 922 praestantius
988 842 1077 900 boni-

71 941 154 996 tate*
177 946 208 996 et
223 938 446 998 beneficentia?
462 940 526 1007 Qua
540 961 610 998 eum
624 944 747 998 earere*
760 939 849 997 deum
866 939 969 1008 vultis,
980 939 1084 996 nemi-¹

70 1055 144 1092 nem
162 1035 220 1094 deo
236 1055 292 1094 nee
308 1035 411 1105 deum,
425 1057 481 1094 nec
498 1037 653 1094 hominem
674 1055 793 1108 carum;
812 1035 964 1094 neminem
987 1035 1076 1094 abeo

72 1132 184 1205 amari,
200 1132 354 1190 neminem
370 1133 457 1210 diligi
472 1133 578 1192 vultis.
598 1134 643 1192 Ita
661 1133 705 1206 fit,
721 1140 755 1193 ut
779 1153 840 1191 non
862 1135 954 1191 modo
977 1131 1077 1191 homi·

70 1248 128 1286 nes
144 1249 160 1286 a
176 1229 245 1301 diis,
273 1227 325 1288 sed
346 1231 404 1310 ipsi
424 1230 467 1288 dii
487 1230 567 1288 inter
590 1251 621 1288 se
642 1231 679 1289 ab
700 1231 767 1290 aliis
791 1230 842 1288 alii
863 1230 1074 1308 neglegantur.

72 1324 197 1390 Quanto
221 1327 309 1384 stoici
335 1326 453 1398 melius
473 1327 556 1406 quia
577 1326 665 1385 vobis
687 1327 969 1406 reprehenduntur!
996 1326 1077 1386 Cen-

70 1430 142 1480 sent
157 1431 260 1482 autern
277 1423 431 1501 sapientes
452 1423 643 1502 sapientibus
661 1423 753 1482 etiam
776 1423 900 1501 ignotis
913 1443 977 1480 esse
1002 1421 1076 1481 arni-

71 1539 136 1577 cos
154 1519 236 1577 Nihil
252 1527 298 1577 est
314 1519 395 1578 enirn
415 1520 530 1579 virtute
553 1519 736 1580 amabilius:
755 1541 844 1600 quarn
870 1521 922 1598 qui
947 1519 1077 1598 adeptus

71 1616 142 1681 erit,
176 1616 369 1695 ubicumque
400 1617 458 1674 erit
482 1617 632 1693 gentium,
658 1637 674 1675 a
699 1617 787 1674 nobis
822 1616 978 1693 diligetur.
1012 1615 1085 1673 Vos
1149 1647 1152 1653 ·

72 1721 175 1771 autem
190 1713 265 1792 quid
281 1713 352 1770 mali
370 1713 478 1784 datis*‚
502 1733 571 1772 eum
596 1714 626 1771 in
647 1712 856 1771 imbecillitate
878 1713 1078 1790 gratificatio·

73 1829 143 1866 nem
159 1817 190 1868 et
206 1794 443 1869 benivolentiam
459 1811 590 1889 ponitisl
610 1811 777 1868 Hominum
795 1811 905 1870 caritas
923 1818 954 1868 et
971 1808 1077 1867 amiei-

72 1906 116 1963 tia
130 1907 284 1984 gratuita*
300 1914 357 1964 est.
383 1906 506 1972 Quanto
526 1907 619 1982 igitur
639 1908 735 1984 magis
758 1907 900 1978 deorum,
921 1906 972 1986 qui
993 1906 1076 1964 nulla

73 2024 107 2060 re
126 2012 260 2080 egentes,
285 2012 315 2062 et
330 2005 410 2062 inter
426 2024 457 2061 se
471 2003 632 2080 diligunt*‚
652 2013 681 2062 et
697 2004 872 2062 bominibus
894 2002 1073 2061 consulunt!

105 2160 146 2210 Νο
155 2161 222 2210 442
235 2161 420 2222 :Epicurus
433 2160 473 2208 On
487 2162 538 2209 sait
549 2160 707 2223 qu'Epicure
715 2162 822 2208 faitune
832 2162 894 2208 bien
906 2161 988 2222 petite
1001 2161 1076 2222 place

74 2238 128 2270 aux
141 2225 219 2270 dieux
232 2225 298 2270 dans
312 2224 526 2284 suphilosopbie.
541 2223 608 2269 Illes
617 2223 721 2283 rel'egue
732 2224 798 2270 dans
811 2237 846 2270 un
858 2223 919 2270 eoin
932 2223 967 2268 du
980 2224 1076 2268 monde

13 2283 15 2286 ’
76 2285 112 2330 oii
125 2285 156 2331 ils
169 2288 286 2347 peuvent
296 2285 369 2346 J'ouir
380 2286 415 2331 du
426 2285 549 2332 bonheur
560 2285 657 2346 perluit
668 2283 814 2352 (ἀταραξία),
824 2299 884 2331 sans
891 2285 987 2345 J'amais
998 2285 1077 2330 inter-

74 2355 152 2401 venir
170 2356 235 2402 dans
259 2356 297 2403 les
319 2357 423 2403 affaires
441 2355 588 2402 humaines.
611 2354 678 2402 Voir
693 2355 816 2415 Ludere,
831 2353 877 2412 ΙΙΙ,
898 2357 926 2402 18
941 2355 1077 2422 :Apparet

74 2415 169 2464 Divom
184 2432 291 2476 numen,
309 2417 437 2479 sedesque
449 2416 564 2479 quietae,
580 2417 649 2473 Quas
666 2431 751 2478 neque
764 2415 921 2464 concutiunt
934 2417 1014 2475 nenti,
1030 2429 1075 2462 neo

74 2477 168 2525 nubila
181 2478 280 2526 nimbis
296 2479 479 2540 Adspergunt,
492 2492 578 2540 neque
592 2479 646 2536 niu,
661 2478 717 2525 aeri
736 2481 859 2525 concreta
876 2476 987 2539 pruina,
1005 2480 1076 2524 Caua

74 2540 170 2587 cadens
183 2539 279 2600 violat,
294 2554 452 2602 semperque
467 2539 607 2588 innubilus
620 2541 712 2587 aether
723 2539 831 2602 integit,
844 2541 869 2585 et
885 2539 958 2602 large
976 2537 1075 2610 diffuso

75 2601 176 2648 trintina
189 2602 267 2650 ridet.
284 2628 310 2636 —
322 2601 431 2663 Opem,
443 2600 508 2648 c'est
520 2602 542 2648 le
556 2603 670 2663 pouvoir
680 2603 712 2648 de
723 2602 788 2649 faire
799 2601 906 2659 lebien3
920 2602 1074 2661 gratiam,

73 2663 137 2709 c'est
149 2664 172 2710 le
185 2664 257 2710 drisir
270 2665 302 2710 de
315 2663 339 2710 le
352 2664 424 2710 t'aire.
439 2691 469 2698 -
481 2664 578 2712 idem.
593 2663 705 2710 ciceron
718 2667 782 2711 veut
801 2664 857 2710 dire
878 2661 1037 2724 qu'Epicure
1048 2676 1075 2708 se

73 2727 207 2774 contredit
219 2740 267 2786 par
279 2724 529 2774 m-Bonitate.
551 2724 590 2772 cf.
615 2725 738 2785 Bossuet‚
760 2724 804 2773 Or.
829 2723 888 2784 fun.
909 2724 940 2771 de
965 2719 1096 2770 Condat*

75 2808 86 2828 «
102 2787 219 2848 Lorsque
233 2785 299 2833 Dieu
312 2786 400 2847 forma
412 2786 435 2833 ie
447 2801 519 2832 emur
532 2789 557 2832 et
568 2786 604 2834 les
618 2786 758 2834 entrailles
771 2787 802 2844 de
817 2786 949 2844 l'homme,
966 2785 986 2831 il
998 2801 1015 2847 y
1028 2784 1076 2831 mit

71 2848 278 2911 premie'rement
293 2849 317 2896 la
333 2847 414 2895 bonte'
434 2863 533 2895 comme
557 2847 579 2894 le
597 2862 697 2910 propre
721 2849 855 2895 caractere
876 2848 907 2895 de
932 2847 956 2894 ia
982 2849 1076 2894 nature

75 2909 172 2968 divine,
186 2913 211 2956 et
225 2923 325 2956 comme
333 2925 406 2972 pour
418 2911 473 2957 etre
495 2909 520 2956 la
538 2924 649 2971 marque
669 2910 700 2958 de
720 2911 786 2956 reite
806 2909 877 2956 main
897 2907 1076 2969 biensaisante

75 2972 139 3018 dont
150 2986 216 3018 nous
230 2975 345 3019 sortons.
365 2973 402 3018 La
419 2971 500 3018 bonte
518 2971 605 3018 deuait
627 2972 694 3018 done
716 2970 786 3032 faire
802 2985 901 3018 comme
916 2971 939 3018 ie
959 2969 1024 3030 fond
1044 2970 1076 3018 de

76 3036 150 3080 notre
163 3048 244 3090 emur,
260 3035 283 3080 et
299 3033 386 3080 devail
403 3033 459 3080 dire
474 3048 506 3081 en
527 3035 609 3080 meme
627 3035 709 3095 temps
733 3033 755 3080 le
769 3033 889 3096 premier
909 3031 1002 3080 attrait
1023 3045 1074 3093 que

76 3095 260 3142 nousaurions
280 3110 312 3141 en
331 3095 506 3142 nous-memes
516 3109 588 3156 pour
604 3110 638 3158 ga
661 3109 710 3141 ner
728 3095 764 3142 les
777 3096 868 3142 autres
881 3095 1031 3141 hommes».
1047 3119 1074 3129 -

75 3157 204 3205 Carere.
216 3158 335 3204 Aristote
349 3156 459 3218 (Morate
474 3156 612 3215 abirom,
653 3155 701 3213 111,
716 3157 739 3218 7)
753 3161 793 3203 est
812 3158 844 3202 de
865 3156 939 3202 l'avis
952 3156 998 3201 des
1016 3146 1076 3215 Epi·

76 3218 179 3264 curiens
193 3232 198 3264 :
211 3239 220 3260 ιι
235 3219 323 3278 quand
336 3218 382 3280 ily
395 3233 410 3264 a
423 3219 455 3264 de
468 3221 527 3279 trop
551 3219 662 3276 grandes
681 3218 837 3264 differences
862 3221 937 3265 entre
956 3217 994 3263 les
1014 3232 1076 3277 per·

76 3294 180 3338 sonnes,
195 3279 303 3326 l'amitid
317 3280 452 3340 disparuit.
463 3280 497 3326 Et
507 3277 571 3326 c'est
584 3293 613 3326 ce
626 3280 671 3340 qui
685 3295 713 3326 se
721 3280 777 3326 voit
788 3280 943 3326 clairement
956 3277 1074 3339 rii'e'gurd

76 3342 123 3387 des
136 3341 215 3388 dieuu
228 3345 255 3388 et
269 3343 315 3388 des
329 3343 382 3388 r'ois
397 3356 402 3389 :
417 3342 449 3387 de
462 3339 586 3387 l'homme
600 3342 693 3388 aDieu
706 3339 847 3389 l'afl'ection
865 3342 932 3388 n'est
949 3353 996 3401 pas
1011 3355 1074 3401 pos-

76 3402 141 3449 sible
156 3423 176 3450 i.
192 3403 232 3450 On
246 3403 303 3450 voit
316 3417 388 3450 assez
401 3417 449 3464 par
461 3403 486 3449 la
499 3417 528 3448 ce
542 3403 586 3463 qui
598 3417 712 3463 nianque
725 3417 777 3450 aux
789 3403 914 3463 religions
932 3401 1054 3461 antiques
1068 3415 1073 3448 :

76 3465 132 3510 dian
147 3465 180 3510 du
194 3479 276 3522 coeun
291 3465 382 3523 boote,
396 3464 648 3522 charissimum
658 3465 738 3511 divin.
752 3492 780 3500 -
793 3464 898 3514 Datis.
912 3464 961 3510 Les
974 3452 1074 3525 Epicu·

76 3527 112 3572 rio
121 3530 197 3573 nsont
209 3530 263 3573 tort
275 3527 308 3574 de
321 3528 406 3573 croire
420 3541 471 3587 que
483 3527 506 3572 la
520 3526 601 3574 bontd
620 3542 651 3572 ne
663 3529 727 3587 peut
738 3527 836 3573 exister
849 3541 899 3588 quo
919 3527 1004 3586 parmi
1027 3527 1074 3573 des

77 3591 143 3634 etres
155 3588 249 3635 laibles
257 3588 306 3635 tels
315 3603 365 3648 que
374 3588 413 3634 les
421 3588 548 3635 hommes.
557 3588 595 3635 Ci'.
606 3589 724 3648 Diogene
734 3588 830 3646 Laert.‚
839 3588 870 3646 Χ,
882 3592 908 3632 77
918 3601 923 3645 ;
933 3589 1073 3645 Lactance,

76 3649 107 3696 de
121 3648 162 3695 lra
176 3649 226 3707 dei,
242 3655 253 3694 2
267 3653 294 3696 et
306 3653 327 3696 4.
339 3677 364 3684 -
379 3649 544 3699 Gratuita.
557 3649 678 3710 seneque
689 3650 713 3695 le
726 3649 782 3696 dit:
798 3669 808 3692 «
820 3649 907 3696 virtus
922 3649 949 3696 in
963 3664 1013 3705 usu
1032 3648 1075 3695 sui

77 3713 128 3756 tota
136 3710 222 3772 posita
232 3714 270 3758 est
284 3731 304 3758 ».
320 3711 387 3757 Voir
400 3712 520 3766 ciceron,
530 3712 561 3758 de
576 3710 663 3773 Otfie„
678 3710 711 3770 11,
724 3715 760 3758 18.
774 3738 805 3745 -
815 3711 972 3774 Diligunt,
984 3714 1073 3758 s.-ent.

78 3787 104 3818 se
118 3772 204 3834 (usage
220 3776 346 3820 constant
356 3787 421 3821 avec
435 3773 506 3820 inter
518 3773 564 3835 se).

494 3903 652 3953 -tm-
