<?xml version="1.0" encoding="UTF-8"?>
<!DOCTYPE html PUBLIC "-//W3C//DTD XHTML 1.0 Transitional//EN"
    "http://www.w3.org/TR/xhtml1/DTD/xhtml1-transitional.dtd">
<html xmlns="http://www.w3.org/1999/xhtml" xml:lang="en" lang="en">
 <head>
  <title>
</title>
<meta http-equiv="Content-Type" content="text/html;charset=utf-8" />
  <meta name='ocr-system' content='tesseract 3.04.00' />
  <meta name='ocr-capabilities' content='ocr_page ocr_carea ocr_par ocr_line ocrx_word'/>
</head>
<body>
  <div class='ocr_page' id='page_1' title='image "./depublicaprivat01arnagoog_0135.png"; bbox 0 0 2658 4244; ppageno 0'>
   <div class='ocr_carea' id='block_1_1' title="bbox 428 157 1074 217">
    <p class='ocr_par' dir='ltr' id='par_1_1' title="bbox 428 157 1074 217">
     <span class='ocr_line' id='line_1_1' title="bbox 428 157 1074 217; baseline 0.005 -3"><span class='ocrx_word' id='word_1_1' title='bbox 428 157 485 214; x_wconf 80' lang='lat'>87.</span> <span class='ocrx_word' id='word_1_2' title='bbox 505 157 738 216; x_wconf 82' lang='lat' dir='ltr'>Moderatton</span> <span class='ocrx_word' id='word_1_3' title='bbox 757 160 801 216; x_wconf 87' lang='lat' dir='ltr'>de</span> <span class='ocrx_word' id='word_1_4' title='bbox 820 157 979 217; x_wconf 85' lang='lat' dir='ltr'>Mecene.</span> <span class='ocrx_word' id='word_1_5' title='bbox 1071 187 1074 192; x_wconf 92' lang='lat'><em>·</em></span> 
     </span>
    </p>
   </div>
   <div class='ocr_carea' id='block_1_2' title="bbox 324 269 1079 336">
    <p class='ocr_par' dir='ltr' id='par_1_2' title="bbox 324 269 1079 336">
     <span class='ocr_line' id='line_1_2' title="bbox 324 269 1079 336; baseline 0.005 -20"><span class='ocrx_word' id='word_1_6' title='bbox 324 269 418 332; x_wconf 75' lang='lat' dir='ltr'>(Quam</span> <span class='ocrx_word' id='word_1_7' title='bbox 432 270 549 318; x_wconf 85' lang='lat' dir='ltr'>modeste</span> <span class='ocrx_word' id='word_1_8' title='bbox 560 271 695 320; x_wconf 75' lang='lat' dir='ltr'>Maecenas</span> <span class='ocrx_word' id='word_1_9' title='bbox 707 287 810 320; x_wconf 84' lang='lat' dir='ltr'>summa</span> <span class='ocrx_word' id='word_1_10' title='bbox 822 271 934 334; x_wconf 73' lang='lat' dir='ltr'>fortuna</span> <span class='ocrx_word' id='word_1_11' title='bbox 947 287 1011 320; x_wconf 84' lang='lat' dir='ltr'>usus</span> <span class='ocrx_word' id='word_1_12' title='bbox 1024 271 1079 336; x_wconf 83' lang='lat' dir='ltr'>sit.)</span> 
     </span>
    </p>
   </div>
   <div class='ocr_carea' id='block_1_3' title="bbox 148 417 1144 2148">
    <p class='ocr_par' dir='ltr' id='par_1_3' title="bbox 148 417 1091 501">
     <span class='ocr_line' id='line_1_3' title="bbox 148 417 1091 501; baseline 0.004 -25"><span class='ocrx_word' id='word_1_13' title='bbox 148 417 187 482; x_wconf 73' lang='lat'>2⁸</span> <span class='ocrx_word' id='word_1_14' title='bbox 242 418 434 492; x_wconf 83' lang='lat' dir='ltr'>Maecenas*,</span> <span class='ocrx_word' id='word_1_15' title='bbox 452 442 545 501; x_wconf 83' lang='lat' dir='ltr'>eques</span> <span class='ocrx_word' id='word_1_16' title='bbox 561 421 690 481; x_wconf 91' lang='lat' dir='ltr'>Etrusco</span> <span class='ocrx_word' id='word_1_17' title='bbox 706 423 743 482; x_wconf 94' lang='lat' dir='ltr'>de</span> <span class='ocrx_word' id='word_1_18' title='bbox 756 423 905 500; x_wconf 86' lang='lat' dir='ltr'>sanguine</span> <span class='ocrx_word' id='word_1_19' title='bbox 921 443 1037 501; x_wconf 87' lang='lat' dir='ltr'>regum,</span> <span class='ocrx_word' id='word_1_20' title='bbox 1086 491 1091 499; x_wconf 40' lang='grc'><strong>,</strong></span> 
     </span>
    </p>

    <p class='ocr_par' dir='ltr' id='par_1_4' title="bbox 321 516 963 598">
     <span class='ocr_line' id='line_1_4' title="bbox 321 516 963 598; baseline 0.006 -24"><span class='ocrx_word' id='word_1_21' title='bbox 321 516 405 575; x_wconf 91' lang='lat' dir='ltr'>lntra</span> <span class='ocrx_word' id='word_1_22' title='bbox 416 519 427 540; x_wconf 82' lang='lat'><strong>*</strong></span> <span class='ocrx_word' id='word_1_23' title='bbox 440 518 595 576; x_wconf 83' lang='lat' dir='ltr'>fortunam</span> <span class='ocrx_word' id='word_1_24' title='bbox 610 519 662 597; x_wconf 92' lang='lat' dir='ltr'>qui</span> <span class='ocrx_word' id='word_1_25' title='bbox 675 521 763 598; x_wconf 91' lang='lat' dir='ltr'>cupis</span> <span class='ocrx_word' id='word_1_26' title='bbox 777 541 843 578; x_wconf 90' lang='lat' dir='ltr'>esse</span> <span class='ocrx_word' id='word_1_27' title='bbox 856 527 940 578; x_wconf 86' lang='lat' dir='ltr'>tuam</span> <span class='ocrx_word' id='word_1_28' title='bbox 957 538 963 579; x_wconf 91' lang='lat'><strong>:</strong></span> 
     </span>
    </p>

    <p class='ocr_par' dir='ltr' id='par_1_5' title="bbox 242 610 1091 791">
     <span class='ocr_line' id='line_1_5' title="bbox 242 610 1091 696; baseline 0.008 -28"><span class='ocrx_word' id='word_1_29' title='bbox 242 610 322 677; x_wconf 90' lang='lat' dir='ltr'>Quid</span> <span class='ocrx_word' id='word_1_30' title='bbox 337 633 385 671; x_wconf 92' lang='lat' dir='ltr'>me</span> <span class='ocrx_word' id='word_1_31' title='bbox 399 614 552 672; x_wconf 87' lang='lat' dir='ltr'>scribendi</span> <span class='ocrx_word' id='word_1_32' title='bbox 566 622 626 674; x_wconf 88' lang='lat' dir='ltr'>tam</span> <span class='ocrx_word' id='word_1_33' title='bbox 641 622 762 674; x_wconf 87' lang='lat' dir='ltr'>vastum</span> <span class='ocrx_word' id='word_1_34' title='bbox 779 617 876 674; x_wconf 92' lang='lat' dir='ltr'>mittis</span> <span class='ocrx_word' id='word_1_35' title='bbox 892 617 921 674; x_wconf 94' lang='lat' dir='ltr'>in</span> <span class='ocrx_word' id='word_1_36' title='bbox 936 617 1091 696; x_wconf 74' lang='lat' dir='ltr'>aeqnm‘?</span> 
     </span>
     <span class='ocr_line' id='line_1_6' title="bbox 323 709 974 791; baseline 0.008 -25"><span class='ocrx_word' id='word_1_37' title='bbox 323 709 392 771; x_wconf 85' lang='lat' dir='ltr'>Non</span> <span class='ocrx_word' id='word_1_38' title='bbox 407 719 479 769; x_wconf 89' lang='lat' dir='ltr'>sunt</span> <span class='ocrx_word' id='word_1_39' title='bbox 496 722 567 791; x_wconf 89' lang='lat' dir='ltr'>apta</span> <span class='ocrx_word' id='word_1_40' title='bbox 584 733 668 770; x_wconf 87' lang='lat' dir='ltr'>meae</span> <span class='ocrx_word' id='word_1_41' title='bbox 684 713 811 790; x_wconf 82' lang='lat' dir='ltr'>grandia</span> <span class='ocrx_word' id='word_1_42' title='bbox 824 713 890 771; x_wconf 90' lang='lat' dir='ltr'>vela</span> <span class='ocrx_word' id='word_1_43' title='bbox 906 713 974 771; x_wconf 88' lang='lat' dir='ltr'>rati.</span> 
     </span>
    </p>

    <p class='ocr_par' dir='ltr' id='par_1_6' title="bbox 243 805 1144 988">
     <span class='ocr_line' id='line_1_7' title="bbox 243 805 1144 889; baseline 0.004 -27"><span class='ocrx_word' id='word_1_44' title='bbox 243 805 344 885; x_wconf 86' lang='lat' dir='ltr'>Turpe</span> <span class='ocrx_word' id='word_1_45' title='bbox 360 815 416 880; x_wconf 91' lang='lat' dir='ltr'>est,</span> <span class='ocrx_word' id='word_1_46' title='bbox 437 808 518 886; x_wconf 89' lang='lat' dir='ltr'>quod</span> <span class='ocrx_word' id='word_1_47' title='bbox 533 829 677 888; x_wconf 82' lang='lat' dir='ltr'><strong>nequeas,</strong></span> <span class='ocrx_word' id='word_1_48' title='bbox 695 809 787 888; x_wconf 90' lang='lat' dir='ltr'>capiti</span> <span class='ocrx_word' id='word_1_49' title='bbox 803 809 996 868; x_wconf 89' lang='lat' dir='ltr'>committere</span> <span class='ocrx_word' id='word_1_50' title='bbox 1012 808 1144 889; x_wconf 92' lang='lat' dir='ltr'>pondus,</span> 
     </span>
     <span class='ocr_line' id='line_1_8' title="bbox 324 902 1044 988; baseline 0.007 -28"><span class='ocrx_word' id='word_1_51' title='bbox 324 902 362 961; x_wconf 91' lang='lat' dir='ltr'>Et</span> <span class='ocrx_word' id='word_1_52' title='bbox 378 925 517 982; x_wconf 92' lang='lat' dir='ltr'>pressum</span> <span class='ocrx_word' id='word_1_53' title='bbox 528 907 540 929; x_wconf 83' lang='lat'>*</span> <span class='ocrx_word' id='word_1_54' title='bbox 554 907 670 988; x_wconf 33' lang='lat' dir='ltr'>inflexo,</span> <span class='ocrx_word' id='word_1_55' title='bbox 682 926 752 964; x_wconf 85' lang='lat' dir='ltr'>mox</span> <span class='ocrx_word' id='word_1_56' title='bbox 765 905 838 965; x_wconf 89' lang='lat' dir='ltr'>dare</span> <span class='ocrx_word' id='word_1_57' title='bbox 853 914 937 984; x_wconf 81' lang='lat' dir='ltr'>terga</span> <span class='ocrx_word' id='word_1_58' title='bbox 952 926 1044 984; x_wconf 83' lang='lat' dir='ltr'>genu.</span> 
     </span>
    </p>

    <p class='ocr_par' dir='ltr' id='par_1_7' title="bbox 244 1000 955 1180">
     <span class='ocr_line' id='line_1_9' title="bbox 244 1000 955 1082; baseline 0.006 -26"><span class='ocrx_word' id='word_1_59' title='bbox 244 1000 359 1073; x_wconf 84' lang='lat' dir='ltr'>Attua,</span> <span class='ocrx_word' id='word_1_60' title='bbox 378 1001 550 1076; x_wconf 86' lang='lat' dir='ltr'>Maecenas,</span> <span class='ocrx_word' id='word_1_61' title='bbox 563 1003 645 1061; x_wconf 92' lang='lat' dir='ltr'>vitae</span> <span class='ocrx_word' id='word_1_62' title='bbox 660 1010 825 1082; x_wconf 88' lang='lat' dir='ltr'>praecepta</span> <span class='ocrx_word' id='word_1_63' title='bbox 841 1003 955 1082; x_wconf 82' lang='lat' dir='ltr'>recepi,</span> 
     </span>
     <span class='ocr_line' id='line_1_10' title="bbox 325 1092 953 1180; baseline 0.005 -26"><span class='ocrx_word' id='word_1_64' title='bbox 325 1092 428 1175; x_wconf 88' lang='lat' dir='ltr'>Co&#39;gor</span> <span class='ocrx_word' id='word_1_65' title='bbox 444 1107 474 1157; x_wconf 93' lang='lat' dir='ltr'>et</span> <span class='ocrx_word' id='word_1_66' title='bbox 489 1099 659 1179; x_wconf 79' lang='lat' dir='ltr'>exemplis*</span> <span class='ocrx_word' id='word_1_67' title='bbox 676 1107 706 1158; x_wconf 92' lang='lat' dir='ltr'>te</span> <span class='ocrx_word' id='word_1_68' title='bbox 721 1119 865 1180; x_wconf 88' lang='lat' dir='ltr'>superare</span> <span class='ocrx_word' id='word_1_69' title='bbox 881 1100 953 1158; x_wconf 78' lang='lat' dir='ltr'>tuis</span> 
     </span>
    </p>

    <p class='ocr_par' dir='ltr' id='par_1_8' title="bbox 245 1191 1041 1373">
     <span class='ocr_line' id='line_1_11' title="bbox 245 1191 1041 1256; baseline 0.005 -6"><span class='ocrx_word' id='word_1_70' title='bbox 245 1191 324 1251; x_wconf 93' lang='lat' dir='ltr'>Cum</span> <span class='ocrx_word' id='word_1_71' title='bbox 341 1193 395 1252; x_wconf 91' lang='lat' dir='ltr'>tibi</span> <span class='ocrx_word' id='word_1_72' title='bbox 411 1195 550 1255; x_wconf 87' lang='lat' dir='ltr'>Romano</span> <span class='ocrx_word' id='word_1_73' title='bbox 565 1197 726 1256; x_wconf 85' lang='lat' dir='ltr'>dominas*</span> <span class='ocrx_word' id='word_1_74' title='bbox 741 1198 772 1254; x_wconf 91' lang='lat' dir='ltr'>in</span> <span class='ocrx_word' id='word_1_75' title='bbox 787 1197 905 1255; x_wconf 85' lang='lat' dir='ltr'>honore</span> <span class='ocrx_word' id='word_1_76' title='bbox 920 1216 1041 1255; x_wconf 90' lang='lat' dir='ltr'>secures</span> 
     </span>
     <span class='ocr_line' id='line_1_12' title="bbox 326 1290 936 1373; baseline 0.005 -25"><span class='ocrx_word' id='word_1_77' title='bbox 326 1290 382 1348; x_wconf 88' lang='lat' dir='ltr'>Et*</span> <span class='ocrx_word' id='word_1_78' title='bbox 397 1292 487 1351; x_wconf 88' lang='lat' dir='ltr'>liceat</span> <span class='ocrx_word' id='word_1_79' title='bbox 501 1292 602 1351; x_wconf 88' lang='lat' dir='ltr'>medio</span> <span class='ocrx_word' id='word_1_80' title='bbox 621 1313 735 1372; x_wconf 89' lang='lat' dir='ltr'>ponere</span> <span class='ocrx_word' id='word_1_81' title='bbox 745 1293 841 1373; x_wconf 85' lang='lat' dir='ltr'>jura*</span> <span class='ocrx_word' id='word_1_82' title='bbox 857 1293 936 1366; x_wconf 81' lang='lat' dir='ltr'>fore,</span> 
     </span>
    </p>

    <p class='ocr_par' dir='ltr' id='par_1_9' title="bbox 246 1385 1080 1567">
     <span class='ocr_line' id='line_1_13' title="bbox 246 1385 980 1470; baseline 0.007 -27"><span class='ocrx_word' id='word_1_83' title='bbox 246 1385 302 1444; x_wconf 87' lang='lat' dir='ltr'>Vel</span> <span class='ocrx_word' id='word_1_84' title='bbox 318 1387 373 1445; x_wconf 84' lang='lat' dir='ltr'>tibi</span> <span class='ocrx_word' id='word_1_85' title='bbox 385 1388 546 1448; x_wconf 91' lang='lat' dir='ltr'>Medorum</span> <span class='ocrx_word' id='word_1_86' title='bbox 568 1411 722 1470; x_wconf 89' lang='lat' dir='ltr'>pugnaces</span> <span class='ocrx_word' id='word_1_87' title='bbox 738 1391 781 1449; x_wconf 91' lang='lat' dir='ltr'>ire</span> <span class='ocrx_word' id='word_1_88' title='bbox 796 1411 852 1470; x_wconf 92' lang='lat' dir='ltr'>per</span> <span class='ocrx_word' id='word_1_89' title='bbox 866 1390 980 1462; x_wconf 91' lang='lat' dir='ltr'>hostes,</span> 
     </span>
     <span class='ocr_line' id='line_1_14' title="bbox 326 1485 1080 1567; baseline 0.003 -26"><span class='ocrx_word' id='word_1_90' title='bbox 326 1485 427 1564; x_wconf 80' lang='lat' dir='ltr'>Atque</span> <span class='ocrx_word' id='word_1_91' title='bbox 443 1506 570 1545; x_wconf 85' lang='lat' dir='ltr'>onerare</span> <span class='ocrx_word' id='word_1_92' title='bbox 585 1495 669 1556; x_wconf 89' lang='lat' dir='ltr'>tuam</span> <span class='ocrx_word' id='word_1_93' title='bbox 683 1487 762 1545; x_wconf 83' lang='lat' dir='ltr'>lixa*</span> <span class='ocrx_word' id='word_1_94' title='bbox 777 1508 832 1567; x_wconf 89' lang='lat' dir='ltr'>per</span> <span class='ocrx_word' id='word_1_95' title='bbox 844 1507 928 1546; x_wconf 91' lang='lat' dir='ltr'>arma</span> <span class='ocrx_word' id='word_1_96' title='bbox 943 1486 1080 1556; x_wconf 93' lang='lat' dir='ltr'>domum,</span> 
     </span>
    </p>

    <p class='ocr_par' dir='ltr' id='par_1_10' title="bbox 247 1580 1037 1759">
     <span class='ocr_line' id='line_1_15' title="bbox 247 1580 1037 1650; baseline 0.003 -13"><span class='ocrx_word' id='word_1_97' title='bbox 247 1580 286 1638; x_wconf 90' lang='lat' dir='ltr'>Et</span> <span class='ocrx_word' id='word_1_98' title='bbox 303 1581 358 1639; x_wconf 93' lang='lat' dir='ltr'>tibi</span> <span class='ocrx_word' id='word_1_99' title='bbox 372 1582 411 1640; x_wconf 88' lang='lat' dir='ltr'>ad</span> <span class='ocrx_word' id='word_1_100' title='bbox 426 1583 590 1642; x_wconf 83' lang='lat' dir='ltr'>ellectum*</span> <span class='ocrx_word' id='word_1_101' title='bbox 604 1585 684 1642; x_wconf 90' lang='lat' dir='ltr'>vires</span> <span class='ocrx_word' id='word_1_102' title='bbox 701 1584 754 1643; x_wconf 92' lang='lat' dir='ltr'>det</span> <span class='ocrx_word' id='word_1_103' title='bbox 768 1583 891 1650; x_wconf 79' lang='lat' dir='ltr'>Caesar,</span> <span class='ocrx_word' id='word_1_104' title='bbox 909 1591 940 1642; x_wconf 92' lang='lat' dir='ltr'>et</span> <span class='ocrx_word' id='word_1_105' title='bbox 954 1583 1037 1641; x_wconf 92' lang='lat' dir='ltr'>omni</span> 
     </span>
     <span class='ocr_line' id='line_1_16' title="bbox 325 1679 989 1759; baseline 0.005 -23"><span class='ocrx_word' id='word_1_106' title='bbox 325 1679 474 1758; x_wconf 91' lang='lat' dir='ltr'>Tempore</span> <span class='ocrx_word' id='word_1_107' title='bbox 487 1687 549 1739; x_wconf 91' lang='lat' dir='ltr'>tam</span> <span class='ocrx_word' id='word_1_108' title='bbox 564 1680 669 1739; x_wconf 86' lang='lat' dir='ltr'>faciles</span> <span class='ocrx_word' id='word_1_109' title='bbox 681 1681 876 1739; x_wconf 75' lang='lat' dir='ltr'>insinuentur</span> <span class='ocrx_word' id='word_1_110' title='bbox 892 1701 965 1759; x_wconf 91' lang='lat' dir='ltr'>opes</span> <span class='ocrx_word' id='word_1_111' title='bbox 982 1699 989 1740; x_wconf 75' lang='grc' dir='ltr'><strong>ι</strong></span> 
     </span>
    </p>

    <p class='ocr_par' dir='ltr' id='par_1_11' title="bbox 248 1773 1109 1953">
     <span class='ocr_line' id='line_1_17' title="bbox 248 1773 1109 1855; baseline 0.001 -24"><span class='ocrx_word' id='word_1_112' title='bbox 248 1773 351 1832; x_wconf 89' lang='lat' dir='ltr'>Parcis</span> <span class='ocrx_word' id='word_1_113' title='bbox 361 1777 382 1849; x_wconf 76' lang='lat'>¹,</span> <span class='ocrx_word' id='word_1_114' title='bbox 401 1776 478 1834; x_wconf 89' lang='lat' dir='ltr'>etin</span> <span class='ocrx_word' id='word_1_115' title='bbox 493 1784 601 1836; x_wconf 85' lang='lat' dir='ltr'>tenues</span> <span class='ocrx_word' id='word_1_116' title='bbox 617 1777 763 1836; x_wconf 92' lang='lat' dir='ltr'>humilem</span> <span class='ocrx_word' id='word_1_117' title='bbox 773 1779 785 1802; x_wconf 89' lang='lat'>*</span> <span class='ocrx_word' id='word_1_118' title='bbox 798 1787 828 1836; x_wconf 89' lang='lat' dir='ltr'>te</span> <span class='ocrx_word' id='word_1_119' title='bbox 841 1777 960 1855; x_wconf 85' lang='lat' dir='ltr'>colligis</span> <span class='ocrx_word' id='word_1_120' title='bbox 976 1775 1109 1847; x_wconf 87' lang='lat' dir='ltr'>umbras,</span> 
     </span>
     <span class='ocr_line' id='line_1_18' title="bbox 327 1872 980 1953; baseline 0.005 -24"><span class='ocrx_word' id='word_1_121' title='bbox 327 1872 473 1931; x_wconf 92' lang='lat' dir='ltr'>Velorum</span> <span class='ocrx_word' id='word_1_122' title='bbox 488 1874 596 1952; x_wconf 92' lang='lat' dir='ltr'>plenos</span> <span class='ocrx_word' id='word_1_123' title='bbox 613 1874 769 1933; x_wconf 75' lang='lat' dir='ltr'>subtrahis</span> <span class='ocrx_word' id='word_1_124' title='bbox 785 1875 850 1953; x_wconf 91' lang='lat' dir='ltr'>ipse</span> <span class='ocrx_word' id='word_1_125' title='bbox 866 1875 980 1932; x_wconf 88' lang='lat' dir='ltr'>sinus*.</span> 
     </span>
    </p>

    <p class='ocr_par' dir='ltr' id='par_1_12' title="bbox 248 1966 1089 2148">
     <span class='ocr_line' id='line_1_19' title="bbox 248 1966 1024 2050; baseline 0.003 -25"><span class='ocrx_word' id='word_1_126' title='bbox 248 1966 346 2027; x_wconf 88' lang='lat' dir='ltr'>Crede</span> <span class='ocrx_word' id='word_1_127' title='bbox 365 1970 452 2043; x_wconf 90' lang='lat' dir='ltr'>mihi,</span> <span class='ocrx_word' id='word_1_128' title='bbox 470 1991 597 2048; x_wconf 87' lang='lat' dir='ltr'>magnos</span> <span class='ocrx_word' id='word_1_129' title='bbox 613 1971 790 2050; x_wconf 86' lang='lat' dir='ltr'>aequabunt</span> <span class='ocrx_word' id='word_1_130' title='bbox 805 1972 862 2030; x_wconf 88' lang='lat' dir='ltr'>ista</span> <span class='ocrx_word' id='word_1_131' title='bbox 878 1970 1024 2029; x_wconf 89' lang='lat' dir='ltr'>Camillos</span> 
     </span>
     <span class='ocr_line' id='line_1_20' title="bbox 327 2065 1089 2148; baseline 0.004 -26"><span class='ocrx_word' id='word_1_132' title='bbox 327 2065 448 2126; x_wconf 89' lang='lat' dir='ltr'>Judicia</span> <span class='ocrx_word' id='word_1_133' title='bbox 459 2068 481 2140; x_wconf 77' lang='lat'>¹,</span> <span class='ocrx_word' id='word_1_134' title='bbox 499 2075 529 2126; x_wconf 95' lang='lat' dir='ltr'>et</span> <span class='ocrx_word' id='word_1_135' title='bbox 546 2069 651 2126; x_wconf 85' lang='lat' dir='ltr'>venies</span> <span class='ocrx_word' id='word_1_136' title='bbox 666 2076 697 2126; x_wconf 94' lang='lat' dir='ltr'>tu</span> <span class='ocrx_word' id='word_1_137' title='bbox 714 2089 836 2148; x_wconf 91' lang='lat' dir='ltr'>quoque</span> <span class='ocrx_word' id='word_1_138' title='bbox 849 2069 880 2127; x_wconf 92' lang='lat' dir='ltr'>in</span> <span class='ocrx_word' id='word_1_139' title='bbox 898 2089 951 2126; x_wconf 87' lang='lat' dir='ltr'>ora</span> <span class='ocrx_word' id='word_1_140' title='bbox 966 2067 1066 2125; x_wconf 93' lang='lat' dir='ltr'>virum</span> <span class='ocrx_word' id='word_1_141' title='bbox 1083 2083 1089 2125; x_wconf 90' lang='lat'>:</span> 
     </span>
    </p>
   </div>
   <div class='ocr_carea' id='block_1_4' title="bbox 249 2162 992 2342">
    <p class='ocr_par' dir='ltr' id='par_1_13' title="bbox 249 2162 992 2342">
     <span class='ocr_line' id='line_1_21' title="bbox 249 2162 992 2245; baseline 0.007 -26"><span class='ocrx_word' id='word_1_142' title='bbox 249 2162 388 2222; x_wconf 88' lang='lat' dir='ltr'>Caesaris</span> <span class='ocrx_word' id='word_1_143' title='bbox 403 2171 434 2222; x_wconf 90' lang='lat' dir='ltr'>et</span> <span class='ocrx_word' id='word_1_144' title='bbox 449 2165 547 2223; x_wconf 87' lang='lat' dir='ltr'>famae</span> <span class='ocrx_word' id='word_1_145' title='bbox 563 2166 715 2243; x_wconf 85' lang='lat' dir='ltr'>vestigia*</span> <span class='ocrx_word' id='word_1_146' title='bbox 727 2166 836 2245; x_wconf 84' lang='lat' dir='ltr'>juncta</span> <span class='ocrx_word' id='word_1_147' title='bbox 850 2165 969 2223; x_wconf 88' lang='lat' dir='ltr'>tenebis</span> <span class='ocrx_word' id='word_1_148' title='bbox 986 2183 992 2224; x_wconf 77' lang='lat'>1</span> 
     </span>
     <span class='ocr_line' id='line_1_22' title="bbox 328 2260 948 2342; baseline 0.003 -24"><span class='ocrx_word' id='word_1_149' title='bbox 328 2260 515 2320; x_wconf 89' lang='lat' dir='ltr'>Maecenatis</span> <span class='ocrx_word' id='word_1_150' title='bbox 529 2270 619 2320; x_wconf 91' lang='lat' dir='ltr'>erunt</span> <span class='ocrx_word' id='word_1_151' title='bbox 634 2283 706 2322; x_wconf 90' lang='lat' dir='ltr'>vera</span> <span class='ocrx_word' id='word_1_152' title='bbox 721 2269 847 2342; x_wconf 89' lang='lat' dir='ltr'>tropaea</span> <span class='ocrx_word' id='word_1_153' title='bbox 861 2261 948 2320; x_wconf 90' lang='lat' dir='ltr'>fides.</span> 
     </span>
    </p>
   </div>
   <div class='ocr_carea' id='block_1_5' title="bbox 209 2415 1220 3840">
    <p class='ocr_par' dir='ltr' id='par_1_14' title="bbox 209 2415 1220 3840">
     <span class='ocr_line' id='line_1_23' title="bbox 240 2415 1212 2483; baseline -0.007 -15"><span class='ocrx_word' id='word_1_154' title='bbox 240 2417 281 2468; x_wconf 65' lang='grc' dir='ltr'>Ν*</span> <span class='ocrx_word' id='word_1_155' title='bbox 293 2417 336 2468; x_wconf 79' lang='lat'>87</span> <span class='ocrx_word' id='word_1_156' title='bbox 351 2433 356 2468; x_wconf 94' lang='lat'><strong>:</strong></span> <span class='ocrx_word' id='word_1_157' title='bbox 370 2419 557 2470; x_wconf 80' lang='lat' dir='ltr'>Maecenas.</span> <span class='ocrx_word' id='word_1_158' title='bbox 575 2419 696 2483; x_wconf 86' lang='lat' dir='ltr'>Quoique</span> <span class='ocrx_word' id='word_1_159' title='bbox 712 2421 768 2469; x_wconf 92' lang='lat' dir='ltr'>issu</span> <span class='ocrx_word' id='word_1_160' title='bbox 782 2421 851 2468; x_wconf 89' lang='lat' dir='ltr'>dela</span> <span class='ocrx_word' id='word_1_161' title='bbox 864 2420 961 2468; x_wconf 82' lang='lat' dir='ltr'>tamille</span> <span class='ocrx_word' id='word_1_162' title='bbox 977 2421 1023 2466; x_wconf 89' lang='lat' dir='ltr'>des</span> <span class='ocrx_word' id='word_1_163' title='bbox 1042 2417 1153 2475; x_wconf 90' lang='lat' dir='ltr'>Cilnius,</span> <span class='ocrx_word' id='word_1_164' title='bbox 1168 2415 1212 2478; x_wconf 89' lang='lat' dir='ltr'>qui</span> 
     </span>
     <span class='ocr_line' id='line_1_24' title="bbox 209 2478 1215 2546; baseline -0.004 -19"><span class='ocrx_word' id='word_1_165' title='bbox 209 2480 283 2528; x_wconf 83' lang='lat' dir='ltr'>avait</span> <span class='ocrx_word' id='word_1_166' title='bbox 293 2479 381 2527; x_wconf 88' lang='lat' dir='ltr'>donne</span> <span class='ocrx_word' id='word_1_167' title='bbox 391 2481 437 2529; x_wconf 90' lang='lat' dir='ltr'>des</span> <span class='ocrx_word' id='word_1_168' title='bbox 451 2481 602 2530; x_wconf 92' lang='lat' dir='ltr'>Lucumons</span> <span class='ocrx_word' id='word_1_169' title='bbox 613 2483 657 2541; x_wconf 79' lang='lat' dir='ltr'>lou</span> <span class='ocrx_word' id='word_1_170' title='bbox 670 2483 786 2546; x_wconf 86' lang='lat' dir='ltr'>princes)</span> <span class='ocrx_word' id='word_1_171' title='bbox 797 2497 848 2530; x_wconf 80' lang='lat' dir='ltr'>aux</span> <span class='ocrx_word' id='word_1_172' title='bbox 860 2483 1015 2543; x_wconf 87' lang='lat' dir='ltr'>Etrusques,</span> <span class='ocrx_word' id='word_1_173' title='bbox 1027 2478 1137 2526; x_wconf 88' lang='lat' dir='ltr'>Mecene</span> <span class='ocrx_word' id='word_1_174' title='bbox 1148 2491 1215 2526; x_wconf 83' lang='lat' dir='ltr'>vou-</span> 
     </span>
     <span class='ocr_line' id='line_1_25' title="bbox 210 2538 1213 2604; baseline 0 -18"><span class='ocrx_word' id='word_1_175' title='bbox 210 2541 251 2590; x_wconf 85' lang='lat' dir='ltr'>lut</span> <span class='ocrx_word' id='word_1_176' title='bbox 262 2545 347 2589; x_wconf 90' lang='lat' dir='ltr'>rester</span> <span class='ocrx_word' id='word_1_177' title='bbox 359 2543 501 2602; x_wconf 84' lang='lat' dir='ltr'>chevalier,</span> <span class='ocrx_word' id='word_1_178' title='bbox 520 2548 546 2591; x_wconf 90' lang='lat' dir='ltr'>et</span> <span class='ocrx_word' id='word_1_179' title='bbox 566 2545 653 2592; x_wconf 84' lang='lat' dir='ltr'>refusa</span> <span class='ocrx_word' id='word_1_180' title='bbox 666 2546 690 2591; x_wconf 92' lang='lat' dir='ltr'>le</span> <span class='ocrx_word' id='word_1_181' title='bbox 704 2545 766 2592; x_wconf 90' lang='lat' dir='ltr'>titre</span> <span class='ocrx_word' id='word_1_182' title='bbox 783 2546 816 2591; x_wconf 89' lang='lat' dir='ltr'>de</span> <span class='ocrx_word' id='word_1_183' title='bbox 833 2545 957 2591; x_wconf 87' lang='lat' dir='ltr'>senatcur</span> <span class='ocrx_word' id='word_1_184' title='bbox 970 2542 1094 2604; x_wconf 84' lang='lat' dir='ltr'>(Horace,</span> <span class='ocrx_word' id='word_1_185' title='bbox 1108 2539 1173 2599; x_wconf 71' lang='lat' dir='ltr'>sit,</span> <span class='ocrx_word' id='word_1_186' title='bbox 1193 2538 1213 2598; x_wconf 94' lang='lat' dir='ltr'>l,</span> 
     </span>
     <span class='ocr_line' id='line_1_26' title="bbox 210 2601 1216 2667; baseline -0.001 -18"><span class='ocrx_word' id='word_1_187' title='bbox 210 2605 238 2661; x_wconf 76' lang='lat'>4;</span> <span class='ocrx_word' id='word_1_188' title='bbox 253 2603 310 2662; x_wconf 87' lang='lat' dir='ltr'>Od.,</span> <span class='ocrx_word' id='word_1_189' title='bbox 323 2603 342 2661; x_wconf 93' lang='lat' dir='ltr'>l,</span> <span class='ocrx_word' id='word_1_190' title='bbox 355 2604 387 2665; x_wconf 79' lang='lat' dir='ltr'>tl.</span> <span class='ocrx_word' id='word_1_191' title='bbox 396 2605 454 2652; x_wconf 90' lang='lat' dir='ltr'>Lire</span> <span class='ocrx_word' id='word_1_192' title='bbox 465 2605 490 2652; x_wconf 91' lang='lat' dir='ltr'>la</span> <span class='ocrx_word' id='word_1_193' title='bbox 501 2605 658 2667; x_wconf 74' lang='lat' dir='ltr'>penetrante</span> <span class='ocrx_word' id='word_1_194' title='bbox 668 2607 746 2654; x_wconf 86' lang='lat' dir='ltr'>etude</span> <span class='ocrx_word' id='word_1_195' title='bbox 759 2607 791 2653; x_wconf 94' lang='lat' dir='ltr'>de</span> <span class='ocrx_word' id='word_1_196' title='bbox 800 2606 961 2653; x_wconf 88' lang='lat' dir='ltr'>M.Boissier</span> <span class='ocrx_word' id='word_1_197' title='bbox 973 2605 1039 2650; x_wconf 88' lang='lat' dir='ltr'>dans</span> <span class='ocrx_word' id='word_1_198' title='bbox 1052 2617 1094 2650; x_wconf 87' lang='lat' dir='ltr'>ses</span> <span class='ocrx_word' id='word_1_199' title='bbox 1107 2601 1216 2648; x_wconf 84' lang='lat' dir='ltr'>Prome·</span> 
     </span>
     <span class='ocr_line' id='line_1_27' title="bbox 212 2664 1214 2732; baseline -0.002 -21"><span class='ocrx_word' id='word_1_200' title='bbox 212 2665 292 2712; x_wconf 76' lang='lat' dir='ltr'>uades</span> <span class='ocrx_word' id='word_1_201' title='bbox 310 2665 532 2730; x_wconf 72' lang='lat' dir='ltr'>archeolopiques</span> <span class='ocrx_word' id='word_1_202' title='bbox 551 2669 661 2726; x_wconf 81' lang='lat' dir='ltr'>(llorere</span> <span class='ocrx_word' id='word_1_203' title='bbox 681 2669 706 2714; x_wconf 88' lang='lat' dir='ltr'>et</span> <span class='ocrx_word' id='word_1_204' title='bbox 726 2667 847 2731; x_wconf 73' lang='lat' dir='ltr'>l&#39;i&#39;ryite).</span> <span class='ocrx_word' id='word_1_205' title='bbox 866 2693 893 2701; x_wconf 89' lang='lat'><em>-</em></span> <span class='ocrx_word' id='word_1_206' title='bbox 911 2666 1012 2715; x_wconf 82' lang='lat' dir='ltr'>Intra.</span> <span class='ocrx_word' id='word_1_207' title='bbox 1027 2664 1214 2732; x_wconf 76' lang='lat' dir='ltr'>C&#39;est-e-dire:</span> 
     </span>
     <span class='ocr_line' id='line_1_28' title="bbox 211 2724 1216 2792; baseline -0.002 -19"><span class='ocrx_word' id='word_1_208' title='bbox 211 2725 261 2790; x_wconf 87' lang='lat' dir='ltr'>qui</span> <span class='ocrx_word' id='word_1_209' title='bbox 280 2726 356 2788; x_wconf 88' lang='lat' dir='ltr'>cupis</span> <span class='ocrx_word' id='word_1_210' title='bbox 374 2729 398 2773; x_wconf 91' lang='lat' dir='ltr'>te</span> <span class='ocrx_word' id='word_1_211' title='bbox 414 2743 509 2791; x_wconf 72' lang='lat' dir='ltr'>perere</span> <span class='ocrx_word' id='word_1_212' title='bbox 527 2728 673 2777; x_wconf 77' lang='lat' dir='ltr'>modestius</span> <span class='ocrx_word' id='word_1_213' title='bbox 691 2744 772 2792; x_wconf 87' lang='lat' dir='ltr'>quam</span> <span class='ocrx_word' id='word_1_214' title='bbox 790 2728 899 2792; x_wconf 86' lang='lat' dir='ltr'>quidem</span> <span class='ocrx_word' id='word_1_215' title='bbox 914 2742 964 2790; x_wconf 91' lang='lat' dir='ltr'>per</span> <span class='ocrx_word' id='word_1_216' title='bbox 980 2726 1118 2787; x_wconf 73' lang='lat' dir='ltr'>fortunam</span> <span class='ocrx_word' id='word_1_217' title='bbox 1133 2724 1216 2772; x_wconf 83' lang='lat' dir='ltr'>licere</span> 
     </span>
     <span class='ocr_line' id='line_1_29' title="bbox 209 2785 1217 2852; baseline -0.003 -17"><span class='ocrx_word' id='word_1_218' title='bbox 209 2790 307 2850; x_wconf 84' lang='lat' dir='ltr'>posset.</span> <span class='ocrx_word' id='word_1_219' title='bbox 323 2816 351 2823; x_wconf 89' lang='grc'>-</span> <span class='ocrx_word' id='word_1_220' title='bbox 364 2789 400 2837; x_wconf 88' lang='lat' dir='ltr'>In</span> <span class='ocrx_word' id='word_1_221' title='bbox 418 2801 549 2851; x_wconf 84' lang='lat' dir='ltr'>aequor.</span> <span class='ocrx_word' id='word_1_222' title='bbox 571 2791 680 2837; x_wconf 85' lang='lat' dir='ltr'>hlecene</span> <span class='ocrx_word' id='word_1_223' title='bbox 700 2792 773 2838; x_wconf 87' lang='lat' dir='ltr'>avait</span> <span class='ocrx_word' id='word_1_224' title='bbox 789 2790 887 2852; x_wconf 73' lang='lat' dir='ltr'>engage‘</span> <span class='ocrx_word' id='word_1_225' title='bbox 901 2789 1032 2850; x_wconf 87' lang='lat' dir='ltr'>Properce</span> <span class='ocrx_word' id='word_1_226' title='bbox 1049 2789 1064 2834; x_wconf 83' lang='grc' dir='ltr'>(Ι</span> <span class='ocrx_word' id='word_1_227' title='bbox 1084 2785 1217 2848; x_wconf 70' lang='lat' dir='ltr'>s‘essayer</span> 
     </span>
     <span class='ocr_line' id='line_1_30' title="bbox 212 2848 1216 2913; baseline -0.003 -17"><span class='ocrx_word' id='word_1_228' title='bbox 212 2849 278 2898; x_wconf 88' lang='lat' dir='ltr'>dans</span> <span class='ocrx_word' id='word_1_229' title='bbox 292 2849 420 2911; x_wconf 86' lang='lat' dir='ltr'>l&#39;epopec.</span> <span class='ocrx_word' id='word_1_230' title='bbox 440 2851 461 2896; x_wconf 94' lang='lat' dir='ltr'>ll</span> <span class='ocrx_word' id='word_1_231' title='bbox 478 2851 518 2898; x_wconf 84' lang='lat' dir='ltr'>n&#39;a</span> <span class='ocrx_word' id='word_1_232' title='bbox 536 2867 584 2913; x_wconf 87' lang='lat' dir='ltr'>pas</span> <span class='ocrx_word' id='word_1_233' title='bbox 602 2853 650 2899; x_wconf 88' lang='lat' dir='ltr'>l&#39;ait</span> <span class='ocrx_word' id='word_1_234' title='bbox 667 2854 682 2899; x_wconf 81' lang='lat' dir='ltr'>e</span> <span class='ocrx_word' id='word_1_235' title='bbox 701 2856 874 2913; x_wconf 85' lang='lat' dir='ltr'>proprement</span> <span class='ocrx_word' id='word_1_236' title='bbox 891 2853 978 2912; x_wconf 90' lang='lat' dir='ltr'>parler</span> <span class='ocrx_word' id='word_1_237' title='bbox 991 2848 1134 2910; x_wconf 80' lang='lat' dir='ltr'>d&#39;epopec3</span> <span class='ocrx_word' id='word_1_238' title='bbox 1148 2848 1216 2894; x_wconf 90' lang='lat' dir='ltr'>mais</span> 
     </span>
     <span class='ocr_line' id='line_1_31' title="bbox 212 2910 1216 2979; baseline -0.003 -21"><span class='ocrx_word' id='word_1_239' title='bbox 212 2912 279 2959; x_wconf 84' lang='lat' dir='ltr'>dans</span> <span class='ocrx_word' id='word_1_240' title='bbox 291 2927 339 2959; x_wconf 91' lang='lat' dir='ltr'>son</span> <span class='ocrx_word' id='word_1_241' title='bbox 351 2915 375 2958; x_wconf 69' lang='lat' dir='ltr'>l‘</span> <span class='ocrx_word' id='word_1_242' title='bbox 390 2913 464 2970; x_wconf 81' lang='lat' dir='ltr'>livre,</span> <span class='ocrx_word' id='word_1_243' title='bbox 479 2914 584 2961; x_wconf 89' lang='lat' dir='ltr'>intitule</span> <span class='ocrx_word' id='word_1_244' title='bbox 598 2914 732 2972; x_wconf 86' lang='lat' dir='ltr'>Carmina,</span> <span class='ocrx_word' id='word_1_245' title='bbox 746 2915 792 2976; x_wconf 88' lang='lat' dir='ltr'>ily</span> <span class='ocrx_word' id='word_1_246' title='bbox 806 2929 820 2960; x_wconf 88' lang='lat' dir='ltr'>a</span> <span class='ocrx_word' id='word_1_247' title='bbox 833 2914 879 2961; x_wconf 91' lang='lat' dir='ltr'>des</span> <span class='ocrx_word' id='word_1_248' title='bbox 891 2915 1035 2974; x_wconf 79' lang='lat' dir='ltr'>fragments</span> <span class='ocrx_word' id='word_1_249' title='bbox 1048 2911 1168 2979; x_wconf 79' lang='lat' dir='ltr'>epiqucs,</span> <span class='ocrx_word' id='word_1_250' title='bbox 1181 2910 1216 2955; x_wconf 79' lang='lat' dir='ltr'>od</span> 
     </span>
     <span class='ocr_line' id='line_1_32' title="bbox 211 2971 1214 3035; baseline -0.002 -15"><span class='ocrx_word' id='word_1_251' title='bbox 211 2974 230 3020; x_wconf 91' lang='lat' dir='ltr'>il</span> <span class='ocrx_word' id='word_1_252' title='bbox 243 2974 339 3020; x_wconf 91' lang='lat' dir='ltr'>chantc</span> <span class='ocrx_word' id='word_1_253' title='bbox 359 2974 397 3020; x_wconf 91' lang='lat' dir='ltr'>les</span> <span class='ocrx_word' id='word_1_254' title='bbox 415 2975 510 3035; x_wconf 75' lang='lat' dir='ltr'>gloires</span> <span class='ocrx_word' id='word_1_255' title='bbox 527 2976 560 3022; x_wconf 88' lang='lat' dir='ltr'>de</span> <span class='ocrx_word' id='word_1_256' title='bbox 578 2976 670 3033; x_wconf 84' lang='lat' dir='ltr'>Rome,</span> <span class='ocrx_word' id='word_1_257' title='bbox 685 2990 733 3022; x_wconf 92' lang='lat' dir='ltr'>son</span> <span class='ocrx_word' id='word_1_258' title='bbox 751 2976 861 3022; x_wconf 87' lang='lat' dir='ltr'>histoire</span> <span class='ocrx_word' id='word_1_259' title='bbox 894 2975 1004 3035; x_wconf 90' lang='lat' dir='ltr'>olitique</span> <span class='ocrx_word' id='word_1_260' title='bbox 1021 2976 1048 3020; x_wconf 89' lang='lat' dir='ltr'>et</span> <span class='ocrx_word' id='word_1_261' title='bbox 1065 2971 1214 3032; x_wconf 75' lang='lat' dir='ltr'>religieuse.</span> 
     </span>
     <span class='ocr_line' id='line_1_33' title="bbox 213 2991 1218 3106; baseline -0.005 -23"><span class='ocrx_word' id='word_1_262' title='bbox 213 3035 283 3083; x_wconf 90' lang='lat' dir='ltr'>C&#39;est</span> <span class='ocrx_word' id='word_1_263' title='bbox 296 3037 362 3082; x_wconf 86' lang='lat' dir='ltr'>dans</span> <span class='ocrx_word' id='word_1_264' title='bbox 374 3035 399 3083; x_wconf 83' lang='lat' dir='ltr'>la</span> <span class='ocrx_word' id='word_1_265' title='bbox 411 3036 529 3083; x_wconf 83' lang='lat' dir='ltr'>creation</span> <span class='ocrx_word' id='word_1_266' title='bbox 543 3037 575 3082; x_wconf 91' lang='lat' dir='ltr'>de</span> <span class='ocrx_word' id='word_1_267' title='bbox 588 3041 658 3084; x_wconf 90' lang='lat' dir='ltr'>cette</span> <span class='ocrx_word' id='word_1_268' title='bbox 672 3037 753 3097; x_wconf 80' lang='lat' dir='ltr'>elegie</span> <span class='ocrx_word' id='word_1_269' title='bbox 767 2991 901 3084; x_wconf 78' lang='lat' dir='ltr'>nationale</span> <span class='ocrx_word' id='word_1_270' title='bbox 914 3035 1001 3096; x_wconf 77' lang='lat' dir='ltr'>qu&#39;est</span> <span class='ocrx_word' id='word_1_271' title='bbox 1016 3035 1041 3081; x_wconf 87' lang='lat' dir='ltr'>la</span> <span class='ocrx_word' id='word_1_272' title='bbox 1052 3033 1125 3080; x_wconf 85' lang='lat' dir='ltr'>vraic</span> <span class='ocrx_word' id='word_1_273' title='bbox 1139 3032 1218 3106; x_wconf 61' lang='lat' dir='ltr'>origi-</span> 
     </span>
     <span class='ocr_line' id='line_1_34' title="bbox 213 3095 1217 3158; baseline -0.001 -14"><span class='ocrx_word' id='word_1_274' title='bbox 213 3097 294 3144; x_wconf 84' lang='lat' dir='ltr'>nalite</span> <span class='ocrx_word' id='word_1_275' title='bbox 310 3098 341 3144; x_wconf 92' lang='lat' dir='ltr'>de</span> <span class='ocrx_word' id='word_1_276' title='bbox 361 3098 500 3158; x_wconf 88' lang='lat' dir='ltr'>Properce.</span> <span class='ocrx_word' id='word_1_277' title='bbox 519 3125 549 3133; x_wconf 96' lang='lat'><em>-</em></span> <span class='ocrx_word' id='word_1_278' title='bbox 563 3100 726 3157; x_wconf 82' lang='lat' dir='ltr'>Pressum‚</span> <span class='ocrx_word' id='word_1_279' title='bbox 745 3099 936 3145; x_wconf 90' lang='lat' dir='ltr'>sous-entendu</span> <span class='ocrx_word' id='word_1_280' title='bbox 950 3099 983 3144; x_wconf 89' lang='lat' dir='ltr'>te.</span> <span class='ocrx_word' id='word_1_281' title='bbox 1002 3123 1031 3130; x_wconf 93' lang='lat'><em>-</em></span> <span class='ocrx_word' id='word_1_282' title='bbox 1047 3095 1217 3156; x_wconf 64' lang='lat' dir='ltr'>Exemplis</span> 
     </span>
     <span class='ocr_line' id='line_1_35' title="bbox 212 3156 1217 3228; baseline -0.005 -20"><span class='ocrx_word' id='word_1_283' title='bbox 212 3157 280 3208; x_wconf 83' lang='lat' dir='ltr'>tuis</span> <span class='ocrx_word' id='word_1_284' title='bbox 295 3181 321 3199; x_wconf 96' lang='lat'><strong><em>=</em></strong></span> <span class='ocrx_word' id='word_1_285' title='bbox 334 3159 462 3206; x_wconf 86' lang='lat' dir='ltr'>modestia</span> <span class='ocrx_word' id='word_1_286' title='bbox 479 3162 531 3207; x_wconf 85' lang='lat' dir='ltr'>tua.</span> <span class='ocrx_word' id='word_1_287' title='bbox 552 3187 578 3194; x_wconf 93' lang='lat'>—</span> <span class='ocrx_word' id='word_1_288' title='bbox 597 3160 762 3209; x_wconf 78' lang='lat' dir='ltr'>Dominae.</span> <span class='ocrx_word' id='word_1_289' title='bbox 777 3161 811 3207; x_wconf 93' lang='lat' dir='ltr'>Le</span> <span class='ocrx_word' id='word_1_290' title='bbox 827 3159 951 3207; x_wconf 90' lang='lat' dir='ltr'>consulat</span> <span class='ocrx_word' id='word_1_291' title='bbox 962 3161 1003 3205; x_wconf 90' lang='lat' dir='ltr'>est</span> <span class='ocrx_word' id='word_1_292' title='bbox 1019 3157 1044 3204; x_wconf 91' lang='lat' dir='ltr'>la</span> <span class='ocrx_word' id='word_1_293' title='bbox 1058 3157 1122 3228; x_wconf 90' lang='lat' dir='ltr'>plus</span> <span class='ocrx_word' id='word_1_294' title='bbox 1134 3156 1217 3203; x_wconf 81' lang='lat' dir='ltr'>haute</span> 
     </span>
     <span class='ocr_line' id='line_1_36' title="bbox 213 3217 1218 3283; baseline -0.002 -17"><span class='ocrx_word' id='word_1_295' title='bbox 213 3221 322 3281; x_wconf 80' lang='lat' dir='ltr'>dignite.</span> <span class='ocrx_word' id='word_1_296' title='bbox 337 3248 366 3256; x_wconf 95' lang='lat'>—</span> <span class='ocrx_word' id='word_1_297' title='bbox 384 3222 433 3280; x_wconf 78' lang='lat' dir='ltr'>nt,</span> <span class='ocrx_word' id='word_1_298' title='bbox 450 3222 509 3268; x_wconf 93' lang='lat' dir='ltr'>unit</span> <span class='ocrx_word' id='word_1_299' title='bbox 518 3221 585 3283; x_wconf 84' lang='lat' dir='ltr'>jura</span> <span class='ocrx_word' id='word_1_300' title='bbox 598 3226 625 3269; x_wconf 87' lang='lat' dir='ltr'>et</span> <span class='ocrx_word' id='word_1_301' title='bbox 635 3236 741 3270; x_wconf 85' lang='lat' dir='ltr'>secures</span> <span class='ocrx_word' id='word_1_302' title='bbox 756 3249 786 3256; x_wconf 95' lang='lat'>—</span> <span class='ocrx_word' id='word_1_303' title='bbox 802 3223 907 3272; x_wconf 78' lang='lat' dir='ltr'>Jura:</span> <span class='ocrx_word' id='word_1_304' title='bbox 925 3221 943 3266; x_wconf 94' lang='lat' dir='ltr'>il</span> <span class='ocrx_word' id='word_1_305' title='bbox 956 3223 1078 3282; x_wconf 82' lang='lat' dir='ltr'>pourrait</span> <span class='ocrx_word' id='word_1_306' title='bbox 1090 3221 1145 3266; x_wconf 86' lang='lat' dir='ltr'>etre</span> <span class='ocrx_word' id='word_1_307' title='bbox 1159 3217 1218 3280; x_wconf 89' lang='lat' dir='ltr'>pre·</span> 
     </span>
     <span class='ocr_line' id='line_1_37' title="bbox 214 3280 1217 3345; baseline -0.004 -15"><span class='ocrx_word' id='word_1_308' title='bbox 214 3284 282 3330; x_wconf 79' lang='lat' dir='ltr'>leur.</span> <span class='ocrx_word' id='word_1_309' title='bbox 306 3309 332 3317; x_wconf 92' lang='lat'>-—</span> <span class='ocrx_word' id='word_1_310' title='bbox 353 3283 446 3332; x_wconf 83' lang='lat' dir='ltr'>Fixa.</span> <span class='ocrx_word' id='word_1_311' title='bbox 470 3283 505 3330; x_wconf 91' lang='lat' dir='ltr'>Le</span> <span class='ocrx_word' id='word_1_312' title='bbox 529 3283 635 3345; x_wconf 80' lang='lat' dir='ltr'>general</span> <span class='ocrx_word' id='word_1_313' title='bbox 660 3285 808 3344; x_wconf 87' lang='lat' dir='ltr'>vainqueur</span> <span class='ocrx_word' id='word_1_314' title='bbox 835 3283 966 3330; x_wconf 79' lang='lat' dir='ltr'>attechait</span> <span class='ocrx_word' id='word_1_315' title='bbox 985 3297 1018 3329; x_wconf 88' lang='lat' dir='ltr'>au</span> <span class='ocrx_word' id='word_1_316' title='bbox 1040 3280 1106 3328; x_wconf 91' lang='lat' dir='ltr'>scuil</span> <span class='ocrx_word' id='word_1_317' title='bbox 1130 3281 1163 3327; x_wconf 91' lang='lat' dir='ltr'>de</span> <span class='ocrx_word' id='word_1_318' title='bbox 1188 3293 1217 3326; x_wconf 87' lang='lat' dir='ltr'>sa</span> 
     </span>
     <span class='ocr_line' id='line_1_38' title="bbox 213 3340 1218 3418; baseline -0.002 -28"><span class='ocrx_word' id='word_1_319' title='bbox 213 3345 316 3391; x_wconf 86' lang='lat' dir='ltr'>maison</span> <span class='ocrx_word' id='word_1_320' title='bbox 329 3345 367 3390; x_wconf 93' lang='lat' dir='ltr'>les</span> <span class='ocrx_word' id='word_1_321' title='bbox 381 3345 527 3405; x_wconf 86' lang='lat' dir='ltr'>depouilles</span> <span class='ocrx_word' id='word_1_322' title='bbox 541 3347 626 3418; x_wconf 87' lang='lat' dir='ltr'>prises</span> <span class='ocrx_word' id='word_1_323' title='bbox 639 3360 690 3391; x_wconf 83' lang='lat' dir='ltr'>eux</span> <span class='ocrx_word' id='word_1_324' title='bbox 702 3346 829 3392; x_wconf 86' lang='lat' dir='ltr'>ennemis.</span> <span class='ocrx_word' id='word_1_325' title='bbox 841 3373 870 3380; x_wconf 87' lang='lat'><strong>—</strong></span> <span class='ocrx_word' id='word_1_326' title='bbox 883 3344 934 3394; x_wconf 88' lang='lat' dir='ltr'>Ad</span> <span class='ocrx_word' id='word_1_327' title='bbox 951 3343 1098 3393; x_wconf 75' lang='lat' dir='ltr'>effectum</span> <span class='ocrx_word' id='word_1_328' title='bbox 1111 3361 1142 3384; x_wconf 90' lang='lat'><strong><em>=</em></strong></span> <span class='ocrx_word' id='word_1_329' title='bbox 1155 3340 1218 3405; x_wconf 85' lang='lat' dir='ltr'>qui-</span> 
     </span>
     <span class='ocr_line' id='line_1_39' title="bbox 214 3402 1219 3469; baseline -0.002 -17"><span class='ocrx_word' id='word_1_330' title='bbox 214 3405 264 3452; x_wconf 89' lang='lat' dir='ltr'>bus</span> <span class='ocrx_word' id='word_1_331' title='bbox 277 3419 353 3452; x_wconf 87' lang='lat' dir='ltr'>omne</span> <span class='ocrx_word' id='word_1_332' title='bbox 366 3406 490 3468; x_wconf 85' lang='lat' dir='ltr'>quodvis</span> <span class='ocrx_word' id='word_1_333' title='bbox 503 3405 610 3469; x_wconf 73' lang='lat' dir='ltr'>efficias.</span> <span class='ocrx_word' id='word_1_334' title='bbox 624 3434 653 3441; x_wconf 93' lang='lat'><em>-</em></span> <span class='ocrx_word' id='word_1_335' title='bbox 666 3407 783 3456; x_wconf 83' lang='lat' dir='ltr'>Parcis</span> <span class='ocrx_word' id='word_1_336' title='bbox 795 3427 825 3448; x_wconf 93' lang='lat'><strong><em>=</em></strong></span> <span class='ocrx_word' id='word_1_337' title='bbox 834 3406 945 3469; x_wconf 87' lang='lat' dir='ltr'>parcius</span> <span class='ocrx_word' id='word_1_338' title='bbox 957 3404 1041 3452; x_wconf 86' lang='lat' dir='ltr'>uteris</span> <span class='ocrx_word' id='word_1_339' title='bbox 1053 3402 1174 3465; x_wconf 77' lang='lat' dir='ltr'>fortune.</span> <span class='ocrx_word' id='word_1_340' title='bbox 1188 3429 1219 3438; x_wconf 95' lang='lat'>-</span> 
     </span>
     <span class='ocr_line' id='line_1_40' title="bbox 214 3464 1219 3529; baseline -0.003 -14"><span class='ocrx_word' id='word_1_341' title='bbox 214 3467 386 3527; x_wconf 82' lang='lat' dir='ltr'>Humilem,</span> <span class='ocrx_word' id='word_1_342' title='bbox 399 3483 431 3514; x_wconf 88' lang='lat' dir='ltr'>au</span> <span class='ocrx_word' id='word_1_343' title='bbox 445 3484 505 3516; x_wconf 85' lang='lat' dir='ltr'>sens</span> <span class='ocrx_word' id='word_1_344' title='bbox 519 3470 610 3516; x_wconf 90' lang='lat' dir='ltr'>moral.</span> <span class='ocrx_word' id='word_1_345' title='bbox 625 3496 654 3503; x_wconf 91' lang='lat'>-—</span> <span class='ocrx_word' id='word_1_346' title='bbox 667 3468 773 3518; x_wconf 85' lang='lat' dir='ltr'>Sinus.</span> <span class='ocrx_word' id='word_1_347' title='bbox 787 3468 944 3529; x_wconf 85' lang='lat' dir='ltr'>Metaphore</span> <span class='ocrx_word' id='word_1_348' title='bbox 953 3467 1090 3528; x_wconf 80' lang='lat' dir='ltr'>frequente</span> <span class='ocrx_word' id='word_1_349' title='bbox 1102 3465 1167 3512; x_wconf 89' lang='lat' dir='ltr'>ehez</span> <span class='ocrx_word' id='word_1_350' title='bbox 1179 3464 1219 3512; x_wconf 83' lang='lat' dir='ltr'>les</span> 
     </span>
     <span class='ocr_line' id='line_1_41' title="bbox 213 3528 1219 3592; baseline -0.002 -16"><span class='ocrx_word' id='word_1_351' title='bbox 213 3530 307 3589; x_wconf 79' lang='lat' dir='ltr'>poetes</span> <span class='ocrx_word' id='word_1_352' title='bbox 318 3529 397 3575; x_wconf 88' lang='lat' dir='ltr'>latins</span> <span class='ocrx_word' id='word_1_353' title='bbox 410 3535 437 3577; x_wconf 88' lang='lat' dir='ltr'>ct</span> <span class='ocrx_word' id='word_1_354' title='bbox 449 3546 524 3592; x_wconf 82' lang='lat' dir='ltr'>grecs</span> <span class='ocrx_word' id='word_1_355' title='bbox 539 3546 544 3578; x_wconf 92' lang='lat'>:</span> <span class='ocrx_word' id='word_1_356' title='bbox 558 3532 607 3577; x_wconf 88' lang='lat' dir='ltr'>elle</span> <span class='ocrx_word' id='word_1_357' title='bbox 620 3531 739 3591; x_wconf 85' lang='lat' dir='ltr'>rappclle</span> <span class='ocrx_word' id='word_1_358' title='bbox 752 3529 818 3577; x_wconf 88' lang='lat' dir='ltr'>celle</span> <span class='ocrx_word' id='word_1_359' title='bbox 831 3530 866 3576; x_wconf 92' lang='lat' dir='ltr'>du</span> <span class='ocrx_word' id='word_1_360' title='bbox 880 3530 1014 3577; x_wconf 89' lang='lat' dir='ltr'>troisieme</span> <span class='ocrx_word' id='word_1_361' title='bbox 1025 3543 1085 3575; x_wconf 89' lang='lat' dir='ltr'>vers</span> <span class='ocrx_word' id='word_1_362' title='bbox 1098 3528 1131 3574; x_wconf 91' lang='lat' dir='ltr'>de</span> <span class='ocrx_word' id='word_1_363' title='bbox 1146 3530 1219 3574; x_wconf 83' lang='lat' dir='ltr'>cette</span> 
     </span>
     <span class='ocr_line' id='line_1_42' title="bbox 213 3587 1217 3653; baseline -0.002 -18"><span class='ocrx_word' id='word_1_364' title='bbox 213 3591 329 3637; x_wconf 90' lang='lat' dir='ltr'>version.</span> <span class='ocrx_word' id='word_1_365' title='bbox 351 3617 378 3625; x_wconf 94' lang='lat'><em>-</em></span> <span class='ocrx_word' id='word_1_366' title='bbox 398 3591 534 3642; x_wconf 80' lang='lat' dir='ltr'>Judicia</span> <span class='ocrx_word' id='word_1_367' title='bbox 553 3613 582 3635; x_wconf 89' lang='lat'><strong><em>=</em></strong></span> <span class='ocrx_word' id='word_1_368' title='bbox 601 3591 740 3653; x_wconf 88' lang='lat' dir='ltr'>sapientia.</span> <span class='ocrx_word' id='word_1_369' title='bbox 762 3619 792 3625; x_wconf 97' lang='lat'><em>-</em></span> <span class='ocrx_word' id='word_1_370' title='bbox 814 3591 881 3641; x_wconf 79' lang='lat' dir='ltr'>Ora</span> <span class='ocrx_word' id='word_1_371' title='bbox 902 3591 1019 3641; x_wconf 85' lang='lat' dir='ltr'>virum.</span> <span class='ocrx_word' id='word_1_372' title='bbox 1041 3589 1080 3638; x_wconf 83' lang='lat' dir='ltr'>Cf.</span> <span class='ocrx_word' id='word_1_373' title='bbox 1105 3587 1217 3649; x_wconf 77' lang='lat' dir='ltr'>Virgiie,</span> 
     </span>
     <span class='ocr_line' id='line_1_43' title="bbox 216 3649 1219 3726; baseline -0.002 -28"><span class='ocrx_word' id='word_1_374' title='bbox 216 3651 382 3715; x_wconf 77' lang='lat' dir='ltr'>Geor9.,lll,</span> <span class='ocrx_word' id='word_1_375' title='bbox 397 3657 428 3700; x_wconf 88' lang='lat'>8:</span> <span class='ocrx_word' id='word_1_376' title='bbox 444 3675 454 3696; x_wconf 77' lang='grc' dir='ltr'>(ι</span> <span class='ocrx_word' id='word_1_377' title='bbox 472 3654 606 3701; x_wconf 86' lang='lat' dir='ltr'>Tentanda</span> <span class='ocrx_word' id='word_1_378' title='bbox 624 3654 666 3702; x_wconf 86' lang='lat' dir='ltr'>via</span> <span class='ocrx_word' id='word_1_379' title='bbox 677 3656 725 3712; x_wconf 90' lang='lat' dir='ltr'>est,</span> <span class='ocrx_word' id='word_1_380' title='bbox 744 3668 798 3717; x_wconf 81' lang='lat' dir='ltr'>qua</span> <span class='ocrx_word' id='word_1_381' title='bbox 812 3667 851 3699; x_wconf 90' lang='lat' dir='ltr'>me</span> <span class='ocrx_word' id='word_1_382' title='bbox 867 3667 920 3716; x_wconf 86' lang='lat' dir='ltr'>qno</span> <span class='ocrx_word' id='word_1_383' title='bbox 944 3667 975 3699; x_wconf 88' lang='lat' dir='ltr'>ne</span> <span class='ocrx_word' id='word_1_384' title='bbox 988 3649 1092 3726; x_wconf 86' lang='lat' dir='ltr'>possim</span> <span class='ocrx_word' id='word_1_385' title='bbox 1113 3649 1219 3720; x_wconf 78' lang='lat' dir='ltr'>Tollere</span> 
     </span>
     <span class='ocr_line' id='line_1_44' title="bbox 215 3711 1220 3777; baseline -0.001 -19"><span class='ocrx_word' id='word_1_386' title='bbox 215 3712 296 3760; x_wconf 88' lang='lat' dir='ltr'>humo</span> <span class='ocrx_word' id='word_1_387' title='bbox 308 3713 448 3776; x_wconf 86' lang='lat' dir='ltr'>victorque</span> <span class='ocrx_word' id='word_1_388' title='bbox 461 3715 550 3761; x_wconf 85' lang='lat' dir='ltr'>virum</span> <span class='ocrx_word' id='word_1_389' title='bbox 563 3715 677 3762; x_wconf 74' lang='lat' dir='ltr'>volitare</span> <span class='ocrx_word' id='word_1_390' title='bbox 689 3730 739 3777; x_wconf 89' lang='lat' dir='ltr'>per</span> <span class='ocrx_word' id='word_1_391' title='bbox 756 3729 811 3762; x_wconf 86' lang='lat' dir='ltr'>ora.</span> <span class='ocrx_word' id='word_1_392' title='bbox 830 3734 840 3757; x_wconf 73' lang='lat' dir='ltr'>a</span> <span class='ocrx_word' id='word_1_393' title='bbox 857 3742 887 3750; x_wconf 91' lang='lat'>-</span> <span class='ocrx_word' id='word_1_394' title='bbox 933 3713 1062 3776; x_wconf 76' lang='lat' dir='ltr'>astigia.</span> <span class='ocrx_word' id='word_1_395' title='bbox 1080 3711 1220 3760; x_wconf 89' lang='lat' dir='ltr'>Constrm·</span> 
     </span>
     <span class='ocr_line' id='line_1_45' title="bbox 213 3773 868 3840; baseline 0.006 -20"><span class='ocrx_word' id='word_1_396' title='bbox 213 3788 274 3822; x_wconf 89' lang='lat' dir='ltr'>sez:</span> <span class='ocrx_word' id='word_1_397' title='bbox 289 3773 391 3823; x_wconf 84' lang='lat' dir='ltr'>tenebis</span> <span class='ocrx_word' id='word_1_398' title='bbox 400 3777 498 3838; x_wconf 81' lang='lat' dir='ltr'>juncta</span> <span class='ocrx_word' id='word_1_399' title='bbox 511 3775 624 3840; x_wconf 64' lang='lat' dir='ltr'>vestigia</span> <span class='ocrx_word' id='word_1_400' title='bbox 637 3775 723 3836; x_wconf 77' lang='lat' dir='ltr'>famae</span> <span class='ocrx_word' id='word_1_401' title='bbox 738 3775 868 3824; x_wconf 79' lang='lat' dir='ltr'>Caesaris.</span> 
     </span>
    </p>
   </div>
   <div class='ocr_carea' id='block_1_6' title="bbox 644 3909 784 3960">
    <p class='ocr_par' dir='ltr' id='par_1_15' title="bbox 644 3909 784 3960">
     <span class='ocr_line' id='line_1_46' title="bbox 644 3909 784 3960; baseline -0.014 -12"><span class='ocrx_word' id='word_1_402' title='bbox 644 3909 784 3960; x_wconf 69' lang='lat'>„58-</span> 
     </span>
    </p>
   </div>
   <div class='ocr_carea' id='block_1_7' title="bbox 0 0 1346 4244">
    <p class='ocr_par' dir='ltr' id='par_1_16' title="bbox 0 0 1346 4244">
     <span class='ocr_line' id='line_1_47' title="bbox 0 0 1346 4244; baseline 0 0"><span class='ocrx_word' id='word_1_403' title='bbox 0 0 1346 4244; x_wconf 95' lang='lat' dir='ltr'> </span> 
     </span>
    </p>
   </div>
  </div>
 </body>
</html>
