2756 4238
196 125 281 184 236.
303 129 348 198 ce
364 128 426 196 qui
442 131 545 184 reste
560 128 605 184 de
624 129 664 185 la
682 125 816 189 inerte·
838 139 925 184 sous
937 127 1121 196 l’umpire.

278 231 326 294 (De
338 231 496 294 reipublicae
510 231 627 296 imagine
641 231 675 280 ah
688 231 898 296 imperatoribus
910 231 1035 294 servata.)

194 390 340 449 Manebat
364 389 504 471 quaedam
525 391 626 469 imago
644 390 831 470 reipublicae.
852 389 929 448 Nam
950 390 1031 447 inter
1050 389 1159 448 Vibul-
1176 389 1216 454 2⁸

154 487 228 546 lium
243 496 407 567 praetorem
423 496 454 546 et
470 487 570 567 plebei
586 488 744 546 tribunum
761 487 930 546 Antistium
947 494 1048 545 ortum
1062 495 1158 546 certa·

153 605 236 656 men,
253 584 336 668 qudd
353 585 553 643 immodestos
571 585 727 644 fautores*
742 585 925 642 histrionum
946 591 977 642 et
994 605 1010 642 a
1029 591 1159 663 praetore

154 682 185 739 in
202 682 302 740 vincla
318 681 428 740 ductos
444 682 587 741 tribunus
603 681 724 742 omitti*
737 681 892 761 jussisset.
910 680 1159 760 Comprobavere

154 787 268 858 patres,
289 779 429 837 incusata
449 779 577 836 Antistii
597 778 732 838 licentia.
755 777 853 837 Simul
873 777 1020 858 prohibiti
1042 776 1158 835 tribuni

149 874 202 954 jus
216 881 382 954 praetorum
397 883 428 933 et
440 873 602 934 consulum
616 876 803 954 praeripere*
815 882 869 934 aut
881 895 992 933 vocare
1004 895 1040 932 ex
1052 874 1159 932 ltalia*

152 992 224 1030 cum
248 971 360 1052 quibus
382 971 447 1050 lege
465 973 535 1050 agi*
554 979 668 1052 posset.
685 972 814 1030 Addidit
830 973 861 1030 L.
881 971 963 1038 Piso,
981 971 1160 1049 designatus

152 1068 273 1140 consul,
290 1089 328 1128 ne
344 1069 418 1149 quid
435 1068 512 1127 intra
527 1068 677 1127 domum*
692 1090 747 1148 pro
761 1077 913 1148 potestate
928 1069 1157 1142 adverterent*‚

153 1185 231 1224 neve
252 1165 380 1224 multam
403 1165 441 1224 ab
463 1166 499 1224 iis
522 1156 634 1224 dictam
656 1175 824 1245 quaestores
844 1165 943 1224 aerarii
967 1165 998 1222 in
1018 1164 1159 1244 publicas

154 1262 274 1321 tabulas
293 1270 363 1321 ante
390 1271 524 1342 quatuor
544 1281 663 1320 menses
683 1262 853 1335 reserrent;
884 1262 986 1320 medio
1011 1262 1159 1340 temporis

152 1358 376 1418 contradicere
391 1359 507 1433 liceret,
524 1360 622 1438 deque
634 1381 669 1418 eo
683 1359 824 1418 consules
836 1366 1018 1418 statuerent.
1032 1359 1070 1417 Et
1087 1357 1160 1416 Hol-

151 1456 256 1515 vidius
276 1457 409 1528 Priscus,
432 1457 574 1515 tribunus
596 1456 708 1536 plebei,
724 1456 871 1514 adversus
884 1456 1043 1528 Sabinum,
1058 1456 1159 1515 aerarii

152 1560 349 1632 quaestorem,
371 1554 586 1612 contentiones
609 1554 748 1633 proprias
765 1554 912 1625 exercuit,
932 1560 1088 1632 tamquam
1106 1553 1159 1633 jus

153 1651 272 1710 hastae*
292 1651 440 1710 adversus
465 1651 572 1730 inopes
592 1651 793 1709 inclementer
813 1657 948 1728 augeret.
971 1651 1049 1708 Dein
1074 1651 1158 1730 prin-

152 1767 224 1826 ceps
240 1767 345 1810 curam
359 1746 556 1805 tabularum*
572 1747 765 1826 publicarum
779 1768 795 1806 a
811 1746 1015 1827 quaestoribus
1027 1747 1064 1806 ad
1081 1768 1159 1826 prae-

153 1843 272 1902 sectos*
291 1843 460 1904 transtulit.
483 1844 574 1902 Varie
595 1843 700 1902 habita
720 1864 755 1902 ac
774 1864 855 1923 saepe
870 1852 988 1902 mutata
1010 1845 1076 1924 ejus
1094 1844 1157 1904 rei*

153 1939 261 1998 torma.
294 1940 372 1999 Nam
407 1943 567 2018 Augustus
593 1942 713 2000 senatui
745 1941 885 2020 permisit
915 1941 1048 2019 deligere
1079 1963 1158 2022 prae·

155 2036 270 2109 sectos,
288 2037 413 2109 deinde,
430 2037 547 2097 ambitu
566 2038 780 2115 suffragiorum
797 2045 951 2118 suspecto,
971 2047 1052 2096 sorte
1065 2039 1159 2098 duce-

152 2132 265 2236 baqtur
290 2154 328 2192 ex
358 2155 486 2193 numero
511 2142 678 2214 praetorum
706 2135 758 2213 qui
785 2142 961 2214 praeessent.
990 2135 1096 2215 Neque
1126 2135 1156 2194 id

155 2230 210 2289 diu
248 2232 373 2302 mansit,
406 2231 478 2311 quia
509 2253 575 2290 sors
612 2231 772 2290 deerrabat
805 2231 842 2290 ad
874 2252 983 2311 parum
1016 2233 1155 2293 idoneos

151 2325 238 2386 Tunc
265 2327 413 2386 Claudius
440 2336 608 2407 quaestores
637 2349 757 2386 rursum
785 2328 947 2408 imposuit,
975 2328 1088 2407 iisque,
1120 2350 1157 2388 ne

156 2432 241 2483 metu
270 2425 477 2483 offensionum
513 2425 636 2504 segnius
668 2424 880 2497 consulerent,
903 2432 989 2483 extra
1018 2426 1156 2484 ordinem

153 2520 287 2580 honores
301 2521 454 2602 promisit.

183 2724 224 2774 ΙΨ
238 2723 304 2775 23ss
318 2738 324 2772 t
338 2725 509 2775 Fautores.
529 2724 550 2771 ll
566 2723 643 2786 s’agit
657 2725 690 2772 de
702 2739 769 2773 ceux
799 2725 826 2772 ui
838 2725 988 2774 montalent
999 2724 1038 2774 les
1050 2725 1157 2776 cabales

151 2801 220 2849 pour
228 2800 262 2833 ou
270 2788 362 2834 contre
369 2786 407 2833 les
416 2790 531 2834 acteurs.
542 2785 689 2834 VoirPline
696 2785 721 2834 le
731 2787 747 2834 J
750 2823 767 2846 .,
802 2785 837 2846 11,
844 2788 873 2833 24
883 2800 890 2846 3
901 2788 929 2834 et
936 2785 1038 2848 Plaute,
1047 2788 1157 2850 Amphi-

152 2849 242 2910 tryon,
257 2847 366 2911 Protop.
383 2875 412 2883 -
425 2846 539 2899 omitti
556 2862 562 2896 z
575 2849 600 2895 le
612 2847 705 2896 tribun
717 2848 756 2896 les
769 2848 842 2896 avait
855 2849 905 2897 fait
914 2849 1034 2896 reltcher
1047 2862 1053 2897 :
1068 2864 1097 2897 ce
1110 2851 1155 2912 qui

151 2910 226 2968 etait,
241 2908 345 2971 d'apres
361 2911 386 2956 le
401 2910 485 2965 senat,
504 2925 539 2956 un
559 2910 627 2957 abus
644 2911 677 2956 de
694 2910 809 2971 pouvoir
825 2909 964 2972 (licentia).
981 2937 1011 2946 —
1028 2911 1157 2961 Praeri-

150 2984 228 3034 pere
242 2991 272 3013 =
279 2985 330 3033 per
345 2971 562 3020 intercessionem
579 2969 683 3034 eripere
700 2987 706 3020 :
721 2972 760 3019 les
775 2970 882 3019 tribuns
897 2971 1037 3020 abusaient
1054 2974 1086 3020 de
1099 2973 1155 3021 leur

150 3035 209 3081 veto
220 3048 288 3094 pour
300 3036 425 3080 entraver
436 3031 543 3080 l'action
556 3033 626 3080 dela
636 3034 742 3094 justice.
755 3059 785 3068 -
797 3034 848 3082 Ex
862 3032 964 3084 ltalia
978 3054 1009 3076 =
1022 3033 1112 3083 Italos.
1125 3063 1157 3072 -

150 3095 237 3157 Lege
250 3093 315 3166 agi,
331 3097 415 3142 terme
430 3094 571 3155 consacre;
584 3095 701 3142 intenter
714 3109 765 3142 une
780 3096 869 3143 action
879 3095 1029 3157 judiciaire.
1045 3097 1095 3144 Les
1108 3098 1156 3145 tri·

150 3156 220 3204 buns
231 3159 337 3203 avaient
349 3157 373 3203 le
386 3157 458 3204 droit
472 3158 504 3203 de
518 3157 583 3204 faire
600 3159 701 3216 arreter
713 3172 749 3204 un
764 3157 872 3220 citoyen
885 3156 1085 3222 (prensionem),
1102 3174 1155 3208 non

150 3219 219 3266 celui
232 3218 265 3265 de
282 3219 305 3264 le
323 3217 390 3264 citer
406 3219 507 3266 devant
523 3231 574 3265 eux
591 3217 784 3281 (vocationem).
797 3245 828 3254 -
840 3219 977 3269 Domum
991 3234 997 3268 :
1010 3220 1035 3268 la
1052 3222 1155 3270 maison

150 3281 198 3327 des
222 3280 328 3327 tribuns
349 3279 415 3327 etait
438 3283 549 3327 ouverte
570 3281 632 3341 j0ur
649 3283 676 3329 et
698 3280 766 3341 nuit,
789 3279 841 3328 ofin
863 3281 942 3342 qu’on
964 3283 1013 3342 put
1033 3283 1156 3354 toujours

150 3343 294 3389 s'adresser
306 3342 321 3387 a
333 3355 400 3398 eux,
413 3342 480 3388 mais
492 3342 524 3388 ils
539 3342 664 3389 devaient
675 3343 771 3390 rendre
783 3342 855 3389 leurs
868 3344 953 3390 arrets
966 3358 998 3390 en
1011 3344 1111 3404 public.
1125 3372 1156 3381 -

151 3403 375 3452 Adverterent
386 3423 416 3445 =
430 3402 683 3451 animadverterent.
697 3429 728 3440 -
739 3404 802 3454 Jus
812 3404 940 3453 hastae.
954 3405 1004 3452 Les
1016 3405 1093 3454 biens
1106 3408 1156 3455 sai·

152 3465 188 3512 sis
202 3465 303 3512 etaient
317 3465 448 3512 vendusa
465 3464 566 3512 l'encan
580 3464 641 3527 (sub
657 3465 752 3538 hasta).
766 3465 787 3512 Il
800 3463 876 3527 s'agit
888 3466 924 3512 du
937 3467 1008 3514 droit
1020 3468 1053 3514 de
1066 3469 1153 3519 saisie.

150 3553 182 3563 -
191 3526 395 3576 Tabularum
407 3525 625 3589 publicarum,
639 3527 677 3574 les
688 3529 814 3588 registres
825 3527 860 3573 du
871 3527 958 3576 tresor
970 3529 1061 3589 public
1072 3529 1155 3592 (aera-

152 3588 224 3636 rium
240 3587 370 3649 Saturni).
387 3614 418 3623 -
432 3588 632 3646 Praefectos,
651 3587 691 3636 les
706 3587 840 3651 praefecti
856 3589 965 3652 aerarii,
978 3591 1104 3639 institues
1122 3607 1153 3640 en

151 3655 180 3696 28
194 3663 235 3696 av,
247 3650 262 3697 J
266 3648 316 3697 .-C.
331 3675 360 3684 -
376 3649 456 3711 Edus
469 3648 527 3712 rel,
544 3648 707 3698 c'est-a-dire
722 3664 789 3698 cure
803 3649 959 3698 tabularum
968 3652 1153 3716 publicarum,

151 3710 214 3774 qu'il
226 3711 283 3758 saut
294 3713 495 3759 sousentendre
508 3712 568 3774 plus
580 3712 706 3760 bas·avec
715 3713 872 3775 praeessent
882 3715 909 3760 et
922 3711 1057 3778 imposuit.

235 3801 277 3842 Via
292 3799 408 3854 Publique
418 3799 454 3841 des
464 3799 581 3841 Romaim.
1051 3804 1075 3844 16

574 3910 607 3920 -
626 3881 677 3930 239
697 3911 731 3920 —
