2664 4234
226 128 312 186 489.
341 129 393 183 De
407 129 447 186 la
458 141 671 198 vengeanee
691 130 735 184 de
754 128 844 186 Dteu
864 141 930 185 sur
948 126 1004 184 te's
1021 129 1236 184 hourreaux

587 231 654 286 des
669 227 869 286 chre'tiens.
916 219 921 226 ’

381 342 428 404 (De
438 342 548 390 'ultiorw
561 343 652 393 diuina
665 342 693 391 in
706 342 927 392 Christianorum
939 341 1075 405 tortores)

160 493 211 556 3·
234 569 238 574 ¹
265 495 421 575 Quidquid
435 497 598 555 adversum
610 519 665 556 nos
681 485 764 556 malr*³
769 497 942 578 principes*
953 493 1137 567 moliuntur,
1152 498 1234 554 Dens
1305 551 1306 554 ,

224 592 386 672 permittit.
407 593 446 651 Et
466 601 568 652 tamen
590 593 785 674 injustissimi
802 603 1026 680 persecutores
1043 593 1160 672 quibus
1179 593 1234 650 Dei

225 709 334 767 nomen
359 690 554 749 contumeliae
584 711 617 748 ac
646 689 791 763 ludibrio,
819 711 880 749 non
905 711 937 748 se
962 698 1071 770 putent
1104 691 1234 769 impunc

223 785 350 858 laturos,
370 787 441 866 quia
457 787 679 864 indignationis
695 787 843 847 adversus
859 808 916 846 nos
936 788 1002 867 ejus
1019 787 1106 867 quasi
1126 786 1235 844 minis·
1305 813 1306 866 t

223 882 282 940 tri*
304 883 438 943 luerunt.
470 884 645 942 Punientur
667 885 748 942 enim
772 884 892 964 judicio
918 885 988 956 Dei,
1009 884 1073 963 qui,
1104 890 1234 962 accepta

223 967 385 1058 potestate,
404 1001 494 1059 supra
511 981 678 1040 humanum
697 968 952 1042 modum]suerint
966 980 1080 1052 abusi*,
1095 988 1126 1038 et
1137 979 1234 1038 insul·
1305 965 1306 1050 l

222 1076 356 1134 taverint
380 1078 471 1136 etiam
497 1078 563 1136 Deo
590 1078 763 1157 superbius,
789 1079 917 1158 ejusque
943 1098 1054 1136 nomen
1079 1085 1232 1135 aeternum

222 1173 359 1252 vestigiis
390 1175 453 1232 suis
484 1174 672 1254 subjecerint
704 1175 797 1254 impie
831 1175 1007 1253 nefarieque
1034 1173 1232 1232 calcandum.
1305 1171 1306 1264 l

223 1268 387 1349 Propterea
413 1271 641 1330 vindicaturum
664 1293 696 1330 se
712 1273 743 1330 in
761 1293 813 1329 eos
835 1272 975 1331 celeriter
996 1270 1172 1350 pollicetur,
1203 1275 1234 1326 et
1305 1269 1306 1332 l

222 1368 496 1425 exterminaturum
515 1367 628 1427 bestias
639 1367 734 1427 malas
747 1369 785 1427 de
796 1375 887 1427 terra.
902 1368 960 1426 Sed
975 1367 1068 1434 idem,
1087 1366 1232 1446 quamvis

221 1463 327 1542 populi
348 1465 394 1522 sui
417 1465 606 1536 vexationes,
632 1473 664 1524 et
682 1466 743 1537 hic,
763 1466 795 1523 in
819 1465 973 1544 praesenti,
997 1464 1113 1522 soleat*
1128 1463 1232 1521 vindi·

220 1581 299 1632 care,
318 1569 418 1619 tamen
436 1562 526 1640 jubet
547 1583 603 1620 nos
626 1570 803 1642 exspectare
823 1563 976 1641 patienter
996 1561 1081 1619 illum
1097 1561 1231 1619 caelestis

216 1657 327 1735 judicii
342 1659 421 1716 diem
431 1660 452 1730 *,
467 1680 528 1738 quo
543 1660 610 1738 lpse
622 1680 676 1738 pro
688 1660 750 1718 suis
763 1645 916 1738 quemque
931 1659 1047 1717 meritis
1063 1666 1117 1716 aut
1132 1658 1231 1716 hono·

220 1761 267 1812 ret
281 1762 334 1812 aut
349 1739 468 1833 puniat.
493 1756 688 1835 Quapropter
709 1777 770 1814 non
794 1762 919 1836 sperent
939 1755 1095 1833 sacrilegae
1118 1755 1231 1813 animas
1305 1737 1306 1796 l

220 1858 414 1930 contemptos
441 1861 471 1911 et
493 1853 606 1911 inultos
631 1853 707 1924 fore,
731 1875 808 1932 quos
831 1853 875 1911 sic
901 1853 1056 1912 obterunt.
1085 1851 1228 1920 Veniet*‚
1305 1917 1306 1926 ἦ

220 1947 323 2004 veniet
336 1949 463 2007 rabiosis
479 1958 509 2007 et
525 1951 688 2008 voracibus
704 1950 783 2029 lupis
800 1971 915 2008 merces
931 1970 996 2016 sua,
1014 1949 1067 2029 qui
1082 1949 1185 2026 justas
1199 1956 1231 2006 et
1305 1953 1306 1996 l

219 2044 373 2123 simplices
395 2046 522 2117 animas,
539 2046 631 2104 nullis
654 2047 841 2105 facinoribus
860 2047 1013 2112 admissis,
1032 2045 1231 2104 excruciave-

219 2148 301 2199 runt.
320 2143 382 2200 Nos
405 2143 618 2201 tantummodo
635 2143 819 2214 laboremus,
840 2151 874 2203 ut
898 2144 935 2202 ab
956 2142 1133 2201 hominibus
1152 2141 1230 2199 nihil

218 2237 300 2296 aliud
321 2239 352 2296 in
375 2240 463 2297 nobis
482 2240 539 2297 nisi
561 2239 626 2298 sola
640 2240 760 2322 justitia
776 2240 932 2319 puniatur.
960 2240 1075 2297 Demus
1088 2259 1227 2318 operam,

219 2335 292 2394 totis
307 2336 433 2406 viribus,
450 2344 484 2394 ut
497 2356 670 2395 mereamur
684 2354 700 2395 a
718 2337 783 2395 Deo
801 2337 890 2394 simul
903 2344 935 2396 et
948 2335 1095 2395 ultionem
1110 2335 1230 2414 passio·
1305 2379 1306 2382 ,

219 2432 285 2490 nis*
297 2438 328 2489 et
343 2433 514 2511 praemium.

218 2568 351 2630 exemplos
370 2585 381 2614 r
401 2570 433 2616 de
450 2569 475 2617 la
488 2569 587 2631 justice
604 2569 695 2617 divine
713 2571 860 2632 prouvent,
879 2570 894 2617 al
912 2568 1040 2629 sonoris,
1052 2568 1079 2617 la
1091 2567 1179 2615 verite'
1193 2569 1228 2614 du

216 2631 413 2678 christianisme
431 2635 458 2678 et
474 2631 498 2678 16
514 2631 595 2679 neant
612 2632 646 2678 du
664 2631 826 2693 paganismo.
845 2658 873 2666 -
888 2629 1044 2680 Ministrl.
1065 2649 1078 2674 a
1097 2631 1167 2676 Dieu
1180 2631 1228 2676 lui-

217 2693 302 2739 meme
320 2693 360 2738 dit
372 2692 404 2739 de
420 2707 464 2740 ces
478 2694 584 2754 gens-la
602 2692 665 2754 qu'il
679 2693 718 2740 les
736 2693 831 2740 envoie
846 2707 878 2740 en
892 2707 920 2740 sa
934 2691 1021 2739 colere
1033 2695 1062 2740 et
1074 2692 1154 2753 qu'ils
1165 2694 1228 2738 sont

216 2753 255 2801 les
268 2769 361 2826 verges
378 2755 410 2800 de
427 2769 455 2802 sa
472 2755 588 2801 fureur»
609 2755 721 2826 (Balzac,
733 2755 840 2802 Socrate
860 2753 990 2824 cbre'tien,
1010 2753 1076 2801 disc.
1097 2752 1183 2813 VIII).
1198 2778 1227 2787 -
1305 2807 1306 2816 ἵ

216 2815 331 2865 Abusl.
351 2815 390 2862 Cr.
409 2816 532 2873 Bossuet,
552 2816 665 2864 Oraison
682 2816 739 2876 lun.
757 2816 789 2864 de
806 2817 831 2863 ta
846 2830 920 2863 reme
935 2813 1043 2877 d'Anpt.
1065 2829 1070 2862 :
1088 2834 1099 2857 «
1115 2815 1173 2870 Car,
1195 2829 1227 2861 en
1305 2817 1306 2830 ¹

215 2875 274 2925 leur
290 2878 410 2924 donnant
427 2892 455 2924 sa
475 2878 626 2938 puissance,
638 2879 656 2924 il
674 2878 731 2924 leur
745 2878 903 2925 commende
921 2875 980 2924 d¹en
998 2891 1066 2934 uscr,
1082 2891 1189 2923 comme
1209 2876 1227 2922 il

216 2939 265 2986 fait
282 2939 427 2997 lui-meme,
440 2954 508 3000 pour
519 2940 543 2986 le
556 2940 617 2986 bien
630 2940 665 2986 du
682 2941 779 2986 monde
795 2959 814 2987 ».
829 2967 859 2974 -
877 2939 996 2990 Soleat.
1011 2939 1050 2986 Cr.
1067 2937 1226 3000 Polpencte,

216 3002 284 3048 Acte
299 3000 344 3059 lv,
355 3015 391 3048 sc.
402 3005 415 3046 3
426 3016 431 3047 :
448 3021 458 3043 (ι
475 3000 494 3047 11
506 3001 574 3048 elale
585 3001 600 3048 a
613 3015 659 3048 son
671 3003 732 3048 tour
743 3002 789 3048 des
798 3016 888 3049 revers
899 2999 1056 3062 e'quitables,
1065 3000 1116 3046 Par
1128 3001 1176 3060 qui
1189 3001 1227 3046 les

216 3063 313 3122 grands
324 3066 386 3109 sont
398 3063 556 3123 contendas,
570 3063 604 3110 El
615 3063 654 3109 les
667 3063 767 3124 glaives
778 3061 841 3124 qu'il
855 3063 923 3110 tient
933 3062 1036 3124 pendus
1049 3061 1101 3108 Sur
1113 3061 1152 3108 les
1165 3062 1228 3122 plus

216 3123 336 3171 fortune's
356 3125 509 3184 coupables,
524 3123 591 3172 Sont
601 3122 722 3172 d'autant
757 3125 798 3172 lus
817 3124 977 3171 inevitables
991 3122 1047 3178 Que
1058 3124 1130 3170 leurs
1142 3138 1227 3184 coups
1305 3177 1306 3192 χ

216 3186 277 3232 sont
292 3187 378 3232 moins
396 3187 522 3234 attendus
535 3205 597 3234 1›.-
610 3185 711 3234 Diem.
751 3187 792 3232 oir
804 3187 828 3232 le
839 3200 945 3233 sermon
962 3199 1010 3232 sur
1022 3185 1047 3232 ta
1061 3183 1227 3233 Providence
1305 3197 1306 3254 p

215 3247 248 3294 de
260 3247 374 3294 Bossuet
389 3262 394 3294 :
410 3267 420 3289 α
440 3248 508 3307 Non,
521 3248 558 3295 les
574 3248 668 3294 choses
685 3263 719 3294 nc
734 3250 797 3294 sont
813 3262 862 3308 pas
882 3260 978 3295 encore
996 3247 1063 3294 dans
1077 3247 1136 3292 leur
1150 3247 1226 3308 place

216 3308 274 3356 fixe.
288 3309 336 3356 Cet
347 3309 401 3356 etat
419 3324 470 3370 que
485 3324 552 3357 nous
568 3323 673 3372 voyons
691 3323 754 3356 aura
772 3324 820 3356 son
841 3313 945 3367 retour;
958 3311 1017 3355 tout
1029 3311 1072 3356 cet
1083 3308 1163 3355 ordre
1174 3323 1227 3369 que

215 3385 283 3416 nous
302 3371 438 3418 admirons
463 3385 521 3418 sera
545 3370 699 3419 renverse'...
724 3369 881 3431 Quiconquc
904 3373 946 3418 est
969 3369 1101 3430 persuade
1126 3367 1226 3430 qu'une

216 3445 320 3492 sagesse
338 3432 429 3479 divine
443 3433 467 3480 16
485 3446 627 3493 gouverne,
639 3435 667 3479 et
679 3430 759 3494 qu'un
777 3433 877 3479 conscit
889 3431 1033 3478 immuable
1046 3432 1070 3478 16
1084 3431 1198 3478 conduit
1212 3431 1227 3478 al

215 3507 266 3539 une
279 3493 314 3539 fin
329 3494 463 3552 eternelle,
478 3493 534 3541 rien
547 3508 580 3541 ne
592 3495 629 3540 lui
647 3496 734 3555 parait
747 3495 773 3540 ni
785 3494 868 3553 grand
879 3495 905 3540 ni
918 3493 1025 3540 terrible
1038 3507 1091 3554 que
1106 3507 1136 3539 ce
1151 3493 1197 3554 qui
1212 3508 1227 3540 a

215 3555 328 3624 relation
341 3556 356 3602 a
369 3554 500 3602 l'dternite
512 3555 755 3625 ».-7Vei1iet.Cl.
768 3555 914 3624 ¹Tertullien
927 3555 1061 3662 (Apolopq
1070 3554 1109 3616 11)
1124 3568 1129 3600 :
1145 3573 1156 3597 a
1175 3553 1227 3610 Qui
1305 3595 1306 3600 ,

215 3628 286 3670 enim
301 3615 383 3662 semel
397 3617 537 3663 aeternum
550 3616 689 3679 Judrotum
706 3617 850 3663 destinavit
864 3617 926 3678 post
944 3631 1020 3662 saecu
1037 3631 1044 3661 ι
1060 3614 1151 3676 finem,
1172 3631 1226 3662 non
1258 3673 1260 3676 Ι

215 3675 375 3736 praecipitat
399 3675 588 3724 discretionem
611 3695 632 3725 a.
655 3703 685 3712 —
704 3675 874 3727 Passionis
895 3696 926 3719 =
945 3690 1038 3724 eorum
1059 3690 1129 3738 quae
1152 3675 1227 3738 passi

219 3747 322 3782 eamus.

638 3878 794 3929 -492-
