2696 4244
409 121 412 127 ¹
486 129 698 190 CHAPITRE
727 131 771 189 lll

493 266 498 280 .
545 227 711 290 (Caputffl.)

245 361 417 402 MONUMENTS
431 363 557 402 Puetlcs.
574 379 609 386 -
625 362 811 403 SPECTACLES.
823 377 861 388 -·
877 364 1007 409 CIRQUES.

132 439 183 502 (De
203 437 327 487 Publicis
340 439 530 504 Monumentie.
545 467 576 476 -
592 440 630 488 De
647 435 819 502 Spectaculis.
838 465 868 476 -
885 439 923 487 De
939 439 1132 505 Circensibus.)

131 579 443 639 162.Fondat10n
468 583 515 638 clu
541 581 675 652 temple
700 591 745 638 oe
768 582 916 652 Jupiter
939 581 1130 651 capitolin.

353 667 512 732 (Capitolini
523 668 596 717 Jovis
615 669 744 732 tempium
760 669 907 732 conditur.)

166 785 251 842 Inter
262 784 415 864 principia
431 784 585 844 condendi
603 785 695 864 hujus
709 786 811 864 operis
828 785 982 844 movisse*
1000 783 1131 845 numen*
1147 785 1187 848 3⁰

126 881 166 939 ad
187 881 383 940 indicandam
407 883 485 940 tanti
512 881 633 961 imperii
655 881 766 940 molem
787 882 919 940 traditur
940 881 1034 951 deos;
1060 902 1130 939 nam

122 998 196 1036 cum
208 979 346 1036 omnium
359 978 542 1036 sacellorum
556 979 1128 1056 exaugurationes*aduritterentaveS‚

122 1075 157 1132 in
173 1075 307 1133 Termini
324 1075 396 1133 fano
410 1095 471 1134 non
486 1074 669 1145 addixere*;
691 1075 784 1154 idque
798 1096 887 1133 omen
906 1076 1130 1156 auguriumque

123 1172 169 1230 ita
193 1178 353 1250 acceptum
376 1179 433 1244 est,
462 1192 523 1229 non
548 1180 664 1230 motam
687 1172 823 1230 Termini
841 1172 944 1230 sedem
973 1193 1130 1251 unumque
1188 1241 1190 1250 Ι

126 1288 202 1326 eum
218 1267 346 1328 deorum
361 1290 422 1327 non
438 1275 600 1329 evocatum
617 1269 742 1326 sacratis
762 1269 820 1328 sibi
838 1269 951 1327 finibus
969 1269 1055 1326 firma
1068 1277 1130 1327 sta-

25 1435 26 1438 *
122 1365 262 1445 biliaque
284 1373 396 1427 cuncta
417 1365 612 1444 portendere.
634 1365 701 1423 Hoc
730 1365 945 1444 perpetuitatis
972 1365 1130 1444 auspicio*

120 1469 265 1540 accepto,
288 1470 426 1520 secutum
440 1461 524 1522 aliud
546 1461 790 1540 magnitudinem
807 1462 926 1541 imperii
943 1462 1130 1540 portendens

25 1561 27 1570 '
123 1559 304 1639 prodigium
315 1567 362 1617 est
377 1578 383 1618 :
396 1566 489 1638 eaput
501 1558 669 1618 humanum
684 1559 802 1636 integra
812 1562 823 1584 *
833 1559 911 1617 lacie
923 1558 1130 1637 aperientibus

25 1647 27 1670 ¹
119 1655 327 1714 fundamenta
346 1655 453 1735 templi
473 1655 587 1714 dicitur
610 1656 799 1734 apparuisse.
815 1656 888 1722 Quae
909 1656 972 1713 visa
994 1657 1129 1734 species*

122 1761 211 1820 baud
232 1781 287 1840 per
310 1761 454 1838 ambages
478 1781 579 1819 arcem
600 1764 689 1819 eam*
708 1762 827 1840 imperii
854 1770 1008 1840 caputque
1028 1782 1138 1819 rerum*

119 1861 190 1918 sore
219 1857 434 1936 portendebat,
463 1857 557 1937 idque
580 1858 621 1916 ita
650 1859 807 1916 cecinere*
828 1865 925 1928 vateS,
954 1858 1069 1937 quique
1097 1858 1129 1916 in

123 1956 212 2014 Urbe
250 1961 347 2026 erant,
380 1975 519 2034 quosque
550 1955 588 2013 ad
613 1975 680 2013 eam
705 1976 767 2013 rem
806 1955 1062 2014 consultandam*
1093 1977 1130 2014 ex

120 2052 249 2112 Etruria
267 2048 452 2112 acciverant.
467 2051 647 2128 Augebatur
662 2051 700 2109 ad
713 2053 885 2131 impensas*
901 2053 980 2130 regis
996 2053 1127 2114 animus.

123 2151 238 2228 ltaque
260 2147 453 2207 Pometinae*
479 2149 632 2206 manubiae
642 2152 664 2220 *‚
693 2169 760 2228 quae
781 2149 978 2228 perducendo
1002 2149 1040 2207 ad
1065 2149 1129 2207 cul-

119 2266 198 2306 men
227 2245 311 2326 operi
336 2245 496 2304 destinatae
521 2253 618 2317 erant,
646 2246 698 2302 vix
716 2246 746 2303 in
762 2246 964 2304 fundamenta
986 2247 1130 2326 suppedi-

122 2352 246 2403 tavere.
284 2343 421 2400 Intentus
459 2342 645 2422 perficiendo
689 2342 816 2421 templo,
854 2343 946 2401 labris
994 2344 1129 2422 undique

117 2462 164 2499 -ex
181 2438 306 2497 Etruria
322 2438 440 2511 accitis,
456 2459 517 2497 non
538 2439 669 2518 pecunia
685 2439 783 2497 solum
801 2438 839 2498 ad
863 2440 893 2497 id
917 2440 1060 2518 publica*
1083 2450 1130 2499 est
1222 2461 1224 2466 ’

118 2557 210 2607 nsua,
230 2535 283 2593 sed
299 2535 400 2614 operis
412 2536 504 2599 etiam
521 2535 672 2615 explebe.

150 2671 198 2722 N⁰
219 2670 283 2721 162
304 2684 309 2718 ε
329 2669 483 2730 Movisse,
504 2671 660 2718 manifester
679 2673 926 2719 exterieurement:
948 2673 1011 2720 c’est
1030 2674 1054 2720 le
1075 2680 1129 2725 mot

114 2732 311 2784 sacramentel.
326 2732 365 2778 Cf.
379 2752 389 2774 ιι
403 2731 547 2796 religiones
560 2732 730 2780 commovisse
741 2748 767 2780 se
777 2733 904 2780 uidentur
918 2753 928 2775 n
941 2733 1005 2796 (Cic.
1019 2735 1074 2782 Mil.
1088 2741 1126 2796 31,

117 2798 171 2859 85).
188 2821 219 2829 -
233 2793 358 2843 Numen
374 2794 469 2855 (meme
482 2795 571 2841 racine
582 2809 633 2857 que
647 2796 736 2850 nutus,
751 2795 848 2856 adnuo)
864 2811 869 2842 :
883 2797 1081 2844 manifestation
1095 2798 1128 2843 de

114 2862 143 2907 la
162 2856 309 2929 puissance
326 2855 424 2902 divine.
443 2883 472 2890 -
485 2855 774 2917 Exaugurationes
788 2857 880 2918 (conge
895 2873 928 2904 en
945 2859 1037 2915 forme,
1052 2859 1128 2904 secu-

115 2916 285 2979 larisation],
300 2917 325 2963 le
340 2918 474 2965 contraire
489 2919 521 2965 de
538 2917 719 2981 inauguratio,
734 2918 893 2978 (ceremonia
907 2921 951 2980 qui
969 2935 984 2966 a
998 2935 1067 2980 pour
1079 2921 1128 2966 but

115 2985 151 3030 de
175 2981 316 3026 constater
329 2993 380 3039 que
393 2979 431 3025 les
447 2980 527 3026 dieux
539 2979 647 3040 agreent
660 2995 710 3026 une
723 2994 855 3040 personne
869 2995 903 3027 ou
917 2997 968 3028 une
981 2982 1079 3044 chose).
1094 2983 1127 3028 La

112 3046 216 3093 statue
241 3040 273 3086 dc
297 3040 322 3086 la
343 3040 471 3088 Jeuuesse
492 3041 581 3089 retusa
603 3043 635 3089 de
660 3041 739 3088 ceder
757 3042 781 3087 la
802 3043 876 3102 place
896 3043 910 3089 d
931 3043 1044 3103 Jupiter,
1069 3047 1127 3090 tout

112 3117 232 3154 comme
244 3101 309 3148 celle
323 3103 358 3148 du
372 3103 432 3150 dieu
448 3102 550 3150 Terme.
567 3105 615 3150 Les
632 3103 758 3150 Romains
772 3118 803 3148 en
815 3105 970 3151 conclurent
982 3120 1033 3165 que
1045 3105 1127 3152 Rome

113 3165 207 3217 serait
227 3161 355 3210 eternelle
378 3167 405 3211 et
424 3179 457 3211 ne
473 3166 615 3212 reculcrait
631 3165 735 3225 jamnis.
757 3191 786 3198 —
804 3164 968 3214 Addixere
991 3185 1022 3207 ε
1043 3166 1128 3213 adnit-

109 3242 185 3279 seru
192 3226 231 3272 ni.
243 3251 272 3258 -
285 3223 442 3287 Auspicio
461 3241 466 3273 :
481 3227 514 3272 ici
527 3226 552 3274 la
566 3227 761 3273 mauit'cstation
776 3226 845 3272 dela
859 3228 967 3275 volonte
979 3229 1025 3274 des
1038 3229 1126 3277 dieux.

112 3320 145 3329 ..
159 3287 308 3346 Integre.
324 3298 329 3332 ἱ
344 3290 413 3334 cette
426 3289 481 3334 tete
495 3288 560 3334 etait
573 3287 761 3348 pariaitcment
776 3288 929 3335 conscrvee.
943 3316 973 3323 -
986 3289 1127 3351 Species,

109 3347 253 3416 explique
263 3347 482 3409 parapparuisse.
493 3349 531 3395 Cf.
542 3349 688 3404 Tite-Line,
697 3349 728 3405 V,
737 3352 773 3395 et.
785 3349 939 3399 —Eamz
950 3350 995 3398 ibi.
1006 3379 1035 3386 —
1043 3351 1130 3401 Ceci-

110 3424 212 3469 nere‚
232 3423 313 3470 parce
331 3425 381 3470 que
394 3411 432 3456 lcs
445 3411 546 3457 eracles
561 3410 686 3471 primitiis
699 3410 798 3457 etaient
813 3426 845 3458 en
863 3427 932 3460 vers.
950 3439 980 3446 -
996 3413 1128 3463 Consul-

109 3474 267 3530 tantiam
286 3489 316 3512 =
335 3471 363 3516 ut
385 3471 416 3518 de
445 3486 473 3518 ea
498 3487 525 3518 re
551 3471 760 3519 consultaretur.
780 3499 809 3506 -
835 3474 1012 3535 Impensas‚
1035 3479 1126 3522 s-ent.

106 3533 274 3604 faciendas.
288 3557 318 3590 τ-
330 3532 515 3589 Pometinae,
529 3535 560 3579 de
575 3533 702 3589 Pometia,
715 3534 776 3580 ville
793 3534 839 3580 des
850 3536 990 3595 Volsqucs‚
1002 3539 1128 3597 conquise

130 3618 165 3651 ar
181 3593 315 3655 Tarquin.
332 3619 361 3628 —-
377 3594 555 3654 Manubiae,
568 3595 677 3654 produit
689 3595 756 3642 dela
769 3600 848 3642 vente
865 3597 900 3641 du
918 3597 1008 3655 butin3
1027 3599 1128 3660 prada,

107 3621 239 3715 sthutin
252 3670 284 3702 en
299 3657 400 3703 nature.
414 3683 443 3690 -
457 3656 596 3706 Publica
612 3671 616 3703 ε
631 3657 654 3703 le
667 3671 767 3703 revenu
781 3658 827 3703 des
840 3657 978 3720 uectigalia
997 3674 1001 3706 :
1021 3660 1044 3705 la
1058 3661 1127 3706 (lime

32 3732 38 3749 ·
103 3731 144 3777 dg
167 3721 264 3784 l'nper
279 3715 408 3780 publicus
427 3718 501 3779 (Voir
518 3733 551 3764 au
571 3719 675 3780 lenique
693 3733 791 3780 pascua
809 3718 936 3780 publiea),
953 3722 991 3766 les
1010 3722 1128 3768 doiianes

104 3779 279 3857 (portoria),
294 3779 333 3826 les
345 3779 505 3826 redevanccs
518 3782 565 3826 des
578 3782 662 3827 uiines
679 3786 705 3827 ct
723 3781 849 3827 carricrcs
864 3781 918 3843 gjus
938 3784 1127 3838 metallorum).

551 3888 654 3940 —l63
690 3915 706 3928 -
