2756 4238
332 169 415 228 281.
435 171 508 228 Ite,¹
527 171 769 240 regislateurs
782 171 838 226 les
853 171 937 238 plus
957 171 1125 226 celebres

587 260 631 315 de
651 256 870 326 l’antiquite'.

365 352 413 416 (De
423 353 609 403 celeberrimis
621 354 692 402 inter
703 353 830 417 antiquos
845 341 1093 418 legumlatoribus.)

6 429 8 456 t

6 457 8 486 t

6 509 7 532 i

171 435 211 501 2⁰
265 459 498 518 Vetustissimi*
520 461 707 532 mortalium,
730 459 814 519 nulla
837 460 958 519 adhuc*
987 458 1067 518 mala
1090 459 1230 530 libidine,

226 556 292 615 sine
315 557 439 636 probro,
464 557 588 629 scelere,
610 578 707 636 eoque
725 558 791 616 sine
806 577 898 636 poena
918 563 971 615 aut
992 556 1232 615 coercitionibus

226 653 359 731 agebant
382 672 389 714 :
413 675 512 734 neque
529 654 662 733 praemiis
680 674 758 733 opus
776 662 852 727 erat,
877 674 945 712 cum
970 653 1099 711 honesta
1121 661 1232 732 suopte

225 749 370 830 ingenio*
393 758 582 830 peterentur,
605 758 646 824 et,
672 749 724 808 ubi
752 751 829 809 nihil
856 759 964 810 contra
988 751 1123 808 morem*
1138 769 1233 828 cupe-

225 850 326 922 rent*,
349 847 425 906 nihil
453 869 507 928 per
530 855 648 907 metum
668 848 863 907 vetabantur.
890 849 933 906 At
953 855 1117 928 postquam
1143 848 1232 904 exui*

226 945 396 1024 aequalitas,
418 952 449 1004 et
461 966 516 1024 pro
539 946 690 1005 modestia
704 966 738 1004 ac
754 946 873 1024 pudore
891 945 1018 1004 ambitio
1034 951 1065 1002 et
1087 943 1133 1002 vis
1149 945 1233 1002 ince-

227 1039 347 1114 dehut‘,
365 1061 534 1120 provenere
550 1041 787 1112 dominationes,
804 1041 981 1122 multosque
997 1039 1078 1120 apud
1099 1040 1232 1120 populos

226 1145 375 1196 aeternum
397 1158 547 1197 mansere.
570 1138 700 1205 Quidam
726 1139 840 1212 statim,
858 1146 911 1198 aut
932 1145 1098 1217 postquam
1123 1157 1231 1214 regum

226 1243 400 1314 pertaesum,
413 1235 495 1312 leges
510 1235 714 1293 maluerunt*.
729 1235 784 1293 Hae
798 1236 908 1316 prim0,
926 1235 1054 1293 rudibus
1071 1235 1232 1293 hominum

227 1331 346 1402 animis,
366 1332 519 1411 simplices
542 1339 639 1401 crant,
662 1333 856 1412 maximeque
874 1332 955 1392 fama
974 1330 1233 1401 celebravit'Cre-

226 1429 370 1499 tensium,
396 1449 471 1509 quas
500 1428 614 1499 Minoe,
642 1429 874 1508 Spartanorum,
900 1450 975 1510 quas
1000 1430 1170 1508 Lyeurgus,
1197 1448 1233 1485 ac

226 1527 318 1584 mox*
337 1527 579 1586 Atheniensibus
602 1525 796 1604 quaesitiores
814 1526 879 1605 jam
902 1534 932 1584 et
950 1526 1053 1604 plures
1071 1525 1143 1584 Solo
1163 1545 1233 1604 per-

227 1623 360 1702 scripsit.
378 1623 535 1694 Romame,
548 1631 583 1681 ut
598 1622 730 1690 libitum,
744 1622 894 1682 Romulus
904 1623 1150 1702 imperitaverat;
1160 1621 1233 1680 dein

228 1719 326 1778 Numa
341 1719 542 1796 religionibus
553 1741 588 1779 ac
602 1720 709 1778 divino
718 1721 787 1799 jure
803 1719 952 1799 populum
968 1719 1117 1790 devinxit,
1130 1738 1233 1797 reper-

226 1821 318 1894 taque
336 1814 477 1894 quaedam
499 1837 515 1874 a
537 1817 626 1874 Tullo
651 1823 681 1874 et
710 1819 814 1888 Anco;
832 1816 885 1874 sed
907 1816 1082 1895 praecipuus
1105 1815 1232 1873 Servius

226 1911 345 1969 Tullius
362 1919 485 1971 sanctor
509 1913 608 1991 legum
633 1913 702 1984 suit,
720 1913 790 1991 quis
805 1913 909 1990 reges*
927 1914 1017 1970 etiam
1041 1912 1233 1991 obtempera-

227 2016 306 2068 rent.
325 2008 417 2068 Pulso
432 2010 611 2088 Tarquini0,
628 2010 791 2068 adversum
810 2018 932 2088 patrum
950 2009 1120 2068 sactiones*
1135 2007 1233 2067 multa

227 2105 360 2185 populus
377 2107 508 2185 paravit,
527 2107 648 2166 tuendae
678 2105 852 2165 libertatis*
876 2113 907 2170 et
921 2105 1081 2164 firmandae
1105 2125 1233 2164 concor-

227 2203 297 2274 diae,
315 2203 469 2283 creatique
483 2202 660 2273 decemviri,
684 2211 715 2262 et
729 2203 834 2264 accitis
853 2224 920 2283 quae
944 2223 1072 2283 usquam
1097 2195 1231 2278 egregia,

227 2300 407 2377 compositae
436 2299 600 2358 duodecim
631 2300 785 2374 Tabulae*,
816 2300 905 2359 finis*
931 2301 1011 2380 aequi
1032 2298 1122 2379 juris.
1150 2299 1232 2362 Nam

227 2395 309 2472 leges
348 2403 472 2470 secutae,
503 2398 560 2455 etsi
591 2397 757 2477 aliquando
788 2398 818 2456 in
849 2398 1003 2456 malelicos
1036 2417 1073 2454 ex
1105 2394 1231 2466 delicte,

227 2493 339 2571 saepius
361 2500 465 2552 tamen
487 2493 678 2552 dissensione
694 2493 848 2567 ordinum,
864 2495 1040 2564 ambitione,
1056 2492 1176 2572 aliaque
1191 2491 1233 2550 ob

227 2610 333 2669 prava,
361 2611 415 2670 per
435 2591 497 2648 vim
521 2590 600 2650 latae
623 2581 710 2663 sunt,
732 2598 773 2662 et,
800 2589 1032 2670 corruptissima
1060 2588 1219 2669 republica

228 2683 367 2763 plurimae
383 2684 465 2761 leges
475 2684 497 2742 *.

258 2814 650 2874 N⁰281:Vetustissimi,
671 2831 704 2864 au
723 2817 774 2863 lieu
793 2817 825 2862 de
848 2815 994 2864 veterrimi.
1008 2814 1180 2876 Comparezd
1201 2829 1232 2861 ce

227 2877 335 2924 tableau
349 2878 381 2924 de
394 2877 555 2925 l'innocence
571 2878 705 2939 primitive
718 2879 820 2936 Platon,
831 2877 901 2937 Loir,
915 2878 983 2925 livre
995 2876 1043 2938 111,
1057 2880 1085 2924 et
1099 2875 1231 2937 seneque,

227 2940 307 2987 lettre
318 2944 355 2986 90.
372 2965 401 2973 -
412 2937 529 2988 Adhuc
541 2959 571 2982 =
583 2939 663 2986 ctiam
677 2941 742 2988 tum.
756 2967 783 2976 -
796 2939 928 3001 Ingenio
940 2939 1041 2986 semble
1051 2953 1079 2985 se
1091 2953 1119 2984 ra
1140 2940 1233 2998 porter

228 3002 242 3048 d
252 3001 387 3057 mortales,
395 3000 466 3061 sujet
473 3001 578 3062 legique
585 3001 648 3048 dela
657 3002 760 3062 phrase,
769 3002 856 3063 plutot
864 2999 923 3062 qu'd
932 3001 1051 3049 honesta.
1059 3027 1087 3035 -
1132 3011 1232 3058 orem,

228 3062 293 3110 c'est
312 3063 337 3110 la
354 3063 476 3124 pratique
493 3075 580 3120 recue,
600 3077 650 3124 que
665 3063 690 3110 la
706 3064 742 3110 loi
755 3067 782 3110 et
795 3063 819 3110 la
834 3063 933 3110 morale
951 3065 1017 3110 vont
1034 3075 1183 3109 consecrer.
1202 3087 1233 3095 -

228 3125 401 3186 cuperent,
418 3123 568 3185 subjonctis
579 3125 611 3171 de
623 3123 775 3187 repetition.
796 3124 932 3184 —Exui,
954 3123 1067 3171 infinitis
1087 3123 1120 3169 de
1144 3136 1233 3170 narra·

228 3188 284 3234 tion
299 3201 364 3234 avec
381 3200 433 3233 une
455 3186 626 3248 conj0nction
648 3202 653 3234 :
671 3186 795 3248 frequent
810 3187 872 3233 chez
889 3187 980 3234 Tacite
994 3186 1069 3248 (avec
1085 3183 1141 3242 ubi,
1161 3199 1232 3244 rum,

247 3249 390 3312 estquamt.
410 3274 441 3282 —
458 3247 637 3298 Incedebat
656 3268 686 3291 =
707 3247 894 3312 grassabatur.
920 3275 949 3283 —
971 3246 1172 3302 Maluerunt,
1191 3245 1230 3294 Cf.

251 3311 354 3369 ucrece,
372 3309 406 3369 V,
420 3314 488 3357 1135.
504 3336 530 3344 -
544 3310 592 3360 Ac
609 3322 713 3358 mox...
728 3310 895 3358 anacoluthe.
910 3339 939 3344 -
950 3311 1059 3372 Reges
1074 3323 1079 3356 :
1094 3311 1183 3355 tontes
1193 3308 1232 3353 les

228 3371 278 3439 lois
297 3373 329 3418 de
350 3372 375 3419 la
394 3371 503 3433 periode
524 3386 553 3418 ro
574 3372 613 3418 ale
630 3371 712 3480 qleqes
730 3371 829 3479 replete)
851 3375 898 3419 ont
917 3371 959 3419 c'te
977 3371 1188 3440 ccdific'esudans
1207 3369 1232 3415 le

225 3447 273 3494 Jus
290 3433 475 3495 Papirianum.
495 3460 526 3468 —
575 3434 631 3482 aot
644 3445 730 3482 ones.
778 3448 793 3480 a
813 3434 936 3481 noblesse
959 3434 1030 3481 seule
1054 3434 1127 3480 avait
1148 3430 1231 3491 gnane

229 3493 409 3555 dl'expulsion
422 3496 469 3542 des
477 3495 539 3542 rois.
549 3495 621 3542 Pour
632 3494 658 3541 la
670 3495 748 3555 plebe
761 3496 816 3541 ricn
830 3495 922 3543 n'etait
932 3494 1040 3556 change.
1054 3497 1094 3540 Au
1106 3493 1158 3539 lien
1170 3491 1231 3538 d'un

229 3557 278 3614 roi,
293 3557 341 3602 elle
355 3571 387 3602 en
398 3557 471 3604 avait
484 3557 561 3616 deux,
576 3571 608 3603 en
627 3555 652 3603 la
669 3571 800 3617 personne
819 3559 865 3604 des
887 3558 955 3604 deux
974 3556 1090 3614 consuls,
1110 3555 1232 3615 tonjours

229 3619 327 3664 choisis
350 3619 434 3679 parmi
447 3617 485 3664 les
503 3619 654 3678 patriciens.
674 3645 703 3652 -
720 3617 913 3678 Libertatis,
934 3619 1028 3680 genitis
1046 3619 1078 3664 de
1098 3631 1186 3663 cause.
1204 3642 1232 3650 -

229 3678 388 3736 Tabulae,
406 3680 464 3726 voir
483 3679 630 3735 Tite-Live,
651 3678 697 3738 ΙΙΙ,
717 3683 809 3738 31-31;
823 3685 850 3726 ct
869 3680 1065 3740 Montesquieu,
1080 3678 1174 3741 Esprit
1186 3677 1233 3725 des

229 3739 298 3798 Lois,
314 3741 359 3796 VI,
372 3744 408 3786 15.
423 3767 452 3774 -
464 3739 562 3788 Finis.
577 3740 669 3786 Tacite
682 3744 746 3788 veut
760 3742 877 3802 direque
891 3756 920 3787 ce
934 3742 974 3788 fut
987 3743 1009 3787 lc
1023 3740 1129 3786 dernier
1138 3754 1233 3786 monu-

230 3806 303 3848 ment
314 3801 439 3862 legislatif
449 3801 529 3847 ionde'
540 3816 585 3846 sur
596 3799 712 3861 l‘dquite.
726 3829 756 3836 -
775 3803 879 3864 Leges
893 3816 898 3848 ε
915 3802 1011 3863 pensee
1022 3802 1162 3862 prol'onde.

654 3929 808 3982 -esi-
