2698 4242
415 179 450 235 9.
469 179 638 236 Incendie
652 182 697 236 de
710 183 821 236 Rome
834 193 906 249 par
918 180 1051 237 Heron.

395 317 518 380 (labente
531 319 645 370 Nerone.
656 320 737 367 Roma
751 319 875 367 incendio
887 320 1075 380 eonsumitur.)

177 495 219 558 θ’
273 498 357 556 Nero
370 519 426 556 nee
442 498 559 577 populo
574 519 630 556 nec
647 498 801 556 moenibus
817 498 923 576 patriae
940 499 1089 578 pepercit.
1108 499 1238 558 Dicente
1323 535 1324 538 =

233 595 368 675 quodam
380 595 410 652 in
423 616 563 652 sermone
578 595 748 653 communi'
761 614 767 653 :
780 621 793 648 a
811 595 861 653 lle
872 604 1005 666 mortuo,
1019 604 1098 654 terra
1109 596 1239 655 miscea-
1324 629 1325 632 =

234 701 286 751 tur
307 693 396 769 igni'.
421 727 461 735 —
483 693 591 757 laima,
616 693 727 770 inquit.
754 713 802 750 me
823 693 958 750 vivente.
977 719 991 746 n
1018 692 1171 771 Planeque
1196 694 1238 752 ita

234 790 329 859 lecit;
352 810 435 862 narn,
454 790 541 868 quasi
564 790 698 847 ollensus
717 790 912 847 deformitate
935 799 1072 848 veterum
1094 791 1239 848 aedificio-

234 909 302 946 rum
314 895 344 944 el
355 887 505 963 angustiis
516 887 702 965 flexurisque
717 888 881 953 vicorum'.
895 887 1045 944 incendit*
1057 888 1162 945 urbem
1177 897 1238 945 tam

234 984 334 1063 palam
346 993 379 1041 ut
390 984 528 1062 plerique
538 983 726 1042 consulares¹
741 983 946 1042 cubicularios
956 984 1033 1063 ejus
1046 1005 1114 1042 eum
1127 993 1238 1064 stuppa

235 1082 375 1159 taedaque
402 1081 433 1138 in
456 1081 579 1159 praediis
600 1081 663 1138 suis
687 1080 905 1158 deprehensos,
934 1101 995 1138 non
1020 1082 1190 1158 attigerint,
1210 1091 1240 1140 et

234 1179 376 1260 quaedam
404 1179 513 1236 horrea
538 1178 617 1235 circa
642 1177 774 1236 Domum
793 1192 929 1245 auream,
953 1199 1084 1256 quorum
1105 1178 1239 1256 spatium

235 1277 368 1335 maxime
389 1275 606 1340 desiderabat'.
634 1274 751 1332 bellicis
773 1275 923 1332 machinis
942 1274 1124 1333 labefactata
1147 1283 1241 1356 atque

236 1375 425 1432 inflammata
440 1373 512 1437 sint,
535 1372 617 1450 quod
640 1392 732 1430 saxeo
754 1392 842 1428 muro
864 1380 1042 1431 constructa
1063 1380 1160 1431 erant.
1184 1373 1243 1431 Per

235 1492 288 1529 sex
303 1470 368 1527 dies
383 1478 562 1548 septemque
578 1477 684 1526 noctes
698 1489 732 1526 ea
748 1468 834 1542 clade
848 1469 989 1526 saevitum
1006 1477 1063 1537 est,
1079 1469 1116 1527 ad
1131 1490 1243 1529 monu-

236 1577 410 1626 mentorum
420 1567 642 1643 bustorumque
655 1565 829 1624 deversoria
844 1565 932 1644 plebe
946 1567 1128 1645 compulsa*.
1141 1568 1241 1642 Tunc,

236 1673 349 1744 praeter
363 1665 545 1721 immensum
563 1684 723 1721 numerum
734 1663 930 1734 insularum'.
945 1663 1058 1755 domus
1069 1664 1242 1742 priscorum

235 1763 350 1820 ducum
369 1768 520 1823 arserunt.
543 1760 706 1819 hostilibus
724 1759 824 1823 adbuc
843 1759 950 1838 spoliis
968 1760 1135 1832 adornataeff
1159 1761 1242 1820 Deo-

237 1879 367 1938 rumque
391 1857 472 1915 redes
496 1858 533 1914 ab
558 1857 693 1934 regibus,
720 1877 754 1914 ac
772 1857 883 1914 deinde
906 1856 1031 1914 Punicis
1055 1865 1085 1916 et
1111 1857 1241 1917 Gallicis

237 1956 324 2014 bellis
351 1964 431 2013 votae
461 1954 683 2033 dedicataque,
714 1962 744 2012 et
776 1953 927 2032 quidquid
958 1954 1119 2012 visendum
1148 1963 1243 2035 atque

237 2052 436 2110 memorabile
459 2073 496 2109 ex
520 2051 903 2130 antiquitatednraverat'.
932 2051 1000 2110 Hoc
1025 2052 1199 2110 incendium
1226 2075 1243 2112 e

237 2159 321 2208 turre
342 2150 564 2207 Maecenatiana
587 2149 668 2206 Nero
691 2150 915 2228 prospectans,
933 2148 1082 2228 laetusque
1097 2149 1240 2222 flamma,

238 2256 271 2306 ut
296 2245 407 2311 aiebat,
431 2245 673 2325 pulchritudine,
700 2247 819 2303 ruinani
837 2245 884 2302 llii
907 2246 938 2302 in
965 2245 1018 2303 illo
1035 2266 1091 2304 suo
1109 2247 1242 2305 scaenico

237 2344 345 2401 habitu
360 2343 548 2402 decantavit.

268 2502 345 2552 N⁰e
370 2515 377 2550 τ
401 2502 554 2551 Sermone
573 2502 742 2551 communi.
766 2501 875 2562 Oppose
900 2502 915 2548 a
941 2515 1028 2548 sermo
1049 2503 1176 2549 secretus.
1200 2503 1241 2550 Ct.

239 2565 361 2614 Petrone.
372 2564 514 2612 Satiricon.
531 2569 581 2610 113.
595 2591 624 2598 —
636 2563 714 2625 Ignl.
730 2562 799 2610 C'est
813 2563 836 2609 le
849 2567 904 2610 mot
915 2564 948 2610 de
959 2564 1039 2610 Louis
1049 2564 1098 2610 XV
1112 2578 1117 2609 :
1131 2583 1141 2604 ιι
1154 2565 1243 2625 Apres

238 2628 301 2677 mcii.
318 2627 340 2672 le
354 2627 447 2683 deluee
458 2649 477 2672 υ.
490 2627 529 2671 Cl.
544 2626 663 2674 Ciceron.
674 2626 705 2671 de
717 2625 785 2674 Fi'n..
803 2625 849 2676 ul.
867 2630 893 2670 19
903 2640 910 2672 ;
920 2625 1050 2685 Seneque.
1064 2625 1195 2684 deClem.‚
1207 2625 1241 2680 11,

238 2695 261 2736 2.
278 2715 305 2723 -
320 2687 483 2736 Vicorum.
501 2689 609 2744 rancces
623 2689 655 2732 de
666 2688 782 2732 maisons
793 2687 837 2747 qui
850 2687 964 2733 bordent
975 2687 1012 2732 les
1023 2701 1083 2732 rues
1094 2688 1126 2732 de
1139 2687 1243 2748 chaque

239 2751 309 2796 cote.
326 2749 392 2794 Voir
402 2765 471 2809 pour
485 2754 542 2796 tout
556 2751 610 2795 ceci
625 2749 648 2794 la
664 2751 769 2794 version
786 2764 808 2793 n·
825 2751 873 2794 a'et
889 2749 926 2794 les
942 2754 1027 2794 notes.
1041 2775 1070 2782 -
1081 2748 1240 2798 Incendit.

238 2813 330 2858 Tacite
357 2815 435 2858 Ana..
451 2810 508 2858 XV.
531 2816 560 2854 So
594 2810 658 2857 n'est
680 2826 727 2871 pas
747 2813 817 2856 aussi
840 2811 977 2857 alllrniatil
994 2825 1040 2856 sur
1058 2814 1098 2856 cet
1119 2811 1242 2857 incendic

238 2875 283 2934 qui
304 2874 403 2918 disora
423 2873 467 2918 dix
491 2873 537 2918 des
556 2877 680 2932 quotorze
695 2873 826 2932 quartiers
845 2873 878 2918 de
900 2872 982 2918 Rome
1008 2875 1035 2917 ot
1056 2872 1133 2932 apres
1151 2871 1240 2934 J.-C):

239 2957 250 2976 o
263 2934 393 2997 Sequitur
405 2934 502 2980 clades.
516 2935 594 2992 sorte,
608 2949 640 2980 an
655 2935 716 2980 dolo
731 2934 874 2996 principis.
893 2934 1025 2979 incertum
1045 2953 1065 2979 a.
1082 2960 1110 2971 ψ-
1125 2932 1242 2983 Consu-

238 2997 338 3045 lares.
357 2995 407 3042 Ccs
427 2996 589 3041 consulaires
611 2995 731 3042 laisaient
755 3011 817 3042 sans
838 2997 920 3042 doute
940 2997 1024 3057 partie
1046 2995 1078 3040 de
1093 2995 1117 3040 la
1136 2997 1242 3056 conspi-

239 3059 325 3104 ration
342 3059 374 3102 de
389 3058 477 3104 Pison.
492 3062 516 3103 et
530 3059 635 3104 avaient
650 3059 746 3104 inti-ret
762 3060 776 3104 a
790 3059 879 3104 rainer
893 3058 918 3103 la
932 3056 1081 3118 popularite'·
1094 3057 1126 3102 de
1142 3056 1241 3104 Neron.

240 3119 303 3166 L'un
318 3118 393 3164 d‘eux
409 3119 531 3179 repondit
548 3121 562 3165 a
575 3120 663 3165 Neron
681 3134 686 3165 :
699 3141 710 3160 «ι
724 3121 755 3166 dc
767 3123 793 3166 te
804 3120 870 3166 bais.
883 3134 960 3181 parce
971 3133 1022 3178 que
1033 3123 1060 3164 tu
1071 3133 1099 3164 cs
1110 3118 1242 3178 parricide

239 3187 264 3227 et
285 3182 455 3226 incendiaire.
472 3202 482 3221 n
509 3181 547 3227 Cf.
564 3181 664 3228 Tacite.
678 3184 758 3228 Ana..
773 3182 831 3230 XT.
847 3186 892 3230 ot:
915 3181 1001 3228 Stace.
1015 3180 1087 3228 Situ..
1104 3179 1135 3229 ΙΙ,
1155 3181 1191 3229 u.
1212 3207 1242 3215 -—

239 3241 472 3300 Desiderabat‚
489 3258 556 3302 pour
569 3243 607 3288 les
622 3257 699 3303 pares
712 3249 736 3290 ct
755 3244 791 3289 les
808 3243 951 3290 batinients
968 3243 1043 3288 desa
1059 3241 1161 3289 blaison
1175 3240 1242 3290 d'or.

238 3331 269 3339 —
286 3302 469 3364 Compulsa.
482 3303 521 3352 Cf.
537 3305 636 3353 Tacite,
653 3307 732 3354 Ana..
748 3306 805 3354 XV.
821 3310 859 3351 39.
872 3331 898 3338 —
911 3304 1105 3359 Insularum,
1127 3317 1243 3365 groupes

240 3366 273 3411 de
294 3367 412 3411 maisons
434 3367 580 3426 contiguls.
603 3367 715 3413 formant
739 3366 874 3413 ensenible
889 3380 940 3412 une
961 3366 1056 3426 espece
1075 3365 1108 3410 de
1127 3365 1188 3414 cite.
1215 3371 1244 3412 et

240 3427 349 3487 separes
369 3428 416 3473 des
437 3427 540 3474 insulae
560 3428 677 3473 roisines
699 3444 747 3489 par
770 3430 817 3475 des
843 3443 904 3474 rues
928 3443 962 3474 ou
984 3427 1031 3472 des
1057 3440 1191 3487 passages.
1212 3455 1242 3462 -

240 3489 557 3538 Duraverat.Voirle
576 3487 656 3535 ddtail
678 3490 744 3536 dans
759 3491 859 3538 Tacite.
882 3493 962 3538 Ana..
981 3489 1039 3538 XV,
1053 3491 1090 3534 u.
1105 3514 1132 3522 -
1147 3489 1243 3538 Pros-

239 3552 387 3612 pectans.
401 3549 492 3596 Tacite
505 3552 552 3598 dit.
573 3565 605 3596 aa
624 3553 765 3600 contraire.
790 3568 841 3613 que
864 3551 951 3598 Neron
971 3551 1033 3597 dtait
1047 3551 1061 3596 a
1077 3550 1196 3607 Antium,
1212 3566 1243 3597 ce

240 3612 286 3672 qui
310 3626 343 3658 ne
371 3627 473 3673 prouve
496 3613 638 3658 nnllenient
659 3627 708 3659 son
736 3615 881 3660 innocence
910 3611 1069 3669 ¹Videbatur
1089 3611 1242 3658 condendae

242 3672 319 3719 urbis
337 3686 418 3719 nouae
435 3673 551 3735 ylariani
573 3688 703 3734 quaerere,
731 3676 931 3724 .11111.,Χ1’,10
958 3689 1027 3720 :car
1050 3673 1068 3719 il
1108 3675 1244 3720 eutavoir

241 3733 354 3795 prepare
367 3733 507 3781 l'incendie
521 3740 600 3780 avant
617 3735 650 3780 de
662 3738 762 3796 quitter
772 3737 864 3783 Rome.
879 3737 918 3784 Cf.
936 3735 1058 3784 Juvenal.
1098 3736 1143 3787 at..
1167 3734 1242 3791 V111,

240 3799 302 3854 2¹⁹3
318 3795 413 3842 Victor
422 3796 509 3857 Hugo,
524 3795 591 3843 Odes
604 3797 629 3843 et
646 3797 770 3845 Battades
794 3797 846 3860 ql'n
865 3798 947 3845 chent
966 3798 998 3844 de
1017 3798 1070 3844 rete
1085 3798 1118 3843 de
1132 3796 1242 3858 Neron).

674 3950 813 4001 ...10-
