2698 4242
506 145 561 199 15.
582 141 817 198 Destructton
838 141 974 198 d’Alha.

622 229 714 291 (Alba’
723 229 865 290 diruitur.)

183 348 226 411 4·
282 346 341 405 Ubi
357 327 492 423 legiones
507 347 662 404 intravere
678 353 792 423 portas,
808 365 869 402 non
885 344 1008 424 quidem
1025 345 1083 404 luit
1093 345 1247 404 tumultus

239 443 303 501 ille·
323 464 379 501 nec
404 463 511 521 pavor,
530 442 630 522 qualis
649 450 807 521 captarum
828 463 894 500 esse
917 441 1039 500 urbium
1055 441 1143 512 solet,
1161 463 1244 514 cum,

239 541 371 598 eilractis
396 541 493 619 portis
518 540 660 598 stratisve
685 540 779 597 ariete
802 539 898 596 muris
920 546 973 597 aut
993 560 1062 597 arce
1084 540 1114 596 vi
1142 547 1243 619 capta,

238 637 355 696 clamor
379 636 499 695 hostilis
519 643 550 695 et
575 657 683 694 cursus
708 657 762 714 per
790 636 897 694 urbem
922 644 1110 694 armatorum
1139 637 1244 694 omnia

239 733 320 792 ferro
344 735 529 813 llammaque
557 735 677 792 miscet*
696 733 770 792 :sed
801 733 971 792 silentium*
987 733 1074 791 triste
1093 753 1129 791 ac
1149 734 1244 792 tacita

239 832 380 888 maestitia
402 832 442 889 ita
467 830 574 889 defixit
597 831 735 889 omnium
753 831 882 900 animos,
906 837 939 888 ut
958 850 1021 908 prae
1040 837 1125 888 metu
1142 829 1243 902 obliti,

238 927 313 1008 quid
328 928 548 1005 relinquerent,
566 927 639 1007 quid
659 948 761 986 secum
783 927 908 991 ferrent,
931 926 1094 984 deficiente
1114 927 1245 986 consilio

238 1025 469 1104 rogitantesque
487 1023 540 1082 alii
557 1024 634 1082 alios
655 1044 737 1082 nunc
764 1023 795 1080 in
824 1023 982 1082 liminibus
1007 1031 1134 1090 starent,
1161 1044 1244 1082 nunc

238 1121 403 1179 errabundi
414 1121 522 1179 domos
535 1141 606 1178 suas
621 1119 763 1178 ultimum
777 1119 868 1178 illud*
882 1120 978 1178 visuri
986 1129 1242 1199 pervagarentur.

240 1217 280 1276 Ut
303 1239 376 1276 vero
397 1217 461 1297 jam
487 1219 626 1297 equitum
653 1216 768 1274 clamor
791 1217 874 1274 exire
894 1217 1070 1296 jubentium
1096 1217 1243 1291 instabat,

235 1315 299 1394 jam
318 1315 420 1392 fragor
437 1324 598 1384 tectorum,
615 1334 684 1392 quae
698 1312 912 1386 diruebantur,
929 1313 1059 1371 ultimis'
1074 1313 1159 1371 urbis
1174 1335 1244 1393 par-

143 1461 146 1466 .
238 1413 321 1470 tibus
355 1411 549 1480 audiebatur,
577 1411 741 1491 pulvisque
769 1431 806 1468 ex
835 1409 1038 1469 distantibus'
1064 1409 1139 1468 locis
1155 1420 1244 1469 ortus

238 1509 324 1568 velut
341 1507 422 1566 nube
435 1508 562 1566 inducta
573 1508 676 1566 omnia
688 1508 882 1587 impleverat,
896 1507 1007 1587 raptim
1021 1507 1149 1586 quibus*
1159 1508 1244 1587 quis·

238 1627 297 1684 que
321 1613 442 1686 poterat
468 1605 566 1677 elatiS,
596 1625 666 1663 cum
682 1604 791 1663 larem*
817 1626 852 1663 ac
873 1607 1014 1684 penates*
1029 1612 1183 1684 tectaque,
1210 1606 1242 1664 in

238 1703 350 1782 quibus
380 1711 469 1762 natus
503 1704 634 1783 quisque
662 1702 872 1782 educatusque
898 1703 1003 1776 esset*,
1031 1702 1242 1782 relinquentes

238 1799 368 1875 exirent,
379 1802 442 1880 jam
454 1802 616 1859 continens
632 1821 740 1878 agmen
755 1799 952 1878 migrantium
967 1799 1147 1878 impleverat
1161 1799 1240 1858 vias.

240 1898 279 1955 Et
292 1907 476 1976 conspectus
488 1896 616 1955 aliorum
633 1906 739 1956 mutua
755 1897 950 1956 miseratione
963 1895 1135 1974 integrabat
1150 1897 1243 1956 lacri-
1338 1951 1339 1958 ,

238 2015 322 2063 mas,
337 2014 489 2074 vocesque
504 1994 596 2052 etiam
610 1993 800 2052 miserabiles
815 1993 1059 2052 exaudiebantur
1074 1993 1240 2052 mulierum
1338 2019 1339 2040 1

238 2091 404 2170 praecipue,
422 2112 490 2150 cum
507 2091 630 2149 obsessa
645 2090 684 2149 ab
698 2091 822 2149 armatis
839 2090 954 2170 templa
966 2097 1097 2168 augusta
1112 2098 1240 2169 praeter-

238 2190 319 2248 irent
333 2209 368 2246 ac
379 2188 464 2246 velut
477 2197 583 2267 captos
599 2188 808 2268 relinquerent
822 2188 906 2247 deos.

268 2347 309 2397 N·
329 2348 371 2397 15
393 2361 400 2396 :
422 2347 517 2398 Alba.
542 2347 614 2396 C'est
634 2349 754 2409 pendant
772 2348 798 2395 la
820 2349 957 2395 deuxibme
981 2361 1074 2410 guerre
1090 2349 1124 2396 de
1146 2349 1241 2396 Tullus
1337 2389 1338 2406 ,

238 2409 380 2466 Hostilius,
397 2411 532 2457 troisieme
552 2410 590 2456 roi
611 2410 644 2456 de
664 2409 747 2457 Rome
763 2413 874 2471 toti-640
891 2425 934 2458 av.
950 2410 1030 2470 J.·C.)
1049 2413 1142 2458 contre
1159 2411 1240 2468 Albe,
1337 2409 1338 2414 ’

237 2487 289 2532 que
303 2475 374 2518 cette
388 2471 450 2518 ville
463 2472 503 2518 lut
515 2471 639 2518 ditruite.
650 2471 759 2525 -1110,
772 2471 900 2532 equivaut
911 2472 926 2518 a
938 2487 991 2532 peu
1002 2472 1064 2533 pres
1075 2473 1090 2519 tl
1103 2470 1241 2520 l'adverbe

238 2533 296 2580 illic
317 2548 323 2580 2
343 2547 379 2579 un
402 2533 514 2580 tumulte
531 2532 643 2594 pareild
661 2533 729 2579 celui
742 2547 823 2594 que...
835 2560 865 2568 —
876 2532 1006 2592 Miscet,
1026 2548 1059 2580 ne
1078 2537 1144 2595 peut
1159 2535 1241 2595 gubre

237 2595 367 2670 convenir
382 2593 442 2654 qu't
459 2609 554 2642 cursus
576 2610 581 2641 :
601 2594 769 2642 anacoluthe.
789 2621 819 2630 ·-
840 2594 1012 2665 Silentium
1032 2598 1060 2642 et
1080 2595 1159 2664 tacita
1178 2601 1241 2644 sont

139 2696 143 2707 ·
237 2655 892 2778 tansmittittlttlltt'anilit
905 2657 1241 2779 stittttttutmatt

237 2782 270 2827 de
286 2795 315 2826 ce
330 2794 463 2826 morceau.
475 2779 610 2826 Tite-live
623 2784 664 2826 est
675 2783 768 2826 nutant
785 2781 864 2840 poite
880 2778 1040 2840 qu'orateur.
1060 2780 1127 2827 Voir
1144 2733 1242 2829 FEssai
1336 2789 1337 2823 1

238 2843 271 2888 de
286 2841 377 2888 Taine.
394 2841 460 2887 Voir
473 2841 498 2887 13
511 2845 544 2887 1'·
557 2845 620 2889 note
635 2842 667 2887 de
678 2841 703 2887 13
718 2841 825 2887 version
837 2845 867 2886 ³2
875 2854 923 2887 sur
935 2839 957 2887 le
962 2855 1077 2904 passage
1089 2841 1135 2890 des
1147 2842 1239 2906 Alpes.

238 2904 303 2951 Voir
315 2918 349 2949 au
359 2902 464 2963 texique
476 2903 576 2951 Livius.
587 2931 618 2939 -
629 2901 764 2952 Ultimis
774 2901 936 2964 partibus
950 2917 978 2950 se
987 2905 1115 2964 rapporte
1124 2904 1140 2950 1
1149 2905 1242 2952 andie-

238 2965 328 3013 batur.
346 2991 376 2999 -
397 2964 608 3015 Distantibus
625 2969 690 3012 veut
712 2966 769 3012 dire
792 2979 844 3026 que
861 2965 900 3011 les
917 2965 1006 3013 ruinas
1023 2967 1086 3012 sont
1105 2964 1242 3027 &loignies

238 3027 277 3074 les
294 3041 360 3073 unes
379 3027 426 3072 des
448 3031 546 3075 autres.
564 3053 595 3062 -
614 3026 747 3087 Quibus,
770 3041 839 3088 pour
857 3040 935 3096 quae,
958 3041 1006 3087 par
1026 3027 1180 3075 attraction.
1204 3029 1240 3076 La

237 3088 421 3136 construction
446 3089 573 3151 ragulierc
603 3090 684 3136 serait
708 3102 715 3135 ε
744 3088 822 3136 etatis
844 3087 878 3135 irs
898 3101 968 3150 quae
994 3088 1111 3152 quisque
1131 3091 1241 3160 poterat

237 3150 341 3213 efferre.
357 3176 389 3185 -
402 3151 531 3200 Larem.
545 3151 611 3197 Voir
626 3150 696 3197 lares
712 3165 745 3197 au
762 3151 875 3210 lenique.
890 3177 922 3184 —
938 3150 1080 3199 Penates
1094 3165 1100 3199 z
1114 3152 1194 3200 dreux
1207 3154 1240 3200 de
1335 3155 1336 3158 ’

238 3213 262 3260 la
281 3213 394 3264 maison,
414 3214 481 3261 dont
500 3214 522 3260 le
547 3227 608 3259 nom
630 3227 645 3258 3
668 3226 719 3258 une
735 3213 835 3273 origine
850 3211 978 3273 analogue
997 3227 1048 3258 aux
1065 3215 1136 3260 muts
1152 3229 1241 3276 penus

238 3274 400 3335 (provisions
414 3313 420 3324 .
436 3275 552 3338 penitus,
567 3273 729 3335 penetralia,
742 3275 777 3320 ou
794 3289 822 3320 se
837 3276 932 3321 trouve
951 3274 1028 3320 lidie
1041 3274 1073 3320 de
1088 3288 1118 3320 ce
1133 3276 1178 3336 qui
1199 3281 1238 3324 est

238 3337 340 3392 intime,
353 3337 600 3392 intirieunsecret.
615 3335 656 3381 On
668 3335 707 3382 les
722 3336 855 3396 regardait
870 3350 973 3382 comme
983 3335 1022 3382 les
1039 3335 1241 3396 dispensateurs

238 3399 274 3444 du
288 3398 419 3446 bien-titre
432 3403 458 3446 et
473 3400 505 3444 de
517 3399 541 3444 la
552 3399 658 3444 fortune
676 3398 709 3444 de
725 3397 749 3444 13
768 3398 878 3454 lamille;
899 3396 989 3444 c'e'tait
1003 3412 1055 3444 aux
1069 3397 1160 3459 ginies
1181 3415 1241 3461 gar·
1334 3437 1335 3456 ,

239 3460 315 3508 diens
332 3461 367 3508 du
392 3462 467 3522 loyer
488 3459 576 3520 (lares)
595 3459 627 3504 de
642 3474 786 3506 conserver
800 3475 844 3506 ces
863 3460 939 3506 dons.
957 3459 1064 3520 Cbaque
1086 3460 1139 3508 cite
1158 3463 1240 3518 avait,
1334 3479 1335 3486 ¹

239 3537 343 3570 comme
361 3522 397 3568 les
415 3521 535 3578 t'amilles,
550 3536 592 3568 ses
608 3521 732 3575 Pdnates,
757 3521 884 3568 divinitis
907 3523 1084 3582 protectrices
1102 3522 1139 3569 du
1163 3523 1241 3586 foyer

239 3584 365 3632 national.
380 3583 452 3630 Ceux
464 3583 496 3628 de
508 3583 590 3630 Rome
604 3583 817 3644 ¹probablement
828 3583 950 3640 Saturne,
964 3583 1029 3644 Ops,
1039 3583 1133 3642 Jrnus,
1146 3584 1239 3643 Vesta,

239 3647 352 3706 Jupiter,
372 3644 451 3703 biars,
466 3643 599 3698 Quirinus
613 3646 719 3692 avaient
732 3645 789 3691 leur
801 3642 951 3691 sanctuaire
963 3646 1025 3706 pres
1044 3645 1081 3692 du
1095 3647 1194 3707 temple
1207 3648 1240 3694 dc

239 3706 329 3752 Vesta.
350 3732 381 3740 —
407 3706 511 3762 Esset,
533 3707 739 3766 ausubjonctii,
759 3721 907 3768 parceque
929 3705 1042 3754 l'auteur
1063 3711 1191 3768 rapporte
1215 3708 1239 3756 la
1333 3741 1334 3772 ,

238 3768 337 3827 pensae
353 3768 385 3813 de
397 3782 441 3814 ces
454 3768 633 3816 malheurcux.

666 3885 806 3937 -16-
