2696 4244
244 183 326 242 179.
348 176 607 245 Ecroutement
625 190 669 245 de
684 185 985 258 t’ampnitne'atre
1005 191 1049 246 de
1074 189 1238 246 Fidenas·

439 283 560 346 (Corruit
570 285 642 348 apud
651 278 779 332 Fidenam
791 285 1039 349 amphitheatrum.)

181 393 222 458 2⁸
278 395 390 476 Coepto
419 397 501 477 apud
527 399 675 458 Fidenam
696 401 956 480 amphitheatro*‚
982 401 1095 459 Atilius
1114 399 1239 480 quidam

236 491 373 552 libertini
389 496 522 572 generis,
537 517 599 576 quo
613 499 821 576 spectaculum
841 498 1042 576 gladiatorum
1058 494 1236 568 celebraret,

235 609 335 668 neque
360 591 562 652 fundamenta
589 615 643 673 per
682 595 812 653 solidum
844 595 992 665 subdidit,
1022 615 1121 674 neque
1143 593 1240 650 tirmis

236 688 368 747 nexibus
390 689 522 766 ligneam
538 711 718 771 compagem
735 693 961 770 superstruxit:
979 698 1014 750 ut
1034 693 1098 772 qui,
1119 691 1149 748 in
1172 709 1239 748 sor-

236 783 340 844 didam
368 788 541 846 mercedem
573 788 603 847 id
638 790 795 866 negotium
825 789 1027 869 quaesivisset.
1055 787 1239 846 Adsstrxere*
1336 861 1337 864 Ἴ

235 881 318 940 avidi
346 882 464 955 talium,
490 884 688 964 imperitante
716 886 859 944 Tiberio*
891 886 999 965 procul
1026 884 1239 964 voluptatibus

235 977 342 1052 habiti,
359 981 449 1045 virile
470 1002 505 1039 ac
521 982 671 1042 muliebre
687 985 797 1042 secus*
821 984 921 1042 omnis
944 991 1028 1054 aetaS‚
1053 981 1092 1046 oh
1113 973 1239 1061 propiti-
1336 1041 1337 1044 ,

234 1077 385 1156 quitatem
398 1077 456 1136 loci
471 1079 598 1137 effusius
616 1099 622 1139 :
638 1079 720 1138 unde
738 1081 862 1157 gravior
887 1081 982 1160 pestis
1005 1080 1074 1153 suit,
1098 1079 1238 1137 conferta
1336 1095 1337 1132 f

234 1173 343 1250 mole*,
370 1175 441 1233 dein
468 1176 626 1248 convulsa,
656 1177 730 1236 dum
752 1178 815 1235 ruit
838 1178 922 1236 intus
948 1185 1001 1236 aut
1028 1177 1059 1235 in
1086 1177 1238 1235 exteriora

233 1269 403 1329 effunditur
416 1272 659 1353 immensamque
670 1275 733 1330 vim
746 1274 932 1342 mortalium,
949 1274 1124 1353 spectaculo
1137 1274 1238 1330 inten-
1336 1305 1337 1312 κ

234 1371 310 1436 tos*,
332 1375 385 1427 aut
406 1370 458 1448 qui
482 1370 597 1429 circum
617 1371 790 1443 adstabant,
817 1371 848 1429 in
871 1392 1007 1450 praeceps
1033 1370 1127 1429 trahit
1143 1378 1238 1449 atque
1336 1401 1337 1450 3

160 1488 162 1502 ¹
232 1466 343 1544 operit.
363 1465 403 1536 Et
417 1465 461 1524 illi
477 1467 601 1546 quidem
618 1489 695 1546 quos
710 1468 893 1548 principium
908 1468 1018 1545 stragis
1036 1468 1086 1525 in*
1105 1475 1237 1525 mortem

232 1562 393 1633 afflixerat,
420 1571 455 1621 ut
480 1563 534 1621 tali
559 1567 670 1634 sorte*,
697 1565 867 1624 cruciatum
896 1567 1039 1642 effugere.
1067 1563 1237 1623 Miserandi

231 1659 328 1736 magis
346 1680 435 1739 quoa,
459 1659 589 1740 abrupta
613 1669 700 1740 parte
725 1663 876 1740 eorporiS,
902 1662 1040 1720 nondum
1064 1663 1128 1720 vita
1151 1661 1238 1719 dese·
1336 1649 1337 1666 i

230 1763 336 1814 ruerat
362 1774 369 1816 :
394 1757 446 1836 qui
468 1777 523 1836 per
551 1757 630 1816 diem
658 1759 739 1829 visu,
769 1779 824 1837 per
852 1767 973 1817 noctem
1008 1757 1176 1817 ululatibus
1204 1765 1235 1816 et
1336 1747 1337 1814 l

229 1853 357 1929 gemitu,
388 1853 535 1932 conjuges
559 1863 613 1914 aut
641 1855 754 1914 liberos
784 1856 987 1915 noscebant*.
1018 1854 1086 1914 lam
1119 1855 1236 1913 ceteri*
1336 1843 1337 1926 l

230 1947 310 2007 lama
323 1950 426 2018 exciti,
442 1949 492 2008 hic
513 1945 651 2025 fratrem,
677 1953 885 2032 propinquum
904 1953 965 2024 ille,
991 1952 1069 2011 alius
1090 1958 1236 2030 parentes

229 2046 401 2104 lamentari.
430 2047 472 2106 Ut
504 2049 644 2128 coepere*
672 2049 824 2107 dimoveri
850 2049 971 2121 obruta,
1001 2069 1168 2108 concursus
1193 2049 1234 2106 ad
1336 2051 1337 2060 ’

229 2143 386 2202 exanimos
410 2144 691 2224 complectentium,
716 2147 938 2218 osculantium3
962 2153 993 2205 et
1016 2166 1097 2224 saepe
1135 2152 1234 2204 certa-

229 2261 310 2311 men,
328 2241 353 2298 si
368 2241 527 2299 confusior
545 2241 649 2313 facies,
673 2249 708 2301 ¹et
729 2263 784 2321 par
802 2243 900 2302 forma
922 2251 976 2302 aut
997 2250 1071 2300 aetas
1097 2263 1233 2301 errorem

228 2337 465 2414 agnoscentibus
480 2337 624 2398 fecerat*.
643 2338 874 2418 Quinquaginta
897 2339 1057 2398 bominum
1078 2339 1182 2398 milia*
1195 2359 1235 2397 eo

227 2423 301 2493 e'asu
316 2434 474 2493 debilitata
489 2435 538 2493 vel
552 2434 665 2516 obtrita
684 2445 777 2494 sunta

257 2593 299 2642 N⁰
315 2592 377 2643 1¹79
391 2607 398 2642 τ
411 2592 671 2656 Amphitheatro.
687 2594 753 2641 Voir
765 2610 795 2642 ce
808 2598 865 2643 mot
875 2610 908 2643 au
921 2596 1034 2657 lexique,
1049 2595 1115 2642 ainsi
1128 2609 1180 2656 que
1192 2595 1232 2642 les

227 2657 297 2702 mots
316 2654 469 2714 libertinus,
491 2655 637 2720 gladiator.
657 2682 688 2691 —
709 2655 895 2708 Adfluxere.
917 2657 957 2704 On
976 2673 995 2718 y
1014 2658 1073 2704 vint
1094 2657 1126 2704 de
1146 2655 1234 2703 Rome

226 2718 321 2776 meme,
335 2718 381 2778 qui
396 2717 490 2764 n'etait
504 2717 564 2779 qu'e
577 2718 638 2780 cinq
655 2733 689 2765 ou
705 2718 745 2765 six
761 2719 848 2766 milles
860 2720 892 2766 de
905 2719 1028 2766 Fidenes.
1044 2746 1075 2752 —
1086 2716 1231 2767 Tiberio.

226 2777 262 2826 Ce
286 2779 378 2840 prince
397 2778 516 2842 n'aimait
534 2794 582 2840 pas
599 2781 627 2826 et
645 2780 781 2827 redoutait
799 2781 933 2842 peut-titre
949 2781 987 2828 les
1003 2779 1233 2841 representations

226 2841 380 2900 populaires
392 2840 435 2902 (cf.
444 2839 573 2902 seneque,
584 2840 615 2888 de
623 2841 742 2902 Provid.‚
752 2841 797 2902 lv,
808 2841 927 2902 t;Sue't.‚
941 2841 1063 2904 Tib.‚47).
1073 2868 1102 2876 -
1114 2841 1231 2891 Secus:

225 2917 288 2948 nom
301 2905 395 2949 neutre
407 2902 584 2949 indeclinable
595 2902 730 2964 (=seaus)
742 2919 748 2951 ε
762 2903 780 2948 il
793 2906 834 2951 est
846 2917 960 2966 presque
973 2904 1094 2965 touj0urs
1105 2903 1231 2964 employe

225 2977 329 3010 comme
342 2978 377 3009 un
390 2964 521 3010 accusatis
526 2965 620 3012 absolu
633 2965 710 3026 apres
722 2980 758 3011 un
770 2968 846 3012 autre
859 2979 921 3012 nom
934 2965 978 3027 (ici
991 2964 1082 3026 aetas).
1091 2991 1121 2999 —
1133 2965 1230 3022 Molo,

225 3022 882 3088 designel'e'difrce.-Intentos,s'accorde,pars
902 3025 1231 3087 llepse‚avecimmensam

225 3085 286 3134 vim.
297 3111 325 3121 -
338 3086 374 3134 In
387 3087 538 3136 mortem:
552 3087 578 3134 in
586 3088 694 3150 indique
703 3089 726 3134 le
739 3089 816 3148 point
826 3090 860 3134 ou
868 3043 974 3136 aboutit
985 3102 1038 3135 une
1046 3087 1135 3134 chose.
1147 3114 1176 3122 —
1184 3088 1233 3138 Ut

225 3146 288 3198 tati
300 3149 389 3198 sorte
398 3168 429 3189 =
440 3148 529 3212 quoad
542 3149 604 3196 talis
615 3165 673 3196 sore
683 3149 753 3196 tulit.
766 3176 794 3184 -
805 3150 1004 3200 Noscebant.
1022 3150 1057 3198 Ce
1070 3149 1152 3196 verbe
1168 3163 1231 3196 con-

225 3225 301 3256 serve
324 3209 359 3258 ici
380 3210 405 3258 le
425 3225 486 3258 sens
507 3210 639 3258 inchoatit
656 3211 719 3272 qu'il
743 3211 811 3258 tient
832 3212 864 3258 de
884 3212 909 3258 la
930 3211 1103 3258 terminaison
1125 3225 1177 3258 sco.
1201 3237 1230 3246 -

225 3270 333 3321 Ceteri
347 3285 353 3319 :
368 3285 435 3319 ceux
447 3272 492 3333 qui
505 3271 639 3320 n'avaient
656 3287 703 3335 pas
718 3273 811 3320 assiste
828 3287 862 3320 au
879 3287 892 3319 s
913 3273 1022 3331 ceraue,
1037 3287 1071 3319 ou
1087 3273 1132 3333 qui
1150 3287 1183 3319 ne
1201 3287 1231 3320 se

224 3333 379 3380 trouvaient
395 3347 443 3394 pas
455 3348 501 3380 sur
516 3334 555 3382 les
571 3335 650 3382 lieux.
666 3361 693 3370 -
706 3335 847 3396 coepere
866 3350 871 3382 ι
905 3349 951 3381 ans
968 3335 993 3382 la
1006 3348 1084 3395 prose
1097 3334 1229 3394 classique

225 3395 242 3441 il
260 3395 375 3442 laudrait
391 3409 436 3442 coe
456 3395 482 3442 ta
498 3397 570 3442 sunt.
585 3396 635 3442 Les
655 3397 800 3458 classiques
817 3396 991 3457 n'enrploient
1003 3395 1027 3442 la
1043 3395 1128 3442 forme
1140 3396 1230 3442 active

224 3458 257 3503 de
270 3455 344 3518 coepi
358 3470 423 3504 avec
434 3410 569 3506 linantur
579 3457 664 3518 pessit
674 3473 724 3519 que
740 3459 806 3505 dans
821 3458 859 3505 les
876 3472 920 3504 cas
937 3458 972 3504 oh
988 3460 1031 3504 cet
1047 3457 1158 3503 infinitis
1172 3471 1187 3504 a
1203 3457 1231 3504 le

224 3532 285 3564 sens
297 3517 404 3565 vellecht
418 3519 453 3565 du
466 3519 548 3567 verbe
566 3533 663 3580 moyen
679 3535 711 3566 en
725 3534 794 3580 grec.
809 3519 900 3566 Tacite
913 3534 945 3565 ne
963 3519 1011 3566 tait
1027 3533 1075 3579 pas
1092 3522 1163 3566 cette
1177 3519 1232 3566 dis-

223 3579 347 3636 tinction,
362 3583 390 3627 et
402 3584 502 3643 coeptus
515 3581 556 3627 n'a
567 3581 663 3642 jainais
676 3581 738 3628 ehez
754 3582 789 3627 lui
803 3595 854 3641 que
870 3581 893 3627 le
906 3595 965 3627 sens
977 3581 1063 3642 passis
1073 3580 1186 3642 (Jacob).
1198 3605 1230 3616 -

224 3641 373 3691 Fecerat.
399 3641 439 3688 On
459 3657 473 3688 a
493 3656 528 3689 vu
553 3643 599 3689 des
619 3643 711 3689 soenes
731 3642 891 3689 semblables
910 3643 964 3689 lors
981 3643 1013 3689 de
1031 3642 1171 3688 l'inoendIe
1191 3641 1228 3689 du

223 3703 305 3749 Bazar
328 3703 360 3750 de
382 3702 488 3750 Charite
515 3704 530 3750 e
556 3703 630 3750 Paris
651 3704 678 3765 (e
700 3704 752 3750 mai
776 3704 858 3765 1897),
882 3705 916 3750 οὺ
942 3702 1013 3764 perit
1038 3703 1117 3750 l‘elite
1141 3703 1173 3749 de
1203 3703 1231 3752 lu

224 3764 346 3811 noblesse
360 3765 497 3820 franceise.
510 3789 541 3800 -
552 3763 657 3814 Milia.
671 3766 706 3812 Le
720 3765 811 3811 chill're
825 3767 912 3826 paratt
927 3763 1010 3817 eleve.
1025 3763 1141 3812 Suetone
1155 3762 1218 3825 (Tib

223 3827 262 3884 40)
276 3827 349 3886 parle
362 3827 395 3873 de
408 3827 483 3888 vingt
495 3827 566 3873 mille
578 3841 724 3888 personnes
735 3826 850 3874 blesse'es
862 3841 896 3873 ou
909 3826 993 3873 tuees.

644 3949 801 4002 -180-
