<?xml version="1.0" encoding="UTF-8"?>
<!DOCTYPE html PUBLIC "-//W3C//DTD XHTML 1.0 Transitional//EN"
    "http://www.w3.org/TR/xhtml1/DTD/xhtml1-transitional.dtd">
<html xmlns="http://www.w3.org/1999/xhtml" xml:lang="en" lang="en">
 <head>
  <title>
</title>
<meta http-equiv="Content-Type" content="text/html;charset=utf-8" />
  <meta name='ocr-system' content='tesseract 3.04.00' />
  <meta name='ocr-capabilities' content='ocr_page ocr_carea ocr_par ocr_line ocrx_word'/>
</head>
<body>
  <div class='ocr_page' id='page_1' title='image "./depublicaprivat01arnagoog_0487.png"; bbox 0 0 2664 4234; ppageno 0'>
   <div class='ocr_carea' id='block_1_1' title="bbox 560 115 835 295">
    <p class='ocr_par' dir='ltr' id='par_1_1' title="bbox 560 115 835 295">
     <span class='ocr_line' id='line_1_1' title="bbox 560 115 835 177; baseline -0.004 0"><span class='ocrx_word' id='word_1_1' title='bbox 560 115 771 177; x_wconf 80' lang='lat' dir='ltr'>CHAPITRE</span> <span class='ocrx_word' id='word_1_2' title='bbox 792 117 835 176; x_wconf 88' lang='lat' dir='ltr'>XI</span> 
     </span>
     <span class='ocr_line' id='line_1_2' title="bbox 613 231 778 295; baseline 0 -16"><span class='ocrx_word' id='word_1_3' title='bbox 613 232 709 295; x_wconf 70' lang='lat' dir='ltr'>(eaput</span> <span class='ocrx_word' id='word_1_4' title='bbox 723 231 778 286; x_wconf 76' lang='lat' dir='ltr'>xm</span> 
     </span>
    </p>
   </div>
   <div class='ocr_carea' id='block_1_2' title="bbox 540 337 802 397">
    <p class='ocr_par' dir='ltr' id='par_1_2' title="bbox 540 337 802 397">
     <span class='ocr_line' id='line_1_3' title="bbox 540 337 802 397; baseline 0 -1"><span class='ocrx_word' id='word_1_5' title='bbox 540 368 546 384; x_wconf 82' lang='lat'><em>=</em></span> <span class='ocrx_word' id='word_1_6' title='bbox 592 337 802 397; x_wconf 82' lang='lat' dir='ltr'>RELIGION.</span> 
     </span>
    </p>
   </div>
   <div class='ocr_carea' id='block_1_3' title="bbox 560 451 832 514">
    <p class='ocr_par' dir='ltr' id='par_1_3' title="bbox 560 451 832 514">
     <span class='ocr_line' id='line_1_4' title="bbox 560 451 832 514; baseline 0 -14"><span class='ocrx_word' id='word_1_7' title='bbox 560 451 606 514; x_wconf 87' lang='lat' dir='ltr'>(De</span> <span class='ocrx_word' id='word_1_8' title='bbox 621 451 701 499; x_wconf 86' lang='lat' dir='ltr'>rebus</span> <span class='ocrx_word' id='word_1_9' title='bbox 714 451 832 513; x_wconf 70' lang='lat' dir='ltr'>divinis.)</span> 
     </span>
    </p>
   </div>
   <div class='ocr_carea' id='block_1_4' title="bbox 127 529 1204 722">
    <p class='ocr_par' dir='ltr' id='par_1_4' title="bbox 127 529 1204 722">
     <span class='ocr_line' id='line_1_5' title="bbox 127 529 1204 630; baseline -0.002 -18"><span class='ocrx_word' id='word_1_10' title='bbox 127 529 130 540; x_wconf 46' lang='lat'>¹</span> <span class='ocrx_word' id='word_1_11' title='bbox 195 557 283 613; x_wconf 87' lang='lat'><strong>435.</strong></span> <span class='ocrx_word' id='word_1_12' title='bbox 296 559 528 627; x_wconf 81' lang='lat' dir='ltr'>Importance</span> <span class='ocrx_word' id='word_1_13' title='bbox 541 561 586 615; x_wconf 85' lang='lat' dir='ltr'>de</span> <span class='ocrx_word' id='word_1_14' title='bbox 597 560 636 615; x_wconf 80' lang='lat' dir='ltr'>la</span> <span class='ocrx_word' id='word_1_15' title='bbox 647 559 804 630; x_wconf 82' lang='lat' dir='ltr'><strong>religion</strong></span> <span class='ocrx_word' id='word_1_16' title='bbox 813 561 908 616; x_wconf 83' lang='lat' dir='ltr'>dans</span> <span class='ocrx_word' id='word_1_17' title='bbox 919 545 1034 616; x_wconf 58' lang='grc' dir='ltr'>ΓΚΜ</span> <span class='ocrx_word' id='word_1_18' title='bbox 1045 557 1204 619; x_wconf 83' lang='lat' dir='ltr'>romain.</span> 
     </span>
     <span class='ocr_line' id='line_1_6' title="bbox 245 657 1158 722; baseline 0.001 -18"><span class='ocrx_word' id='word_1_19' title='bbox 245 657 356 718; x_wconf 76' lang='lat' dir='ltr'>(Quanti</span> <span class='ocrx_word' id='word_1_20' title='bbox 369 659 497 707; x_wconf 84' lang='lat' dir='ltr'>momenti</span> <span class='ocrx_word' id='word_1_21' title='bbox 509 660 620 708; x_wconf 86' lang='lat' dir='ltr'>deorum</span> <span class='ocrx_word' id='word_1_22' title='bbox 633 659 722 708; x_wconf 86' lang='lat' dir='ltr'>cultus</span> <span class='ocrx_word' id='word_1_23' title='bbox 736 659 762 706; x_wconf 88' lang='lat' dir='ltr'>in</span> <span class='ocrx_word' id='word_1_24' title='bbox 777 659 915 722; x_wconf 76' lang='lat' dir='ltr'><em>republica</em></span> <span class='ocrx_word' id='word_1_25' title='bbox 927 673 1036 708; x_wconf 84' lang='lat' dir='ltr'>romana</span> <span class='ocrx_word' id='word_1_26' title='bbox 1049 657 1158 721; x_wconf 71' lang='lat' dir='ltr'>fuerit.)</span> 
     </span>
    </p>
   </div>
   <div class='ocr_carea' id='block_1_5' title="bbox 116 789 1217 2134">
    <p class='ocr_par' dir='ltr' id='par_1_5' title="bbox 140 789 1207 1166">
     <span class='ocr_line' id='line_1_7' title="bbox 140 789 1207 878; baseline 0.003 -28"><span class='ocrx_word' id='word_1_27' title='bbox 140 789 189 870; x_wconf 67' lang='lat'>4⁰¹</span> <span class='ocrx_word' id='word_1_28' title='bbox 240 795 375 874; x_wconf 88' lang='lat' dir='ltr'>Majores</span> <span class='ocrx_word' id='word_1_29' title='bbox 391 799 487 856; x_wconf 89' lang='lat' dir='ltr'>nostri</span> <span class='ocrx_word' id='word_1_30' title='bbox 504 805 598 856; x_wconf 89' lang='lat' dir='ltr'>statas</span> <span class='ocrx_word' id='word_1_31' title='bbox 619 796 843 878; x_wconf 72' lang='lat' dir='ltr'>sollemnesque</span> <span class='ocrx_word' id='word_1_32' title='bbox 865 797 1055 856; x_wconf 91' lang='lat' dir='ltr'>caerimonias</span> <span class='ocrx_word' id='word_1_33' title='bbox 1076 797 1207 876; x_wconf 86' lang='lat' dir='ltr'>pontifi-</span> 
     </span>
     <span class='ocr_line' id='line_1_8' title="bbox 199 893 1205 972; baseline 0.001 -23"><span class='ocrx_word' id='word_1_34' title='bbox 199 895 288 950; x_wconf 81' lang='lat' dir='ltr'>cum*</span> <span class='ocrx_word' id='word_1_35' title='bbox 305 893 442 962; x_wconf 76' lang='lat' dir='ltr'>scientia,</span> <span class='ocrx_word' id='word_1_36' title='bbox 458 893 534 952; x_wconf 89' lang='lat' dir='ltr'>bene</span> <span class='ocrx_word' id='word_1_37' title='bbox 554 894 755 972; x_wconf 83' lang='lat' dir='ltr'>gerendarum</span> <span class='ocrx_word' id='word_1_38' title='bbox 772 915 873 952; x_wconf 89' lang='lat' dir='ltr'>rerum</span> <span class='ocrx_word' id='word_1_39' title='bbox 894 895 1091 952; x_wconf 72' lang='lat' dir='ltr'>auctoritates</span> <span class='ocrx_word' id='word_1_40' title='bbox 1106 913 1205 970; x_wconf 83' lang='lat' dir='ltr'>augu-</span> 
     </span>
     <span class='ocr_line' id='line_1_9' title="bbox 199 989 1204 1070; baseline 0 -24"><span class='ocrx_word' id='word_1_41' title='bbox 199 992 286 1046; x_wconf 89' lang='lat' dir='ltr'>rum*</span> <span class='ocrx_word' id='word_1_42' title='bbox 302 989 527 1059; x_wconf 77' lang='lat' dir='ltr'>observatione,</span> <span class='ocrx_word' id='word_1_43' title='bbox 549 991 700 1070; x_wconf 82' lang='lat' dir='ltr'>Apollinis</span> <span class='ocrx_word' id='word_1_44' title='bbox 722 991 937 1070; x_wconf 76' lang='lat' dir='ltr'>praedictiones</span> <span class='ocrx_word' id='word_1_45' title='bbox 957 997 1061 1048; x_wconf 89' lang='lat' dir='ltr'>vatum</span> <span class='ocrx_word' id='word_1_46' title='bbox 1083 989 1204 1059; x_wconf 82' lang='lat' dir='ltr'>libris*,</span> 
     </span>
     <span class='ocr_line' id='line_1_10' title="bbox 198 1085 1206 1166; baseline 0 -24"><span class='ocrx_word' id='word_1_47' title='bbox 198 1093 411 1163; x_wconf 88' lang='lat' dir='ltr'>portentorum</span> <span class='ocrx_word' id='word_1_48' title='bbox 442 1087 639 1166; x_wconf 87' lang='lat' dir='ltr'>depulsiones</span> <span class='ocrx_word' id='word_1_49' title='bbox 674 1087 819 1146; x_wconf 87' lang='lat' dir='ltr'>Etrusca*</span> <span class='ocrx_word' id='word_1_50' title='bbox 855 1087 1018 1166; x_wconf 86' lang='lat' dir='ltr'>disciplina</span> <span class='ocrx_word' id='word_1_51' title='bbox 1053 1085 1206 1165; x_wconf 88' lang='lat' dir='ltr'>explicari</span> 
     </span>
    </p>

    <p class='ocr_par' dir='ltr' id='par_1_6' title="bbox 116 1181 1217 2134">
     <span class='ocr_line' id='line_1_11' title="bbox 116 1181 1205 1262; baseline 0.001 -25"><span class='ocrx_word' id='word_1_52' title='bbox 116 1196 120 1203; x_wconf 91' lang='grc'><em>·</em></span> <span class='ocrx_word' id='word_1_53' title='bbox 198 1181 370 1242; x_wconf 87' lang='lat' dir='ltr'>voluerant.</span> <span class='ocrx_word' id='word_1_54' title='bbox 390 1183 494 1241; x_wconf 88' lang='lat' dir='ltr'>Prisco</span> <span class='ocrx_word' id='word_1_55' title='bbox 508 1185 600 1243; x_wconf 89' lang='lat' dir='ltr'>eliam</span> <span class='ocrx_word' id='word_1_56' title='bbox 613 1185 756 1242; x_wconf 87' lang='lat' dir='ltr'>instituto</span> <span class='ocrx_word' id='word_1_57' title='bbox 768 1185 858 1242; x_wconf 89' lang='lat' dir='ltr'>rebus</span> <span class='ocrx_word' id='word_1_58' title='bbox 869 1184 983 1242; x_wconf 91' lang='lat' dir='ltr'>divinis</span> <span class='ocrx_word' id='word_1_59' title='bbox 994 1204 1086 1262; x_wconf 86' lang='lat' dir='ltr'>opera</span> <span class='ocrx_word' id='word_1_60' title='bbox 1098 1183 1205 1248; x_wconf 79' lang='lat' dir='ltr'>datur,</span> 
     </span>
     <span class='ocr_line' id='line_1_12' title="bbox 148 1267 1206 1360; baseline 0 -24"><span class='ocrx_word' id='word_1_61' title='bbox 148 1267 149 1270; x_wconf 21' lang='lat'>¹</span> <span class='ocrx_word' id='word_1_62' title='bbox 195 1300 268 1336; x_wconf 85' lang='lat' dir='ltr'>cum</span> <span class='ocrx_word' id='word_1_63' title='bbox 282 1279 396 1358; x_wconf 88' lang='lat' dir='ltr'>aliquid</span> <span class='ocrx_word' id='word_1_64' title='bbox 414 1281 692 1339; x_wconf 88' lang='lat' dir='ltr'>commendandum</span> <span class='ocrx_word' id='word_1_65' title='bbox 707 1289 762 1353; x_wconf 76' lang='lat' dir='ltr'>est,</span> <span class='ocrx_word' id='word_1_66' title='bbox 787 1282 978 1360; x_wconf 88' lang='lat' dir='ltr'>precatione;</span> <span class='ocrx_word' id='word_1_67' title='bbox 998 1300 1068 1339; x_wconf 88' lang='lat' dir='ltr'>cum</span> <span class='ocrx_word' id='word_1_68' title='bbox 1088 1300 1206 1358; x_wconf 81' lang='lat' dir='ltr'>expos-</span> 
     </span>
     <span class='ocr_line' id='line_1_13' title="bbox 195 1376 1206 1455; baseline 0 -23"><span class='ocrx_word' id='word_1_69' title='bbox 195 1376 341 1444; x_wconf 80' lang='lat' dir='ltr'>cendum,</span> <span class='ocrx_word' id='word_1_70' title='bbox 357 1385 446 1449; x_wconf 81' lang='lat' dir='ltr'>vot03</span> <span class='ocrx_word' id='word_1_71' title='bbox 463 1398 532 1436; x_wconf 93' lang='lat' dir='ltr'>cum</span> <span class='ocrx_word' id='word_1_72' title='bbox 550 1377 743 1443; x_wconf 75' lang='lat' dir='ltr'>solvendum,</span> <span class='ocrx_word' id='word_1_73' title='bbox 764 1377 984 1454; x_wconf 80' lang='lat' dir='ltr'>gratulatione;</span> <span class='ocrx_word' id='word_1_74' title='bbox 1003 1397 1072 1436; x_wconf 92' lang='lat' dir='ltr'>cum</span> <span class='ocrx_word' id='word_1_75' title='bbox 1099 1377 1206 1455; x_wconf 91' lang='lat' dir='ltr'>inqui-</span> 
     </span>
     <span class='ocr_line' id='line_1_14' title="bbox 197 1471 1206 1552; baseline 0.001 -23"><span class='ocrx_word' id='word_1_76' title='bbox 197 1471 328 1531; x_wconf 87' lang='lat' dir='ltr'>rendum</span> <span class='ocrx_word' id='word_1_77' title='bbox 351 1474 398 1530; x_wconf 88' lang='lat' dir='ltr'>vel</span> <span class='ocrx_word' id='word_1_78' title='bbox 419 1475 496 1532; x_wconf 86' lang='lat' dir='ltr'>extis</span> <span class='ocrx_word' id='word_1_79' title='bbox 518 1473 566 1532; x_wconf 91' lang='lat' dir='ltr'>vel</span> <span class='ocrx_word' id='word_1_80' title='bbox 592 1475 735 1545; x_wconf 65' lang='lat' dir='ltr'>sortibus</span> <span class='ocrx_word' id='word_1_81' title='bbox 761 1475 934 1552; x_wconf 87' lang='lat' dir='ltr'>impetrito;</span> <span class='ocrx_word' id='word_1_82' title='bbox 958 1495 1028 1532; x_wconf 92' lang='lat' dir='ltr'>cum</span> <span class='ocrx_word' id='word_1_83' title='bbox 1058 1472 1206 1532; x_wconf 87' lang='lat' dir='ltr'>sollemni</span> 
     </span>
     <span class='ocr_line' id='line_1_15' title="bbox 196 1569 1206 1648; baseline 0 -22"><span class='ocrx_word' id='word_1_84' title='bbox 196 1569 261 1627; x_wconf 85' lang='lat' dir='ltr'>ritu</span> <span class='ocrx_word' id='word_1_85' title='bbox 294 1571 512 1648; x_wconf 73' lang='lat' dir='ltr'>peragendum,</span> <span class='ocrx_word' id='word_1_86' title='bbox 540 1572 700 1631; x_wconf 79' lang='lat' dir='ltr'>sacrificio,</span> <span class='ocrx_word' id='word_1_87' title='bbox 725 1571 813 1638; x_wconf 87' lang='lat' dir='ltr'>Quo*</span> <span class='ocrx_word' id='word_1_88' title='bbox 835 1571 927 1630; x_wconf 89' lang='lat' dir='ltr'>etiam</span> <span class='ocrx_word' id='word_1_89' title='bbox 949 1578 1142 1629; x_wconf 91' lang='lat' dir='ltr'>ostentorum</span> <span class='ocrx_word' id='word_1_90' title='bbox 1168 1591 1206 1627; x_wconf 90' lang='lat' dir='ltr'>ac</span> 
     </span>
     <span class='ocr_line' id='line_1_16' title="bbox 198 1665 1207 1746; baseline 0 -24"><span class='ocrx_word' id='word_1_91' title='bbox 198 1665 354 1742; x_wconf 75' lang='lat' dir='ltr'>fulgurum</span> <span class='ocrx_word' id='word_1_92' title='bbox 371 1667 622 1726; x_wconf 74' lang='lat' dir='ltr'>denuntiationes</span> <span class='ocrx_word' id='word_1_93' title='bbox 638 1676 852 1746; x_wconf 76' lang='lat' dir='ltr'>procurantur.</span> <span class='ocrx_word' id='word_1_94' title='bbox 868 1668 998 1725; x_wconf 88' lang='lat' dir='ltr'>Tantum</span> <span class='ocrx_word' id='word_1_95' title='bbox 1015 1675 1116 1724; x_wconf 88' lang='lat' dir='ltr'>autem</span> <span class='ocrx_word' id='word_1_96' title='bbox 1140 1674 1207 1723; x_wconf 88' lang='lat' dir='ltr'>stu-</span> 
     </span>
     <span class='ocr_line' id='line_1_17' title="bbox 195 1761 1208 1842; baseline 0 -23"><span class='ocrx_word' id='word_1_97' title='bbox 195 1762 284 1820; x_wconf 91' lang='lat' dir='ltr'>dium</span> <span class='ocrx_word' id='word_1_98' title='bbox 298 1765 433 1842; x_wconf 83' lang='lat' dir='ltr'>antiquis</span> <span class='ocrx_word' id='word_1_99' title='bbox 447 1785 506 1822; x_wconf 88' lang='lat' dir='ltr'>nou</span> <span class='ocrx_word' id='word_1_100' title='bbox 529 1764 626 1822; x_wconf 90' lang='lat' dir='ltr'>solum</span> <span class='ocrx_word' id='word_1_101' title='bbox 646 1764 804 1822; x_wconf 76' lang='lat' dir='ltr'>servandae</span> <span class='ocrx_word' id='word_1_102' title='bbox 823 1764 876 1823; x_wconf 90' lang='lat' dir='ltr'>sed</span> <span class='ocrx_word' id='word_1_103' title='bbox 899 1765 990 1822; x_wconf 87' lang='lat' dir='ltr'>etiam</span> <span class='ocrx_word' id='word_1_104' title='bbox 1012 1761 1208 1841; x_wconf 84' lang='lat' dir='ltr'>amplifican-</span> 
     </span>
     <span class='ocr_line' id='line_1_18' title="bbox 196 1859 1217 1939; baseline 0.001 -23"><span class='ocrx_word' id='word_1_105' title='bbox 196 1859 246 1918; x_wconf 84' lang='lat' dir='ltr'>dae</span> <span class='ocrx_word' id='word_1_106' title='bbox 261 1860 419 1937; x_wconf 80' lang='lat' dir='ltr'>religionis</span> <span class='ocrx_word' id='word_1_107' title='bbox 440 1861 508 1931; x_wconf 78' lang='lat' dir='ltr'>suit,</span> <span class='ocrx_word' id='word_1_108' title='bbox 530 1869 574 1929; x_wconf 90' lang='lat' dir='ltr'>ut,</span> <span class='ocrx_word' id='word_1_109' title='bbox 593 1861 810 1920; x_wconf 80' lang='lat' dir='ltr'>florentissima</span> <span class='ocrx_word' id='word_1_110' title='bbox 826 1868 891 1919; x_wconf 89' lang='lat' dir='ltr'>tum</span> <span class='ocrx_word' id='word_1_111' title='bbox 916 1869 946 1918; x_wconf 91' lang='lat' dir='ltr'>et</span> <span class='ocrx_word' id='word_1_112' title='bbox 969 1859 1217 1939; x_wconf 88' lang='lat' dir='ltr'>opulentissima·</span> 
     </span>
     <span class='ocr_line' id='line_1_19' title="bbox 196 1955 1207 2036; baseline -0.001 -23"><span class='ocrx_word' id='word_1_113' title='bbox 196 1957 336 2028; x_wconf 88' lang='lat' dir='ltr'>civitate,</span> <span class='ocrx_word' id='word_1_114' title='bbox 356 1957 393 2015; x_wconf 92' lang='lat' dir='ltr'>dc</span> <span class='ocrx_word' id='word_1_115' title='bbox 409 1958 583 2036; x_wconf 87' lang='lat' dir='ltr'>principum</span> <span class='ocrx_word' id='word_1_116' title='bbox 603 1958 672 2015; x_wconf 86' lang='lat' dir='ltr'>filiis</span> <span class='ocrx_word' id='word_1_117' title='bbox 686 1979 736 2015; x_wconf 89' lang='lat' dir='ltr'>sex</span> <span class='ocrx_word' id='word_1_118' title='bbox 757 1967 880 2016; x_wconf 89' lang='lat' dir='ltr'>senatus</span> <span class='ocrx_word' id='word_1_119' title='bbox 907 1957 1048 2016; x_wconf 90' lang='lat' dir='ltr'>consulto</span> <span class='ocrx_word' id='word_1_120' title='bbox 1072 1955 1207 2033; x_wconf 72' lang='lat' dir='ltr'>singulis</span> 
     </span>
     <span class='ocr_line' id='line_1_20' title="bbox 200 2053 1204 2134; baseline -0.001 -23"><span class='ocrx_word' id='word_1_121' title='bbox 200 2054 330 2112; x_wconf 86' lang='lat' dir='ltr'>Etruriae</span> <span class='ocrx_word' id='word_1_122' title='bbox 343 2055 477 2133; x_wconf 75' lang='lat' dir='ltr'>populis,</span> <span class='ocrx_word' id='word_1_123' title='bbox 493 2055 698 2134; x_wconf 73' lang='lat' dir='ltr'>percipiendae</span> <span class='ocrx_word' id='word_1_124' title='bbox 722 2075 877 2113; x_wconf 86' lang='lat' dir='ltr'>sacrorum</span> <span class='ocrx_word' id='word_1_125' title='bbox 896 2054 1068 2132; x_wconf 70' lang='lat' dir='ltr'>disciplinae</span> <span class='ocrx_word' id='word_1_126' title='bbox 1091 2053 1204 2129; x_wconf 76' lang='lat' dir='ltr'>gratia,</span> 
     </span>
    </p>
   </div>
   <div class='ocr_carea' id='block_1_6' title="bbox 117 2141 1207 2598">
    <p class='ocr_par' dir='ltr' id='par_1_7' title="bbox 117 2141 1207 2598">
     <span class='ocr_line' id='line_1_21' title="bbox 117 2141 1206 2231; baseline -0.003 -22"><span class='ocrx_word' id='word_1_127' title='bbox 117 2141 120 2148; x_wconf 45' lang='lat'>¹</span> <span class='ocrx_word' id='word_1_128' title='bbox 198 2151 422 2209; x_wconf 84' lang='lat' dir='ltr'>traderentur*.</span> <span class='ocrx_word' id='word_1_129' title='bbox 445 2152 513 2209; x_wconf 91' lang='lat' dir='ltr'>Non</span> <span class='ocrx_word' id='word_1_130' title='bbox 541 2153 650 2210; x_wconf 90' lang='lat' dir='ltr'>mirum</span> <span class='ocrx_word' id='word_1_131' title='bbox 676 2153 780 2229; x_wconf 74' lang='lat' dir='ltr'>igitur,</span> <span class='ocrx_word' id='word_1_132' title='bbox 806 2152 829 2209; x_wconf 91' lang='lat' dir='ltr'>si</span> <span class='ocrx_word' id='word_1_133' title='bbox 855 2172 910 2231; x_wconf 91' lang='lat' dir='ltr'>pro</span> <span class='ocrx_word' id='word_1_134' title='bbox 938 2159 1043 2209; x_wconf 91' lang='lat' dir='ltr'>nostro</span> <span class='ocrx_word' id='word_1_135' title='bbox 1073 2149 1206 2229; x_wconf 88' lang='lat' dir='ltr'>imperio</span> 
     </span>
     <span class='ocr_line' id='line_1_22' title="bbox 198 2246 1206 2334; baseline -0.001 -29"><span class='ocrx_word' id='word_1_136' title='bbox 198 2248 340 2334; x_wconf 82' lang='lat' dir='ltr'>augendo</span> <span class='ocrx_word' id='word_1_137' title='bbox 367 2249 631 2327; x_wconf 85' lang='lat' dir='ltr'>custodiendoque</span> <span class='ocrx_word' id='word_1_138' title='bbox 661 2249 800 2327; x_wconf 85' lang='lat' dir='ltr'>pertinax</span> <span class='ocrx_word' id='word_1_139' title='bbox 843 2249 970 2307; x_wconf 88' lang='lat' dir='ltr'>deorum</span> <span class='ocrx_word' id='word_1_140' title='bbox 1005 2246 1206 2320; x_wconf 78' lang='lat' dir='ltr'>indulgentia</span> 
     </span>
     <span class='ocr_line' id='line_1_23' title="bbox 199 2343 1205 2424; baseline -0.002 -22"><span class='ocrx_word' id='word_1_141' title='bbox 199 2365 320 2424; x_wconf 91' lang='lat' dir='ltr'>semper</span> <span class='ocrx_word' id='word_1_142' title='bbox 334 2346 504 2403; x_wconf 88' lang='lat' dir='ltr'>excubuit*</span> <span class='ocrx_word' id='word_1_143' title='bbox 522 2364 528 2404; x_wconf 89' lang='lat'>:</span> <span class='ocrx_word' id='word_1_144' title='bbox 543 2345 614 2424; x_wconf 91' lang='lat' dir='ltr'>quia</span> <span class='ocrx_word' id='word_1_145' title='bbox 631 2366 798 2424; x_wconf 89' lang='lat' dir='ltr'>numquam</span> <span class='ocrx_word' id='word_1_146' title='bbox 809 2354 943 2404; x_wconf 89' lang='lat' dir='ltr'>remotos</span> <span class='ocrx_word' id='word_1_147' title='bbox 954 2344 992 2404; x_wconf 90' lang='lat' dir='ltr'>ab</span> <span class='ocrx_word' id='word_1_148' title='bbox 1006 2343 1205 2402; x_wconf 81' lang='lat' dir='ltr'>exactissimo</span> 
     </span>
     <span class='ocr_line' id='line_1_24' title="bbox 198 2439 1207 2501; baseline -0.006 -1"><span class='ocrx_word' id='word_1_149' title='bbox 198 2441 284 2500; x_wconf 87' lang='lat' dir='ltr'>cultu</span> <span class='ocrx_word' id='word_1_150' title='bbox 300 2443 545 2500; x_wconf 85' lang='lat' dir='ltr'>caerimoniarum</span> <span class='ocrx_word' id='word_1_151' title='bbox 561 2442 667 2500; x_wconf 87' lang='lat' dir='ltr'>oculos</span> <span class='ocrx_word' id='word_1_152' title='bbox 681 2442 824 2500; x_wconf 88' lang='lat' dir='ltr'>habuisse</span> <span class='ocrx_word' id='word_1_153' title='bbox 839 2450 944 2501; x_wconf 89' lang='lat' dir='ltr'>nostra</span> <span class='ocrx_word' id='word_1_154' title='bbox 968 2442 1076 2499; x_wconf 87' lang='lat' dir='ltr'>civitas</span> <span class='ocrx_word' id='word_1_155' title='bbox 1096 2439 1207 2497; x_wconf 82' lang='lat' dir='ltr'>existi-</span> 
     </span>
     <span class='ocr_line' id='line_1_25' title="bbox 199 2540 378 2598; baseline 0.011 -3"><span class='ocrx_word' id='word_1_156' title='bbox 199 2540 378 2598; x_wconf 88' lang='lat' dir='ltr'>manduest.</span> 
     </span>
    </p>
   </div>
   <div class='ocr_carea' id='block_1_7' title="bbox 196 2662 1208 3834">
    <p class='ocr_par' dir='ltr' id='par_1_8' title="bbox 196 2662 1208 3834">
     <span class='ocr_line' id='line_1_26' title="bbox 230 2662 1202 2728; baseline -0.007 -12"><span class='ocrx_word' id='word_1_157' title='bbox 230 2669 271 2716; x_wconf 72' lang='grc' dir='ltr'>Νο</span> <span class='ocrx_word' id='word_1_158' title='bbox 285 2667 353 2717; x_wconf 86' lang='grc'>435</span> <span class='ocrx_word' id='word_1_159' title='bbox 365 2683 370 2715; x_wconf 92' lang='lat'>:</span> <span class='ocrx_word' id='word_1_160' title='bbox 382 2667 576 2717; x_wconf 79' lang='lat' dir='ltr'>Pontificum</span> <span class='ocrx_word' id='word_1_161' title='bbox 589 2666 737 2717; x_wconf 79' lang='lat' dir='ltr'>scientia.</span> <span class='ocrx_word' id='word_1_162' title='bbox 754 2665 824 2717; x_wconf 76' lang='lat' dir='ltr'>C&#39;est</span> <span class='ocrx_word' id='word_1_163' title='bbox 837 2681 868 2714; x_wconf 90' lang='lat' dir='ltr'>ce</span> <span class='ocrx_word' id='word_1_164' title='bbox 881 2666 960 2728; x_wconf 89' lang='lat' dir='ltr'>qu&#39;on</span> <span class='ocrx_word' id='word_1_165' title='bbox 973 2665 1092 2727; x_wconf 86' lang='lat' dir='ltr'>appelait</span> <span class='ocrx_word' id='word_1_166' title='bbox 1111 2662 1135 2710; x_wconf 89' lang='lat' dir='ltr'>lc</span> <span class='ocrx_word' id='word_1_167' title='bbox 1151 2663 1202 2725; x_wconf 82' lang='lat' dir='ltr'>jus</span> 
     </span>
     <span class='ocr_line' id='line_1_27' title="bbox 196 2725 1206 2794; baseline -0.008 -16"><span class='ocrx_word' id='word_1_168' title='bbox 196 2729 353 2793; x_wconf 76' lang='lat' dir='ltr'>pontificale</span> <span class='ocrx_word' id='word_1_169' title='bbox 366 2745 400 2777; x_wconf 86' lang='lat' dir='ltr'>ou</span> <span class='ocrx_word' id='word_1_170' title='bbox 415 2729 594 2791; x_wconf 81' lang='lat' dir='ltr'>pontificium.</span> <span class='ocrx_word' id='word_1_171' title='bbox 616 2729 666 2794; x_wconf 45' lang='lat' dir='ltr'>&#39;Les</span> <span class='ocrx_word' id='word_1_172' title='bbox 686 2729 803 2790; x_wconf 79' lang='lat' dir='ltr'>pontisas</span> <span class='ocrx_word' id='word_1_173' title='bbox 821 2728 890 2790; x_wconf 85' lang='lat' dir='ltr'>(voir</span> <span class='ocrx_word' id='word_1_174' title='bbox 906 2743 936 2775; x_wconf 90' lang='lat' dir='ltr'>ce</span> <span class='ocrx_word' id='word_1_175' title='bbox 956 2731 1012 2775; x_wconf 85' lang='lat' dir='ltr'>mot</span> <span class='ocrx_word' id='word_1_176' title='bbox 1034 2741 1067 2774; x_wconf 90' lang='lat' dir='ltr'>au</span> <span class='ocrx_word' id='word_1_177' title='bbox 1086 2725 1206 2787; x_wconf 87' lang='lat' dir='ltr'>lexique)</span> 
     </span>
     <span class='ocr_line' id='line_1_28' title="bbox 200 2789 1207 2852; baseline -0.006 -14"><span class='ocrx_word' id='word_1_178' title='bbox 200 2792 301 2839; x_wconf 80' lang='lat' dir='ltr'>etaient</span> <span class='ocrx_word' id='word_1_179' title='bbox 311 2792 349 2838; x_wconf 91' lang='lat' dir='ltr'>les</span> <span class='ocrx_word' id='word_1_180' title='bbox 363 2792 528 2852; x_wconf 76' lang='lat' dir='ltr'>theologicus</span> <span class='ocrx_word' id='word_1_181' title='bbox 542 2792 573 2837; x_wconf 90' lang='lat' dir='ltr'>de</span> <span class='ocrx_word' id='word_1_182' title='bbox 589 2791 677 2849; x_wconf 78' lang='lat' dir='ltr'>l&#39;Etat,</span> <span class='ocrx_word' id='word_1_183' title='bbox 692 2794 719 2837; x_wconf 85' lang='lat' dir='ltr'>et</span> <span class='ocrx_word' id='word_1_184' title='bbox 740 2790 850 2851; x_wconf 83' lang='lat' dir='ltr'>charge&#39;s</span> <span class='ocrx_word' id='word_1_185' title='bbox 874 2805 977 2836; x_wconf 91' lang='lat' dir='ltr'>comme</span> <span class='ocrx_word' id='word_1_186' title='bbox 992 2789 1043 2836; x_wconf 89' lang='lat' dir='ltr'>tels</span> <span class='ocrx_word' id='word_1_187' title='bbox 1060 2789 1108 2834; x_wconf 91' lang='lat' dir='ltr'>des</span> <span class='ocrx_word' id='word_1_188' title='bbox 1128 2801 1207 2834; x_wconf 82' lang='lat' dir='ltr'>sacra</span> 
     </span>
     <span class='ocr_line' id='line_1_29' title="bbox 196 2848 1208 2916; baseline -0.006 -16"><span class='ocrx_word' id='word_1_189' title='bbox 196 2853 309 2916; x_wconf 88' lang='lat' dir='ltr'>publica.</span> <span class='ocrx_word' id='word_1_190' title='bbox 328 2854 484 2914; x_wconf 77' lang='lat' dir='ltr'>(distinguer</span> <span class='ocrx_word' id='word_1_191' title='bbox 497 2854 534 2899; x_wconf 92' lang='lat' dir='ltr'>les</span> <span class='ocrx_word' id='word_1_192' title='bbox 548 2853 635 2912; x_wconf 84' lang='lat' dir='ltr'>objets</span> <span class='ocrx_word' id='word_1_193' title='bbox 652 2851 738 2898; x_wconf 77' lang='lat' dir='ltr'>sacres</span> <span class='ocrx_word' id='word_1_194' title='bbox 756 2853 802 2898; x_wconf 90' lang='lat' dir='ltr'>des</span> <span class='ocrx_word' id='word_1_195' title='bbox 820 2853 959 2913; x_wconf 85' lang='lat' dir='ltr'>profanes;</span> <span class='ocrx_word' id='word_1_196' title='bbox 971 2851 1056 2910; x_wconf 77' lang='lat' dir='ltr'>regler</span> <span class='ocrx_word' id='word_1_197' title='bbox 1072 2850 1111 2896; x_wconf 91' lang='lat' dir='ltr'>les</span> <span class='ocrx_word' id='word_1_198' title='bbox 1122 2848 1208 2895; x_wconf 89' lang='lat' dir='ltr'>sacri-</span> 
     </span>
     <span class='ocr_line' id='line_1_30' title="bbox 199 2910 1207 2976; baseline -0.006 -14"><span class='ocrx_word' id='word_1_199' title='bbox 199 2916 263 2962; x_wconf 86' lang='lat' dir='ltr'>llces</span> <span class='ocrx_word' id='word_1_200' title='bbox 276 2916 309 2960; x_wconf 90' lang='lat' dir='ltr'>de</span> <span class='ocrx_word' id='word_1_201' title='bbox 321 2919 411 2962; x_wconf 86' lang='lat' dir='ltr'>tontes</span> <span class='ocrx_word' id='word_1_202' title='bbox 425 2919 519 2974; x_wconf 74' lang='lat' dir='ltr'>sortes,</span> <span class='ocrx_word' id='word_1_203' title='bbox 531 2915 569 2960; x_wconf 89' lang='lat' dir='ltr'>les</span> <span class='ocrx_word' id='word_1_204' title='bbox 583 2915 659 2976; x_wconf 84' lang='lat' dir='ltr'>jours</span> <span class='ocrx_word' id='word_1_205' title='bbox 674 2915 756 2960; x_wconf 80' lang='lat' dir='ltr'>fustes</span> <span class='ocrx_word' id='word_1_206' title='bbox 767 2917 794 2960; x_wconf 87' lang='lat' dir='ltr'>et</span> <span class='ocrx_word' id='word_1_207' title='bbox 805 2913 930 2972; x_wconf 74' lang='lat' dir='ltr'>uetustas,</span> <span class='ocrx_word' id='word_1_208' title='bbox 946 2914 984 2960; x_wconf 88' lang='lat' dir='ltr'>les</span> <span class='ocrx_word' id='word_1_209' title='bbox 998 2912 1077 2958; x_wconf 84' lang='lat' dir='ltr'>fe&#39;ries</span> <span class='ocrx_word' id='word_1_210' title='bbox 1094 2910 1207 2958; x_wconf 80' lang='lat' dir='ltr'>statiues</span> 
     </span>
     <span class='ocr_line' id='line_1_31' title="bbox 199 2972 1207 3037; baseline -0.007 -13"><span class='ocrx_word' id='word_1_211' title='bbox 199 2978 276 3026; x_wconf 84' lang='lat' dir='ltr'>elles</span> <span class='ocrx_word' id='word_1_212' title='bbox 289 2977 366 3023; x_wconf 72' lang='lat' dir='ltr'>feries</span> <span class='ocrx_word' id='word_1_213' title='bbox 376 2977 383 3022; x_wconf 92' lang='lat' dir='ltr'>i</span> <span class='ocrx_word' id='word_1_214' title='bbox 387 2977 523 3033; x_wconf 82' lang='lat' dir='ltr'>ndictiucs,</span> <span class='ocrx_word' id='word_1_215' title='bbox 533 2977 556 3023; x_wconf 92' lang='lat' dir='ltr'>le</span> <span class='ocrx_word' id='word_1_216' title='bbox 568 2976 727 3023; x_wconf 73' lang='lat' dir='ltr'>ceremonia]</span> <span class='ocrx_word' id='word_1_217' title='bbox 737 2977 784 3022; x_wconf 90' lang='lat' dir='ltr'>des</span> <span class='ocrx_word' id='word_1_218' title='bbox 789 2976 862 3036; x_wconf 77' lang='lat' dir='ltr'>jeux,</span> <span class='ocrx_word' id='word_1_219' title='bbox 871 2976 942 3037; x_wconf 75' lang='lat' dir='ltr'>etc).</span> <span class='ocrx_word' id='word_1_220' title='bbox 952 2975 1020 3022; x_wconf 89' lang='lat' dir='ltr'>Leur</span> <span class='ocrx_word' id='word_1_221' title='bbox 1030 2972 1207 3034; x_wconf 73' lang='lat' dir='ltr'>competence</span> 
     </span>
     <span class='ocr_line' id='line_1_32' title="bbox 200 3035 1205 3101; baseline -0.007 -15"><span class='ocrx_word' id='word_1_222' title='bbox 200 3039 343 3086; x_wconf 85' lang='lat' dir='ltr'>s&#39;e&#39;tendait</span> <span class='ocrx_word' id='word_1_223' title='bbox 356 3040 428 3086; x_wconf 88' lang='lat' dir='ltr'>aussi</span> <span class='ocrx_word' id='word_1_224' title='bbox 442 3054 488 3085; x_wconf 90' lang='lat' dir='ltr'>sur</span> <span class='ocrx_word' id='word_1_225' title='bbox 501 3038 539 3084; x_wconf 91' lang='lat' dir='ltr'>les</span> <span class='ocrx_word' id='word_1_226' title='bbox 550 3053 626 3085; x_wconf 88' lang='lat' dir='ltr'>sacra</span> <span class='ocrx_word' id='word_1_227' title='bbox 635 3037 741 3101; x_wconf 85' lang='lat' dir='ltr'>priuata</span> <span class='ocrx_word' id='word_1_228' title='bbox 759 3052 764 3085; x_wconf 91' lang='lat'>:</span> <span class='ocrx_word' id='word_1_229' title='bbox 778 3038 848 3084; x_wconf 88' lang='lat' dir='ltr'>culte</span> <span class='ocrx_word' id='word_1_230' title='bbox 859 3038 906 3083; x_wconf 93' lang='lat' dir='ltr'>des</span> <span class='ocrx_word' id='word_1_231' title='bbox 927 3039 1020 3094; x_wconf 82' lang='lat' dir='ltr'>morts,</span> <span class='ocrx_word' id='word_1_232' title='bbox 1041 3035 1205 3096; x_wconf 68' lang='lat' dir='ltr'>sepullum,</span> 
     </span>
     <span class='ocr_line' id='line_1_33' title="bbox 198 3097 1205 3162; baseline -0.005 -16"><span class='ocrx_word' id='word_1_233' title='bbox 198 3100 351 3162; x_wconf 74' lang='lat' dir='ltr'>perpetuite&#39;</span> <span class='ocrx_word' id='word_1_234' title='bbox 365 3101 411 3146; x_wconf 88' lang='lat' dir='ltr'>des</span> <span class='ocrx_word' id='word_1_235' title='bbox 423 3100 583 3160; x_wconf 73' lang='lat' dir='ltr'>obligations</span> <span class='ocrx_word' id='word_1_236' title='bbox 601 3098 768 3147; x_wconf 80' lang='lat' dir='ltr'>contractees</span> <span class='ocrx_word' id='word_1_237' title='bbox 793 3113 842 3160; x_wconf 89' lang='lat' dir='ltr'>par</span> <span class='ocrx_word' id='word_1_238' title='bbox 860 3099 898 3145; x_wconf 90' lang='lat' dir='ltr'>les</span> <span class='ocrx_word' id='word_1_239' title='bbox 920 3097 1032 3145; x_wconf 86' lang='lat' dir='ltr'>lamilles</span> <span class='ocrx_word' id='word_1_240' title='bbox 1053 3097 1205 3156; x_wconf 84' lang='lat' dir='ltr'>(mariages‚</span> 
     </span>
     <span class='ocr_line' id='line_1_34' title="bbox 197 3157 1203 3223; baseline -0.005 -15"><span class='ocrx_word' id='word_1_241' title='bbox 197 3163 353 3223; x_wconf 51' lang='lat' dir='ltr'>adoptione</span> <span class='ocrx_word' id='word_1_242' title='bbox 364 3163 667 3218; x_wconf 80' lang='lat' dir='ltr'>testaments,mutation</span> <span class='ocrx_word' id='word_1_243' title='bbox 679 3163 705 3206; x_wconf 86' lang='lat' dir='ltr'>et</span> <span class='ocrx_word' id='word_1_244' title='bbox 717 3160 901 3207; x_wconf 87' lang='lat' dir='ltr'>transmission</span> <span class='ocrx_word' id='word_1_245' title='bbox 908 3161 955 3206; x_wconf 93' lang='lat' dir='ltr'>des</span> <span class='ocrx_word' id='word_1_246' title='bbox 963 3157 1122 3220; x_wconf 73' lang='lat' dir='ltr'>proprietas,</span> <span class='ocrx_word' id='word_1_247' title='bbox 1131 3157 1203 3215; x_wconf 77' lang='lat' dir='ltr'>ete).</span> 
     </span>
     <span class='ocr_line' id='line_1_35' title="bbox 200 3219 1204 3282; baseline -0.006 -12"><span class='ocrx_word' id='word_1_248' title='bbox 200 3223 344 3270; x_wconf 79' lang='lat' dir='ltr'>Ilsetaienl</span> <span class='ocrx_word' id='word_1_249' title='bbox 357 3225 428 3270; x_wconf 90' lang='lat' dir='ltr'>aussi</span> <span class='ocrx_word' id='word_1_250' title='bbox 445 3224 482 3270; x_wconf 92' lang='lat' dir='ltr'>les</span> <span class='ocrx_word' id='word_1_251' title='bbox 498 3225 668 3270; x_wconf 84' lang='lat' dir='ltr'>desservants</span> <span class='ocrx_word' id='word_1_252' title='bbox 687 3222 718 3268; x_wconf 89' lang='lat' dir='ltr'>de</span> <span class='ocrx_word' id='word_1_253' title='bbox 740 3221 828 3268; x_wconf 78' lang='lat' dir='ltr'>divers</span> <span class='ocrx_word' id='word_1_254' title='bbox 850 3221 934 3268; x_wconf 87' lang='lat' dir='ltr'>cultes</span> <span class='ocrx_word' id='word_1_255' title='bbox 953 3221 1055 3282; x_wconf 79' lang='lat' dir='ltr'>(Vesta,</span> <span class='ocrx_word' id='word_1_256' title='bbox 1079 3219 1204 3276; x_wconf 74' lang='lat' dir='ltr'>Penates,</span> 
     </span>
     <span class='ocr_line' id='line_1_36' title="bbox 200 3280 1204 3393; baseline -0.006 -61"><span class='ocrx_word' id='word_1_257' title='bbox 200 3286 290 3344; x_wconf 78' lang='lat' dir='ltr'>Lares,</span> <span class='ocrx_word' id='word_1_258' title='bbox 306 3286 412 3347; x_wconf 85' lang='lat' dir='ltr'>Jupiter</span> <span class='ocrx_word' id='word_1_259' title='bbox 421 3285 573 3393; x_wconf 42' lang='lat' dir='ltr'>Capitolinp.</span> <span class='ocrx_word' id='word_1_260' title='bbox 590 3312 618 3320; x_wconf 91' lang='lat'>-</span> <span class='ocrx_word' id='word_1_261' title='bbox 631 3283 810 3344; x_wconf 80' lang='lat' dir='ltr'>Augurum.</span> <span class='ocrx_word' id='word_1_262' title='bbox 828 3283 894 3329; x_wconf 93' lang='lat' dir='ltr'>Voir</span> <span class='ocrx_word' id='word_1_263' title='bbox 908 3297 938 3329; x_wconf 87' lang='lat' dir='ltr'>ce</span> <span class='ocrx_word' id='word_1_264' title='bbox 960 3285 1016 3328; x_wconf 86' lang='lat' dir='ltr'>mot</span> <span class='ocrx_word' id='word_1_265' title='bbox 1033 3296 1066 3329; x_wconf 88' lang='lat' dir='ltr'>au</span> <span class='ocrx_word' id='word_1_266' title='bbox 1087 3280 1204 3340; x_wconf 82' lang='lat' dir='ltr'>texique.</span> 
     </span>
     <span class='ocr_line' id='line_1_37' title="bbox 200 3343 1205 3408; baseline -0.01 -12"><span class='ocrx_word' id='word_1_267' title='bbox 200 3375 229 3382; x_wconf 92' lang='lat'>—</span> <span class='ocrx_word' id='word_1_268' title='bbox 241 3348 361 3396; x_wconf 84' lang='lat' dir='ltr'>Libris.</span> <span class='ocrx_word' id='word_1_269' title='bbox 377 3349 443 3394; x_wconf 89' lang='lat' dir='ltr'>Voir</span> <span class='ocrx_word' id='word_1_270' title='bbox 455 3346 519 3394; x_wconf 83' lang='lat' dir='ltr'>libri</span> <span class='ocrx_word' id='word_1_271' title='bbox 529 3345 553 3392; x_wconf 86' lang='lat' dir='ltr'>si</span> <span class='ocrx_word' id='word_1_272' title='bbox 573 3346 655 3408; x_wconf 78' lang='lat' dir='ltr'>ylliui</span> <span class='ocrx_word' id='word_1_273' title='bbox 666 3360 699 3392; x_wconf 89' lang='lat' dir='ltr'>au</span> <span class='ocrx_word' id='word_1_274' title='bbox 713 3344 826 3404; x_wconf 74' lang='lat' dir='ltr'>lenique,</span> <span class='ocrx_word' id='word_1_275' title='bbox 841 3347 868 3391; x_wconf 88' lang='lat' dir='ltr'>et</span> <span class='ocrx_word' id='word_1_276' title='bbox 880 3345 918 3390; x_wconf 91' lang='lat' dir='ltr'>les</span> <span class='ocrx_word' id='word_1_277' title='bbox 929 3347 1006 3391; x_wconf 89' lang='lat' dir='ltr'>notes</span> <span class='ocrx_word' id='word_1_278' title='bbox 1019 3344 1051 3389; x_wconf 93' lang='lat' dir='ltr'>de</span> <span class='ocrx_word' id='word_1_279' title='bbox 1064 3343 1089 3389; x_wconf 90' lang='lat' dir='ltr'>la</span> <span class='ocrx_word' id='word_1_280' title='bbox 1097 3343 1205 3388; x_wconf 85' lang='lat' dir='ltr'>version</span> 
     </span>
     <span class='ocr_line' id='line_1_38' title="bbox 199 3401 1203 3467; baseline -0.008 -11"><span class='ocrx_word' id='word_1_281' title='bbox 199 3418 229 3456; x_wconf 84' lang='lat' dir='ltr'>n⁰</span> <span class='ocrx_word' id='word_1_282' title='bbox 245 3413 297 3456; x_wconf 65' lang='lat'>401.</span> <span class='ocrx_word' id='word_1_283' title='bbox 312 3437 341 3444; x_wconf 90' lang='lat'><em>-</em></span> <span class='ocrx_word' id='word_1_284' title='bbox 357 3411 507 3459; x_wconf 82' lang='lat' dir='ltr'>Etrusca.</span> <span class='ocrx_word' id='word_1_285' title='bbox 520 3409 587 3455; x_wconf 90' lang='lat' dir='ltr'>Voir</span> <span class='ocrx_word' id='word_1_286' title='bbox 599 3423 631 3454; x_wconf 89' lang='lat' dir='ltr'>au</span> <span class='ocrx_word' id='word_1_287' title='bbox 647 3407 751 3467; x_wconf 84' lang='lat' dir='ltr'>lexique</span> <span class='ocrx_word' id='word_1_288' title='bbox 765 3405 847 3452; x_wconf 86' lang='lat' dir='ltr'>harus</span> <span class='ocrx_word' id='word_1_289' title='bbox 868 3421 899 3452; x_wconf 79' lang='lat' dir='ltr'>ea</span> <span class='ocrx_word' id='word_1_290' title='bbox 914 3409 940 3452; x_wconf 85' lang='lat' dir='ltr'>et</span> <span class='ocrx_word' id='word_1_291' title='bbox 951 3405 1033 3452; x_wconf 86' lang='lat' dir='ltr'>barus</span> <span class='ocrx_word' id='word_1_292' title='bbox 1054 3403 1119 3450; x_wconf 87' lang='lat' dir='ltr'>icini</span> <span class='ocrx_word' id='word_1_293' title='bbox 1129 3401 1203 3450; x_wconf 82' lang='lat' dir='ltr'>libri.</span> 
     </span>
     <span class='ocr_line' id='line_1_39' title="bbox 198 3464 1202 3531; baseline -0.01 -12"><span class='ocrx_word' id='word_1_294' title='bbox 198 3499 231 3505; x_wconf 97' lang='lat'>—</span> <span class='ocrx_word' id='word_1_295' title='bbox 244 3472 320 3528; x_wconf 77' lang='lat' dir='ltr'>Quo,</span> <span class='ocrx_word' id='word_1_296' title='bbox 335 3471 537 3518; x_wconf 84' lang='lat' dir='ltr'>sous-entendez</span> <span class='ocrx_word' id='word_1_297' title='bbox 556 3468 698 3531; x_wconf 80' lang='lat' dir='ltr'>sacrificio.</span> <span class='ocrx_word' id='word_1_298' title='bbox 720 3495 748 3502; x_wconf 92' lang='lat'>—</span> <span class='ocrx_word' id='word_1_299' title='bbox 768 3467 836 3516; x_wconf 81' lang='lat' dir='ltr'>Tra</span> <span class='ocrx_word' id='word_1_300' title='bbox 859 3469 1004 3516; x_wconf 75' lang='lat' dir='ltr'>crentur.</span> <span class='ocrx_word' id='word_1_301' title='bbox 1042 3467 1058 3512; x_wconf 90' lang='lat' dir='ltr'>l&#39;.</span> <span class='ocrx_word' id='word_1_302' title='bbox 1079 3464 1202 3519; x_wconf 78' lang='lat' dir='ltr'>Ciceron,</span> 
     </span>
     <span class='ocr_line' id='line_1_40' title="bbox 199 3525 1205 3591; baseline -0.008 -12"><span class='ocrx_word' id='word_1_303' title='bbox 199 3533 233 3579; x_wconf 89' lang='lat' dir='ltr'>de</span> <span class='ocrx_word' id='word_1_304' title='bbox 246 3533 371 3588; x_wconf 64' lang='lat' dir='ltr'>lliuinat.q</span> <span class='ocrx_word' id='word_1_305' title='bbox 387 3534 406 3589; x_wconf 83' lang='lat'>1,</span> <span class='ocrx_word' id='word_1_306' title='bbox 421 3535 463 3589; x_wconf 76' lang='lat'>413</span> <span class='ocrx_word' id='word_1_307' title='bbox 477 3535 504 3578; x_wconf 84' lang='lat' dir='ltr'>el</span> <span class='ocrx_word' id='word_1_308' title='bbox 514 3531 613 3587; x_wconf 67' lang='lat' dir='ltr'>Tacite,</span> <span class='ocrx_word' id='word_1_309' title='bbox 629 3532 709 3587; x_wconf 58' lang='lat' dir='ltr'>Arm„</span> <span class='ocrx_word' id='word_1_310' title='bbox 720 3529 764 3587; x_wconf 75' lang='lat' dir='ltr'>xl,</span> <span class='ocrx_word' id='word_1_311' title='bbox 777 3533 814 3576; x_wconf 84' lang='lat'>15.</span> <span class='ocrx_word' id='word_1_312' title='bbox 829 3529 864 3576; x_wconf 91' lang='lat' dir='ltr'>Le</span> <span class='ocrx_word' id='word_1_313' title='bbox 875 3530 930 3576; x_wconf 85' lang='lat' dir='ltr'>mot</span> <span class='ocrx_word' id='word_1_314' title='bbox 946 3527 1085 3591; x_wconf 87' lang='lat' dir='ltr'>principes</span> <span class='ocrx_word' id='word_1_315' title='bbox 1101 3525 1205 3573; x_wconf 89' lang='lat' dir='ltr'>semble</span> 
     </span>
     <span class='ocr_line' id='line_1_41' title="bbox 199 3588 1204 3655; baseline -0.005 -16"><span class='ocrx_word' id='word_1_316' title='bbox 199 3593 324 3655; x_wconf 75' lang='lat' dir='ltr'>designer</span> <span class='ocrx_word' id='word_1_317' title='bbox 334 3596 367 3640; x_wconf 87' lang='lat' dir='ltr'>ici</span> <span class='ocrx_word' id='word_1_318' title='bbox 381 3596 427 3640; x_wconf 88' lang='lat' dir='ltr'>des</span> <span class='ocrx_word' id='word_1_319' title='bbox 440 3593 571 3642; x_wconf 90' lang='lat' dir='ltr'>membres</span> <span class='ocrx_word' id='word_1_320' title='bbox 585 3594 632 3638; x_wconf 91' lang='lat' dir='ltr'>des</span> <span class='ocrx_word' id='word_1_321' title='bbox 645 3591 758 3652; x_wconf 83' lang='lat' dir='ltr'>grandes</span> <span class='ocrx_word' id='word_1_322' title='bbox 767 3590 878 3637; x_wconf 83' lang='lat' dir='ltr'>lamilles</span> <span class='ocrx_word' id='word_1_323' title='bbox 892 3591 1025 3637; x_wconf 89' lang='lat' dir='ltr'>romaines</span> <span class='ocrx_word' id='word_1_324' title='bbox 1049 3615 1078 3622; x_wconf 97' lang='lat'>-</span> <span class='ocrx_word' id='word_1_325' title='bbox 1095 3588 1204 3638; x_wconf 79' lang='lat' dir='ltr'>Excu-</span> 
     </span>
     <span class='ocr_line' id='line_1_42' title="bbox 200 3649 1205 3712; baseline -0.008 -10"><span class='ocrx_word' id='word_1_326' title='bbox 200 3656 282 3703; x_wconf 76' lang='lat' dir='ltr'>huit.</span> <span class='ocrx_word' id='word_1_327' title='bbox 309 3657 368 3700; x_wconf 81' lang='lat' dir='ltr'>Aux</span> <span class='ocrx_word' id='word_1_328' title='bbox 392 3653 596 3712; x_wconf 82' lang='lat' dir='ltr'>derniersjours</span> <span class='ocrx_word' id='word_1_329' title='bbox 622 3654 657 3698; x_wconf 91' lang='lat' dir='ltr'>du</span> <span class='ocrx_word' id='word_1_330' title='bbox 678 3651 840 3712; x_wconf 64' lang='lat' dir='ltr'>paganssme,</span> <span class='ocrx_word' id='word_1_331' title='bbox 861 3649 985 3698; x_wconf 76' lang='lat' dir='ltr'>c&#39;etaient</span> <span class='ocrx_word' id='word_1_332' title='bbox 1008 3651 1034 3697; x_wconf 80' lang='lat' dir='ltr'>la</span> <span class='ocrx_word' id='word_1_333' title='bbox 1051 3664 1147 3696; x_wconf 90' lang='lat' dir='ltr'>encore</span> <span class='ocrx_word' id='word_1_334' title='bbox 1165 3649 1205 3694; x_wconf 92' lang='lat' dir='ltr'>les</span> 
     </span>
     <span class='ocr_line' id='line_1_43' title="bbox 200 3711 1205 3775; baseline -0.004 -15"><span class='ocrx_word' id='word_1_335' title='bbox 200 3715 274 3761; x_wconf 73' lang='lat' dir='ltr'>iders</span> <span class='ocrx_word' id='word_1_336' title='bbox 294 3717 326 3760; x_wconf 90' lang='lat' dir='ltr'>de</span> <span class='ocrx_word' id='word_1_337' title='bbox 348 3715 518 3775; x_wconf 67' lang='lat' dir='ltr'>Symmaquc,</span> <span class='ocrx_word' id='word_1_338' title='bbox 538 3714 683 3762; x_wconf 80' lang='lat' dir='ltr'>reclamant</span> <span class='ocrx_word' id='word_1_339' title='bbox 700 3713 746 3758; x_wconf 91' lang='lat' dir='ltr'>des</span> <span class='ocrx_word' id='word_1_340' title='bbox 768 3726 920 3773; x_wconf 90' lang='lat' dir='ltr'>empereurs</span> <span class='ocrx_word' id='word_1_341' title='bbox 939 3713 964 3760; x_wconf 89' lang='lat' dir='ltr'>le</span> <span class='ocrx_word' id='word_1_342' title='bbox 986 3711 1205 3760; x_wconf 78' lang='lat' dir='ltr'>retablissement</span> 
     </span>
     <span class='ocr_line' id='line_1_44' title="bbox 198 3775 573 3834; baseline -0.003 -14"><span class='ocrx_word' id='word_1_343' title='bbox 198 3777 235 3821; x_wconf 85' lang='lat' dir='ltr'>de</span> <span class='ocrx_word' id='word_1_344' title='bbox 247 3775 335 3822; x_wconf 76' lang='lat' dir='ltr'>l‘autel</span> <span class='ocrx_word' id='word_1_345' title='bbox 348 3776 380 3820; x_wconf 88' lang='lat' dir='ltr'>de</span> <span class='ocrx_word' id='word_1_346' title='bbox 393 3776 418 3820; x_wconf 90' lang='lat' dir='ltr'>la</span> <span class='ocrx_word' id='word_1_347' title='bbox 431 3775 557 3820; x_wconf 84' lang='lat' dir='ltr'>Victoire.</span> <span class='ocrx_word' id='word_1_348' title='bbox 570 3827 573 3834; x_wconf 35' lang='grc' dir='ltr'>Ι</span> 
     </span>
    </p>
   </div>
   <div class='ocr_carea' id='block_1_8' title="bbox 624 3873 780 3924">
    <p class='ocr_par' dir='ltr' id='par_1_9' title="bbox 624 3873 780 3924">
     <span class='ocr_line' id='line_1_45' title="bbox 624 3873 780 3924; baseline 0.006 -1"><span class='ocrx_word' id='word_1_349' title='bbox 624 3873 780 3924; x_wconf 79' lang='lat'><strong>-438-</strong></span> 
     </span>
    </p>
   </div>
   <div class='ocr_carea' id='block_1_9' title="bbox 0 0 1337 4234">
    <p class='ocr_par' dir='ltr' id='par_1_10' title="bbox 0 0 1337 4234">
     <span class='ocr_line' id='line_1_46' title="bbox 0 0 1337 4234; baseline 0 0"><span class='ocrx_word' id='word_1_350' title='bbox 0 0 1337 4234; x_wconf 95' lang='lat' dir='ltr'> </span> 
     </span>
    </p>
   </div>
  </div>
 </body>
</html>
