2658 4244
343 188 391 246 90
419 192 520 247 Bous
538 190 635 246 mots
654 190 867 258 d'Auguste.

470 291 517 357 (De
531 293 649 358 11090011
653 293 745 357 jocis.)

142 454 305 530 Augustus
320 452 423 511 Caesar
433 453 587 513 affectavit
596 453 714 534 jocos*‚
727 453 812 513 salvo
823 461 925 513 tamen
937 453 1107 534 majestatis
1122 451 1163 514 4θ

101 556 258 628 respectu,
277 570 333 608 nec
347 557 382 608 ut
396 550 520 609 caderet
534 551 566 610 in
588 571 735 610 scurram.
757 551 905 631 Ajacem*
923 551 1106 628 tragoediam

102 646 281 725 scripserat,
294 647 505 727 eamdemque,
518 647 601 726 quod
612 648 669 705 sibi
683 648 921 728 displicuisset*,
933 648 1105 720 deleverat;

1 795 2 806 .
100 750 209 820 postea
229 743 352 802 cuidam
374 745 577 822 interroganti
597 765 666 803 eum
689 744 763 823 quid
786 751 890 823 ageret
907 745 987 825 Ajax
1009 762 1015 805 :
1038 744 1108 801 «ln

1 825 2 828 ¹
101 840 265 918 spongiam
275 841 297 913 *‚
314 841 427 921 inquit,
444 841 596 900 incubuit.
618 867 632 896 0
653 841 737 900 Idem
755 862 825 900 cum
841 842 879 900 ab
900 862 936 900 eo
955 841 1107 900 Pacuvius

99 937 222 995 Taurus
237 937 429 1015 congiarium
440 940 453 963 *
469 945 598 1018 peteret,
615 938 792 1017 diceretque
808 938 873 1018 jam
893 938 952 998 hoc
968 938 1108 996 homines

99 1033 196 1111 vulgo
222 1033 318 1113 loqui,
342 1055 404 1092 non
427 1055 553 1114 parvam
574 1035 632 1094 sibi
655 1035 693 1094 ab
715 1035 769 1094 illo
788 1035 950 1115 pecuniam
973 1035 1105 1095 datam:

1 1143 2 1148 ’
100 1156 115 1185 «
134 1131 195 1189 Sed
212 1138 256 1203 tu,
274 1131 384 1211 inquit,
402 1132 465 1189 noli
480 1131 615 1190 credere.
638 1156 652 1186 n
673 1132 777 1190 Alium
799 1132 1002 1212 praelectura*
1021 1132 1108 1211 equi-

100 1235 168 1286 tum
190 1227 380 1299 submotum,
406 1235 437 1287 et
455 1229 582 1308 insuper
603 1228 747 1286 salarium
767 1228 988 1308 postulantem,
1005 1229 1108 1287 dicen·

99 1333 228 1404 temque
250 1342 257 1385 :
282 1347 297 1379 «
320 1323 391 1383 Non
412 1325 600 1384 lucricausa
623 1325 690 1383 dari
714 1325 773 1384 hoc
794 1325 871 1384 mihi
890 1346 976 1403 rog0,
998 1326 1051 1384 sed
1074 1331 1108 1383 ut

95 1421 217 1500 judicio
242 1428 297 1480 tuo
333 1443 443 1480 munus
472 1422 578 1480 videar
610 1423 802 1500 impetrasse,
838 1429 869 1481 et
901 1423 943 1481 ita
972 1423 1107 1480 officium

98 1517 292 1598 deposuisse,
312 1543 326 1573 >›
346 1519 404 1577 hoc
418 1519 513 1577 verbo
530 1519 716 1598 repercussit
735 1529 743 1579 ¹:
762 1543 776 1591 0
793 1521 838 1578 Το
857 1527 887 1578 10
902 1519 983 1597 apud
1002 1540 1107 1577 omnes

98 1615 256 1694 accepisse
274 1615 401 1688 affirma,
421 1624 452 1674 et
471 1637 527 1694 ego
543 1616 663 1674 dedisse
680 1637 728 1675 me
745 1637 807 1675 non
824 1617 955 1694 negabo.
977 1641 991 1670 »
1010 1615 1108 1675 Urba-

98 1713 203 1771 nitas*
221 1712 359 1793 ejusdem
379 1713 515 1772 innotuit
533 1714 613 1772 circa
637 1713 839 1784 Herennium,
863 1713 1002 1772 deditum
1023 1713 1108 1772 vitiis

94 1810 258 1889 juvenem.
289 1808 386 1874 Quem
412 1830 481 1868 cum
509 1809 617 1868 castris
645 1809 787 1868 recedere
804 1800 964 1890 jussisset,
994 1818 1024 1869 et
1055 1810 1108 1869 ille

99 1906 231 1986 supplex
247 1905 305 1964 hac
320 1905 536 1984 deprecatione
554 1914 692 1965 uteretur
709 1925 715 1967 :
732 1931 746 1961 «
764 1906 926 1973 Quomodo
942 1907 979 1965 ad
994 1907 1107 1986 patrias

98 2003 189 2062 sedes
204 2005 364 2062 revertar?
376 2002 456 2068 Quid
472 2004 552 2083 patri
566 2025 634 2062 mco
649 2003 773 2064 dicam?
789 2029 803 2059 >›
817 2004 977 2083 respondit
992 2022 998 2064 :
1016 2029 1031 2058 0
1049 2004 1108 2063 Ι)10

99 2121 148 2158 me
161 2100 219 2158 tibi
237 2099 440 2178 displicuisse.
457 2125 471 2155 0
489 2101 642 2180 Exceptus
658 2122 674 2159 a
690 2100 823 2181 quodam
839 2122 913 2159 cena
927 2101 1001 2160 satis
1015 2121 1107 2181 parca

98 2205 131 2256 et
146 2197 234 2277 quasi
249 2196 430 2276 quotidiana
448 2197 529 2275 (nam
546 2218 632 2276 paene
647 2198 723 2256 nulli
737 2218 768 2256 se
786 2197 931 2256 invitanti
950 2198 1105 2278 negabat),

99 2301 173 2374 post
195 2294 321 2374 epulum
343 2293 408 2352 sine
433 2301 581 2373 apparatu
610 2294 781 2365 discedens,
809 2295 877 2353 vale
905 2295 1019 2353 dicenti
1049 2294 1108 2354 hoc

1 2445 2 2448 ,
98 2399 223 2450 tantum
243 2390 450 2449 insusurravit
471 2409 477 2450 :
501 2415 515 2444 «
533 2391 602 2449 Non
618 2391 764 2470 putabam
787 2412 835 2450 me
858 2392 912 2450 tibi
936 2400 998 2450 tam
1020 2392 1108 2450 sami-

1 2507 2 2510 ’
100 2489 220 2548 llarem.
238 2513 253 2543 ›)

131 2637 174 2687 N⁰
187 2637 231 2689 90
245 2651 251 2685 :
264 2637 374 2688 docos.
392 2636 430 2685 Cf.
444 2637 482 2684 les
496 2637 565 2684 bons
579 2640 649 2685 mots
662 2638 695 2684 de
711 2637 823 2685 Cice'ron
836 2638 903 2686 dont
917 2639 1107 2700 quelques-uns

98 2699 203 2748 cadunt
217 2699 245 2746 in
256 2712 380 2748 scurram
398 2698 560 2760 (Plutarque,
579 2698 624 2746 Via
642 2699 674 2746 de
690 2699 811 2756 Cicereii,
825 2703 863 2757 25,
877 2705 914 2758 26,
929 2700 976 2761 27).
990 2727 1020 2734 -
1030 2699 1107 2762 Aja-

98 2773 181 2812 cem.
195 2761 263 2808 Voir
274 2761 300 2807 la
309 2761 416 2807 version
430 2765 467 2808 91.
482 2787 509 2795 -
522 2760 764 2822 Displicuisset,
778 2760 843 2809 c'est
855 2775 888 2807 au
901 2762 970 2823 style
982 2762 1105 2810 indirect.

98 2823 227 2870 L'auteur
239 2822 291 2870 cite
303 2822 342 2869 les
354 2823 460 2882 paroles
469 2821 530 2869 d'un
539 2823 640 2869 certain
655 2823 782 2871 Avie'nus.
793 2824 866 2872 -In
876 2823 1054 2884 spongiam.
1065 2823 1106 2871 On

97 2900 127 2932 se
141 2884 244 2932 servait
260 2882 338 2930 d'une
350 2883 451 2945 eponge
469 2899 537 2945 pour
553 2885 650 2930 eltacer
666 2899 696 2931 ce
714 2883 792 2946 qu'on
814 2885 886 2932 avait
909 2885 976 2932 ecrit
999 2899 1063 2932 avec
1082 2886 1106 2932 le

97 2961 220 3008 crayon3
234 2960 268 2992 on
281 2946 394 2992 donnait
406 2947 477 2994 aussi
490 2961 541 2992 une
554 2945 656 3006 e'ponge
668 2961 721 2992 aux
731 2947 892 3007 gladiateurs
909 2949 991 2993 avant
1003 2947 1026 2993 le
1037 2962 1107 2993 com-

98 3008 158 3065 bat,
173 3022 244 3070 pour
256 3006 383 3054 e'tancher
394 3008 417 3054 le
433 3023 498 3068 sang
508 3008 541 3053 de
550 3008 621 3055 leurs
634 3009 727 3068 plaies.
742 3007 915 3070 Quelquefois
927 3008 959 3054 ils
973 3008 1107 3056 avalaicnt

97 3072 172 3116 cette
184 3069 287 3130 c'ponge
300 3083 368 3130 pour
380 3070 480 3116 mourir
496 3069 585 3131 pluttt
601 3084 652 3130 que
669 3069 761 3117 d'aller
781 3085 808 3117 se
826 3070 924 3117 battre.
944 3068 1013 3116 C'cst
1033 3071 1106 3117 dces

98 3133 171 3178 deux
191 3145 286 3192 usages
304 3145 355 3190 que
375 3131 423 3177 fait
437 3131 550 3178 allusion
568 3129 741 3192 l'expression
764 3130 792 3177 in
813 3131 953 3193 sponqiam
972 3131 1105 3179 incubuit.

96 3221 129 3227 —
143 3191 355 3254 Congiarium
370 3206 375 3238 :
390 3193 563 3240 distribution
576 3192 704 3253 publique
722 3193 754 3238 de
770 3193 824 3250 vin,
843 3192 949 3250 d'huilc,
969 3195 1001 3239 dc
1019 3194 1065 3252 sel,
1080 3198 1108 3241 et

98 3254 270 3317 quelquel'ois
294 3251 420 3314 d'argent,
444 3269 494 3314 que
512 3254 549 3300 les
568 3254 631 3310 rois,
655 3253 693 3300 les
711 3268 872 3314 empcrcurs,
898 3255 935 3300 les
953 3257 1060 3302 consuls
1080 3259 1107 3303 et

98 3318 230 3379 quelques
248 3315 335 3362 riches
350 3315 472 3390 citopens
485 3315 608 3362 laisaient
620 3331 653 3362 au
668 3317 764 3377 peuple
777 3317 791 3362 d
804 3316 874 3363 leurs
894 3317 966 3364 srais.
990 3316 1025 3364 Cc
1044 3332 1106 3364 nom

98 3379 176 3425 vient
191 3379 239 3424 des
256 3390 334 3423 vases
350 3378 385 3424 οὺ
399 3378 499 3424 0101001
510 3381 656 3423 rontenues
673 3393 716 3423 ces
734 3377 880 3425 lihe'ralitds
898 3376 1030 3439 (0000100.
1044 3377 1106 3425 d'un

97 3439 247 3500 demi—pied
260 3438 328 3485 oube
339 3439 372 3486 de
380 3438 518 3499 capacite).
530 3466 560 3472 -
573 3438 800 3488 Praefectura.
824 3440 860 3486 La
880 3441 1010 3486 cavalerie
1031 3440 1107 3487 allic'e

97 3501 168 3548 etait
189 3500 307 3562 groupc'e
329 3515 361 3547 en
385 3500 441 3547 alae
466 3500 499 3546 dc
524 3503 567 3545 300
592 3500 721 3558 hommes,
740 3501 754 3546 a
773 3500 798 3545 lu
822 3503 876 3548 tete
899 3501 1023 3561 desquels
1041 3502 1107 3549 dtait

98 3562 177 3624 place
190 3577 227 3610 un
237 3561 384 3626 praefectus
397 3562 441 3622 qui
455 3561 521 3608 c'tait
534 3562 654 3608 Romain.
672 3562 706 3608 Le
724 3562 803 3622 grado
816 3563 848 3608 de
866 3562 1021 3623 praelectus
1033 3563 1107 3626 0001-

98 3625 160 3672 tum
178 3625 224 3686 (ou
243 3624 310 3684 alae)
328 3627 369 3670 est
388 3624 412 3670 le
431 3624 511 3684 grade
534 3623 558 3669 le
577 3624 637 3730 plus
661 3623 733 3670 elcvd
751 3638 802 3683 que
839 3625 909 3670 uisse
925 3626 1056 3670 atteindre
1071 3641 1106 3671 un

99 3688 218 3736 Romaiu
230 3687 274 3746 qui
292 3684 471 3746 n'appartient
488 3699 536 3745 pas
554 3686 568 3731 a
590 3683 675 3731 'ordre
689 3685 804 3732 senatori
834 3723 839 3732 .
859 3713 890 3720 -
911 3686 1105 3736 Urbanitas.

98 3751 170 3796 Voir
179 3749 204 3794 la
218 3747 356 3793 definition
367 3747 399 3793 de
412 3761 442 3793 ce
455 3750 511 3793 mot
522 3746 587 3793 dans
603 3746 747 3802 Quintilien
762 3746 818 3806 (VI,
833 3747 865 3808 3),
878 3747 922 3807 qui
936 3747 959 3793 le
973 3748 1107 3806 distingue

97 3813 135 3858 du
157 3809 310 3867 venustum,
330 3808 365 3855 du
385 3807 494 3867 salsum,
514 3808 549 3854 du
561 3807 686 3869 facetum,
699 3809 734 3855 du
743 3808 823 3872 jocus
836 3812 863 3856 et
880 3809 951 3856 dela
969 3808 1104 3855 dicacitas.

535 3943 675 3993 -91-
