2696 4244
338 146 420 203 205.
440 147 489 202 ae
519 147 622 215 paru
650 147 698 202 au
724 126 913 202 aesorare.

379 241 426 304 (De
440 241 473 290 iis
485 242 533 306 qui
543 241 677 290 civitatem
685 240 870 304 perturbant.)

166 355 201 413 ln
224 363 310 416 tanto
335 356 448 415 civium
472 378 599 416 numero
625 377 735 434 magna
758 355 925 415 multitudo
950 363 996 415 est
1021 374 1126 414 eorum
1142 344 1185 412 3'
1208 368 1212 376 “

123 453 178 531 qui
191 457 261 512 aut*
277 462 403 533 propter
417 462 533 513 metum
549 475 660 533 prenae,
690 461 887 533 peccatorum
906 473 1031 512 suorum
1053 472 1128 510 con-

123 548 190 620 scii,
209 571 306 610 novos
319 555 445 609 motus*
462 553 742 630 conversionesque
763 551 808 608 rei
831 550 962 629 publicae
976 555 1134 628 quaerant„

123 650 199 706 aut*
213 648 266 725 qui
280 656 405 727 propter
420 649 546 707 insitum
562 647 727 728 quemdam
746 647 837 705 animi
855 648 988 704 l'urorem
1013 646 1128 704 discor-

123 742 183 802 diis
206 744 321 802 civium
346 765 381 803 ac
407 745 581 804 seditione*
608 747 802 824 pascantur*,
826 747 901 802 aut*
927 743 981 822 qui
1003 749 1128 822 propter

124 840 366 920 implicationem
388 842 432 900 rei
454 842 614 900 familiaris
645 841 802 899 communi
829 839 992 898 incendio*
1021 838 1129 898 malint

123 957 215 1016 quam
229 959 284 996 suo
300 938 467 1016 deflagrare
477 940 498 998 ¹.
523 938 664 1005 Quicum
684 946 801 996 tutores
817 944 890 996 sunt
909 943 938 996 et
949 936 1042 995 duces
1060 955 1129 994 suo·

123 1054 192 1092 rum
216 1035 390 1094 studiorum
415 1036 624 1114 vitiorumque
640 1035 733 1105 nacti,
758 1035 789 1094 in
812 1053 844 1092 re
869 1033 992 1114 publica
1018 1033 1129 1091 tluctus

124 1132 308 1204 excitantur,
335 1140 368 1192 ut
395 1131 587 1209 vigilandum
613 1133 654 1190 sit
683 1133 730 1201 iis,
757 1132 810 1210 qui
836 1131 892 1189 sibi
922 1128 1129 1208 gubernacula

123 1229 231 1306 patriae
261 1229 521 1309 depoposcerunt,
548 1228 792 1309 enitendumque
821 1229 903 1286 omni
938 1226 1067 1289 scientia
1094 1246 1129 1284 ac

124 1325 285 1402 diligentia
314 1335 348 1386 ut
376 1335 480 1386 tenere
515 1328 661 1385 cursum*
700 1325 822 1406 possint
865 1332 894 1384 et
928 1343 1036 1403 capere
1073 1323 1128 1382 otii

123 1421 210 1480 illum
230 1432 354 1503 portum
375 1431 407 1482 et
426 1423 588 1502 dignitatis
600 1426 621 1482 *.
650 1424 737 1482 Hanc
760 1443 816 1499 ego
833 1421 926 1493 viam,
947 1421 1081 1501 judices,
1103 1420 1128 1478 si

123 1526 178 1578 aut
192 1541 330 1598 asperam
353 1528 445 1599 atque
467 1520 606 1593 arduam,
627 1528 680 1579 aut
694 1521 816 1599 plenam
835 1539 902 1578 esee
921 1518 1127 1598 periculorum

123 1624 216 1696 atque
230 1617 412 1676 insidiarum
435 1638 556 1696 negem,
579 1619 722 1688 mentiar,
745 1616 918 1696 praesertim
931 1634 1001 1674 cum
1017 1614 1048 1672 id
1066 1634 1129 1676 non

124 1714 219 1772 modo
236 1714 442 1774 intellexerim
459 1735 590 1794 semper,
608 1714 660 1773 sed
686 1716 777 1772 etiam
794 1707 906 1792 praeter
920 1719 1038 1772 ceteros
1060 1733 1126 1770 sen·

125 1811 247 1872 serim*.
276 1809 448 1891 Majoribus
481 1811 634 1891 praesidiis
663 1818 694 1870 et
724 1811 822 1904 copiis
852 1817 1049 1890 oppugnatur
1081 1830 1129 1867 res

124 1907 248 1986 publica
263 1929 354 1986 quam
367 1908 555 1974 defenditur,
568 1915 730 1988 propterea
743 1907 824 1987 quod
841 1907 973 1966 audaces
988 1905 1129 1964 homines

123 2011 154 2062 et
164 2004 277 2083 perditi
292 2008 390 2063 nutu*
407 2005 617 2084 impelluntur,
633 2012 663 2063 et
679 2005 738 2083 ipsi
753 2005 845 2063 etiam
863 2011 972 2083 sponte
988 2023 1042 2061 sua
1056 2022 1130 2060 con·

123 2108 169 2160 tra
184 2123 248 2160 rem
269 2103 424 2182 publicam
441 2103 634 2163 incitantur:
655 2102 726 2160 boni
745 2102 849 2160 nescio
869 2121 930 2181 quo
954 2099 1046 2158 modo
1068 2106 1129 2157 tar-

124 2197 246 2256 diores*
260 2206 342 2268 sunt,
359 2208 399 2271 et,
415 2200 597 2279 principiis*
612 2219 712 2256 rerum
732 2198 889 2275 neglectis,
905 2197 941 2254 ad
957 2205 1127 2255 extremum

126 2295 193 2374 ipsa
216 2296 348 2376 denique
367 2297 548 2356 necessitate
565 2297 747 2365 excitantur,
766 2296 807 2353 ita
829 2303 939 2354 utnon
960 2313 1127 2379 numquam

125 2394 325 2453 cunctatione
350 2415 384 2452 ac
410 2395 565 2466 tarditate,
592 2394 665 2452 dum
691 2394 787 2451 otium
812 2393 922 2450 volunt
944 2389 1038 2449 etiam
1063 2390 1129 2449 sine

123 2489 276 2568 dignitate
292 2491 435 2563 retinere,
455 2491 514 2570 ipsi
536 2499 702 2570 utrumque
713 2491 874 2548 amittant.

152 2633 193 2682 N·
217 2632 284 2683 205
308 2632 406 2690 :Aut
429 2635 496 2690 aut,
521 2637 589 2690 aut,
614 2632 681 2678 trois
705 2630 853 2692 categories
884 2631 916 2676 de
936 2629 1058 2691 citoyens
1082 2633 1130 2693 qui

122 2695 212 2742 exclut
231 2695 267 2740 du
284 2695 354 2756 parti
370 2695 416 2741 des
429 2693 579 2756 optimates.
593 2719 624 2728 -
637 2693 748 2742 Novus
763 2695 879 2742 motus.
896 2691 935 2739 Cf.
954 2689 1127 2753 l'expression

122 2771 164 2803 res
184 2761 265 2814 noum,
283 2771 352 2817 pour
367 2756 423 2802 dire
439 2771 445 2804 ι
464 2770 516 2802 une
532 2754 693 2802 revolution.
708 2781 735 2788 —
750 2753 925 2811 seditione,
942 2755 1104 2815 etymologia
1121 2772 1127 2804 t

122 2833 158 2872 se,
175 2817 229 2876 sed,
244 2818 258 2866 t
271 2820 332 2879 part
345 2817 388 2878 (ct.
403 2815 523 2875 seorsim,
539 2816 680 2878 accedere),
699 2815 755 2872 itio,
773 2816 880 2863 l'action
897 2813 996 2862 d’aller.
1013 2816 1048 2863 Le
1067 2831 1129 2865 con-

123 2880 202 2926 traire
210 2880 243 2925 de
250 2879 347 2926 seditio
360 2882 402 2926 est
411 2878 499 2926 contio
513 2879 555 2940 (de
565 2879 634 2936 cum,
645 2877 756 2938 uenire),
770 2877 793 2924 le
804 2879 899 2939 pcuple
908 2877 982 2924 rduni
991 2892 1023 2924 en
1032 2892 1129 2926 assem-

124 2941 182 2987 blce
203 2941 327 3002 pleniore.
348 2967 379 2976 -
399 2940 589 2992 Pascantur
612 2955 618 2986 :
640 2955 708 2986 ceux
729 2937 864 3000 qu'Andrd
888 2939 1014 2998 Clrdnier,
1040 2941 1129 2988 visunt

124 3003 231 3049 Camilla
245 3002 425 3060 Desmoulins,
439 3002 557 3064 appelait
569 3001 787 3062 energiquement
801 3020 813 3045 u
830 3001 877 3048 des
890 3000 1038 3049 brouillons
1049 3003 1128 3050 lamd-

124 3064 208 3126 liques
222 3083 243 3110 n.
259 3090 288 3099 -
300 3063 461 3114 Incendio.
478 3064 517 3111 Ct.
534 3063 651 3111 Suetone
665 3063 770 3124 parlant
786 3064 819 3110 de
835 3064 923 3110 Neron
940 3063 1048 3123 (Α’ὁνοη,
1065 3065 1104 3126 38)
1121 3078 1126 3111 :

124 3146 135 3167 α
148 3127 262 3173 Dicente
270 3127 386 3187 quodam
399 3126 426 3172 in
437 3140 559 3173 sermone
568 3125 703 3172 communi
718 3139 723 3172 2
735 3144 745 3167 a
756 3125 799 3171 Me
812 3128 926 3184 mortuo,
937 3129 1006 3172 terra
1017 3126 1129 3173 miscea-

125 3191 166 3235 tur
185 3187 247 3247 igni.
265 3187 401 3245 -Immo,
424 3187 519 3247 inquit,
536 3201 577 3234 me
594 3188 703 3234 vivente
722 3206 743 3233 n.
759 3213 789 3221 —
804 3187 1008 3247 neumare,
1024 3201 1128 3234 comme

123 3249 265 3310 Cdthe'gus,
277 3249 414 3309 Lentulus,
426 3253 452 3296 et
464 3249 488 3296 la
503 3249 610 3311 plupart
623 3249 669 3295 dcs
687 3249 831 3308 complices
844 3249 876 3295 de
889 3248 1018 3295 Catilina:
1032 3249 1128 3297 tourbe

125 3331 135 3352 α
150 3312 182 3357 dc
198 3325 261 3371 gens
300 3312 379 3358 erdus
395 3312 427 3358 de
448 3311 535 3358 dcttes
556 3314 582 3358 et
599 3311 631 3357 de
649 3311 743 3356 crimes
759 3330 768 3352 υ
786 3309 890 3372 (Cinna,
904 3312 971 3357 Acte
991 3310 1023 3367 V,
1040 3322 1077 3359 sc.
1093 3310 1127 3373 1),

124 3373 230 3434 cort'ege
240 3387 270 3419 or
290 3373 373 3420 inaire
386 3373 432 3420 des
446 3373 543 3434 grands
553 3372 801 3419 revolutionnaires.
815 3399 844 3406 -
856 3372 978 3421 Tenere
994 3384 1128 3424 cursum

124 3454 153 3476 =
165 3434 291 3496 narrtqare
305 3435 371 3480 tuta.
388 3434 408 3482 ll
420 3450 438 3496 y
452 3449 466 3482 a
484 3435 623 3495 beaucoup
636 3434 669 3480 de
686 3434 857 3495 metaphoras
875 3433 955 3480 tire'cs
973 3434 1005 3480 de
1024 3434 1049 3481 la
1072 3449 1129 3482 mer

125 3496 241 3543 calatin
261 3500 288 3542 et
307 3498 414 3543 surtout
431 3511 463 3543 en
479 3511 547 3557 grec.
568 3515 599 3538 =
619 3494 810 3556 Dignitatis.
833 3493 904 3541 C'est
922 3495 945 3541 la
965 3496 1056 3542 devise
1077 3511 1128 3558 que

125 3557 236 3606 ciceron
256 3556 347 3626 repete
367 3572 428 3604 sans
448 3573 522 3605 cesse
544 3558 610 3605 dans
630 3572 672 3604 ses
685 3558 797 3613 Lettrcs,
818 3557 895 3618 apres
915 3557 940 3603 la
957 3561 1032 3618 perte
1052 3558 1084 3605 de
1103 3557 1128 3606 la

124 3619 220 3666 liberte
234 3634 240 3667 ι
254 3620 339 3666 otium
352 3633 412 3666 cum
426 3618 565 3683 dipnitate.
577 3618 782 3668 -senserim
797 3619 926 3665 :allusion
939 3619 953 3664 a
965 3633 1013 3665 son
1026 3619 1086 3668 exil.
1098 3645 1128 3656 -

124 3680 225 3739 Nutu,
245 3679 346 3742 opposd
362 3682 376 3726 t
391 3682 484 3743 sponte
502 3695 550 3729 cua
565 3696 570 3728 ε
587 3696 614 3728 se
632 3685 758 3741 rapporte
774 3681 788 3725 t
805 3679 990 3742 impelluntur.
1007 3707 1033 3716 -
1047 3681 1128 3731 Tar-

127 3743 235 3792 dtores
255 3756 261 3790 ι
282 3756 312 3790 ce
334 3756 385 3803 que
405 3742 672 3804 Cl1tnier,dansses
692 3743 799 3788 articles
815 3743 850 3789 du
869 3741 984 3789 Journal
1001 3741 1032 3790 de
1052 3742 1128 3790 Paris

548 3894 704 3942 -907—
