2756 4238
298 122 382 180 317.
402 120 571 180 Combien
585 124 641 180 les
657 123 802 181 soldats
817 126 861 181 de
876 122 992 182 ce'ser
1006 124 1057 182 lui
1071 123 1214 183 etaient

671 210 841 270 devoues.

361 315 506 378 (Quantum
517 315 638 364 studium
649 316 676 364 in
688 317 711 364 J.
727 317 858 366 Caesarem
871 317 1016 368 habuerint
1032 317 1150 377 milites.)

202 439 242 500 4Θ
298 438 439 516 Ingresso
459 438 549 498 civile
568 440 683 499 bellum
701 441 731 500 J.
752 441 866 500 Caesari
888 444 1084 502 centuriones
1105 443 1258 524 cujusque

256 535 386 614 legionis
408 536 546 614 singulos
565 539 684 616 equites
704 560 719 597 e
740 539 875 597 viatico*
897 560 952 598 suo
973 539 1163 613 obtulerunt,
1187 540 1259 598 uni-

256 632 336 690 versi
366 631 478 691 milites
511 635 675 712 gratuitam
706 642 737 694 et
764 637 829 695 sine
859 636 1014 695 frumento
1040 637 1260 716 stipendioque

256 749 381 808 operam
392 730 404 754 *
418 748 425 790 :
442 751 512 788 cum
526 733 721 791 tenuiorum*
738 733 862 792 tutelam
875 733 1130 813 locupletioresin
1141 753 1173 791 se
1184 755 1261 792 con-

256 825 410 887 tulissent.
430 827 536 907 Neque
551 830 582 887 in
598 836 660 888 tam
676 829 824 888 diuturno
838 831 938 910 spatio
953 831 1115 910 quisquam
1130 830 1261 888 omnino

257 921 415 985 descivit:
442 924 581 1006 plerique
605 927 688 1005 capti
709 947 884 986 concessam
911 927 969 985 sibi
991 927 1047 986 sub
1076 926 1262 985 condicione
1351 925 1353 980 i

256 1019 365 1096 vitam,
397 1021 420 1079 si
454 1021 584 1081 militare
613 1024 759 1083 adversus
793 1045 861 1082 eum
891 1023 1015 1095 vellent,
1047 1025 1260 1082 recusarunt*.

257 1116 382 1176 Famem
408 1125 439 1176 et
464 1126 580 1178 ceteras
609 1121 821 1193 necessitates,
851 1141 912 1180 non
942 1142 1011 1179 eum
1044 1120 1262 1178 obsiderentur

257 1213 359 1286 modo,
383 1215 435 1272 sed
458 1224 489 1275 et
510 1217 535 1274 si
557 1217 632 1276 alios
651 1218 710 1298 ipsi
726 1218 912 1290 obsiderent,
930 1225 1016 1276 tanto
1036 1238 1128 1297 opere
1147 1217 1262 1276 tolera·

257 1309 332 1369 bant
366 1318 400 1370 ut
426 1312 618 1392 Dyrrachina
646 1315 818 1373 munitione
846 1315 1021 1394 PompeiuS,
1049 1314 1117 1372 viso
1149 1333 1263 1392 genere

257 1408 345 1487 panis
366 1429 403 1468 ex
422 1409 547 1483 herba*,
567 1431 629 1492 quo
651 1412 892 1485 sustinebantur,
910 1437 923 1466 u
941 1433 1011 1471 eum
1031 1411 1102 1470 teris
1118 1410 1175 1469 sibi
1195 1430 1261 1467 rem

257 1527 333 1578 esse,
353 1531 367 1562 »
384 1506 504 1580 dixerit,
522 1509 719 1587 amoverique
733 1511 818 1568 ocius
833 1531 889 1568 nec
906 1509 1047 1588 cuiquam
1061 1507 1182 1566 ostendi
1193 1507 1263 1586 jus-
1353 1551 1354 1560 .

256 1603 341 1679 serit,
357 1624 395 1662 ne
410 1605 581 1683 patientia*
596 1613 626 1664 et
640 1607 808 1685 pertinacia
823 1606 919 1664 hostis
930 1605 1025 1663 animi
1038 1625 1166 1666 suorum
1176 1605 1264 1662 lran-

256 1708 411 1780 gerentur.
440 1701 561 1769 Quanta
590 1703 773 1762 tortitudine
795 1703 982 1776 dimicarint,
1012 1702 1188 1760 testimonio
1214 1709 1263 1760 est

257 1799 351 1879 quod,
369 1798 497 1858 adverso
515 1800 608 1858 semel
623 1800 706 1879 apud
722 1800 925 1879 Dyrrachium
948 1800 1068 1879 proelio,
1086 1818 1208 1877 poenam
1226 1799 1263 1856 in

257 1917 289 1955 se
306 1896 387 1954 ultro
403 1896 661 1975 depoposcerunt,
683 1905 716 1956 ut
732 1896 957 1955 consolandos*
975 1917 1026 1955 eos
1047 1896 1143 1972 magis
1162 1895 1262 1974 impe·
1353 1883 1354 1890 Ι

256 2000 341 2051 rator
362 2014 454 2072 quam
472 1994 644 2072 puniendos
665 1994 815 2054 habuerit.
836 1993 954 2052 Ceteris
976 1992 1092 2072 proeliis
1115 1993 1264 2050 innume-

258 2110 306 2148 ras
324 2090 567 2149 adversariorum
588 2092 702 2170 copias,
722 2091 827 2149 multis
844 2090 984 2170 partibus
1005 2090 1063 2169 ipsi
1086 2089 1261 2168 pauciores,

259 2187 349 2247 facile
364 2195 560 2267 superarunt.

289 2355 330 2404 ΙΨ
343 2355 409 2405 317
423 2370 428 2402 :
442 2353 583 2405 Viatleo.
596 2355 630 2402 Le
642 2354 815 2417 stipendium,
828 2353 940 2402 institue
952 2369 985 2401 en
998 2356 1043 2400 406
1052 2368 1095 2402 av.
1106 2351 1183 2412 J.-C.,
1195 2351 1263 2400 etait

259 2417 328 2479 paye
350 2417 547 2464 annuellement
573 2420 600 2464 et
625 2417 780 2476 permettait
800 2431 852 2463 aux
878 2416 978 2463 soldats
1005 2413 1108 2462 d'avoir
1134 2429 1170 2462 un
1192 2415 1264 2475 petit
1354 2447 1355 2470 ,

260 2479 361 2539 ptcule.
382 2481 404 2525 Α
421 2478 542 2539 l'epoque
560 2479 592 2525 de
610 2478 720 2540 Polybe‚
734 2478 758 2524 le
775 2478 904 2524 tantnssin
921 2477 986 2525 etait
1002 2477 1071 2539 payt
1090 2478 1106 2524 a
1121 2477 1210 2523 raison
1227 2477 1263 2522 de
1289 2527 1292 2534 Ι

261 2546 273 2586 2
287 2540 379 2587 oboles
390 2554 438 2600 par
446 2539 548 2601 jour(0,
559 2544 587 2585 25
600 2540 748 2600 centimes),
764 2540 816 2586 soit
831 2539 987 2586 120deniers
1004 2554 1052 2600 pur
1071 2553 1103 2585 an
1118 2539 1152 2600 (le
1169 2537 1264 2584 denier

259 2606 354 2659 vautb,
367 2606 395 2647 85
408 2602 556 2662 centimes)‚
568 2615 669 2648 somme
681 2616 732 2662 que
745 2601 825 2648 Ce'sar
838 2605 914 2662 porta
926 2602 941 2648 e
954 2605 998 2646 225
1011 2601 1125 2647 deniers.
1137 2600 1187 2647 Les
1197 2613 1263 2646 cen-

259 2664 363 2712 turions
376 2663 528 2710 recevaient
537 2663 607 2708 deux
619 2663 669 2709 sois
679 2667 706 2710 et
714 2665 751 2710 les
762 2663 890 2710 cavallers
900 2663 966 2710 trois
974 2663 1025 2710 fois
1033 2665 1136 2709 autant.
1145 2688 1175 2695 —
1183 2659 1264 2722 Ope·

259 2736 340 2774 ram.
360 2726 409 2771 Les
427 2724 528 2771 soldats
544 2725 661 2771 romains
674 2725 773 2772 devant
787 2725 915 2786 pourvoir
932 2726 946 2771 a
963 2725 1021 2771 leur
1032 2723 1210 2781 subsistance,
1223 2723 1264 2769 les

256 2787 390 2848 depenses
398 2786 538 2832 uss‘drentes
549 2787 562 2831 al
575 2786 598 2832 la
608 2787 760 2833 nourriture
771 2789 798 2833 et
810 2785 1021 2856 al'equipement
1029 2785 1129 2833 etaient
1139 2785 1265 2831 de'duites

260 2849 292 2894 de
305 2849 329 2894 la
341 2862 418 2910 paye.
432 2847 517 2906 Seuls,
531 2848 569 2894 les
583 2847 691 2894 ltaliens
704 2851 731 2895 et
740 2849 777 2894 les
790 2863 966 2895 mercenarres
981 2847 1081 2894 etaient
1093 2847 1198 2893 nourris
1210 2861 1265 2893 aux

260 2911 324 2956 lrais
337 2911 369 2956 de
382 2909 469 2956 l'Etet.
484 2935 514 2942 -
526 2908 723 2959 Tenuiorum
737 2931 768 2950 =
776 2909 979 2972 pauperiorum.
996 2935 1025 2943 -
1037 2907 1261 2958 Rectisarunt.

261 2972 300 3019 Ct'.
323 2972 348 3018 la
365 2971 477 3032 re'ponse
499 2971 532 3017 de
556 2969 608 3017 l'un
630 2972 716 3030 d'eux,
735 2971 846 3019 Pontius
867 2971 965 3033 (Valer.
987 2971 1067 3028 Man,
1089 2969 1136 3029 ΙΙΙ,
1159 2973 1182 3031 8,
1206 2968 1229 3031 7)
1256 2982 1263 3017 z

262 3053 272 3075 «
292 3032 350 3080 Tibi
363 3031 471 3096 quidone
503 3031 585 3079 retias
597 3048 657 3097 apo,
670 3033 716 3079 sed
734 3032 801 3079 mitri
819 3031 859 3079 uti
879 3031 929 3079 iste
946 3031 1101 3079 condicione
1118 3030 1188 3079 vitae
1209 3044 1264 3077 non

261 3096 300 3142 est
313 3109 378 3158 opus
393 3115 413 3142 n.
427 3120 457 3128 -
494 3093 568 3144 anis
580 3107 622 3144 ex
633 3094 746 3144 herba.
765 3094 804 3142 Cf.
824 3094 930 3154 Caesar,
951 3094 982 3141 de
1002 3093 1066 3141 bett.
1083 3092 1142 3148 cio,
1159 3091 1207 3150 111,
1222 3094 1262 3140 48.

260 3184 290 3192 -
307 3155 483 3206 Patientia.
503 3156 542 3204 Cf.
558 3157 620 3204 chez
634 3171 701 3204 nous
718 3156 742 3203 le
760 3157 938 3203 devouement
955 3156 1001 3202 des
1017 3155 1097 3202 vieux
1115 3155 1263 3217 grognards

261 3220 276 3265 a
295 3218 433 3279 Napoleon
457 3218 477 3265 1.
496 3219 555 3266 Lire
573 3219 605 3266 V.
624 3219 711 3280 Hugo‚
728 3219 900 3276 Chotiments,
916 3216 1078 3279 l'Eepiation
1098 3231 1103 3264 :
1124 3237 1135 3258 α
1154 3216 1263 3272 Allonst

261 3282 339 3328 laites
356 3281 459 3326 donner
470 3281 494 3327 la
507 3281 595 3342 garde,
609 3281 731 3327 cria-t-il!
746 3280 779 3327 Et
789 3280 910 3338 lanciers,
924 3279 1076 3340 grenadiers
1088 3291 1140 3324 aux
1154 3279 1263 3338 guetres

261 3345 294 3390 de
307 3342 397 3402 coutil,
412 3343 533 3404 Dragons
544 3356 594 3404 que
604 3341 686 3388 Rome
699 3343 807 3402 etitpris
816 3356 884 3403 pour
896 3341 942 3387 des
957 3340 1141 3401 legionnaires,
1155 3339 1263 3386 Cuiras-

262 3405 336 3464 siers,
363 3405 531 3462 canonniers,
556 3403 601 3464 qui
630 3405 773 3449 trainaient
796 3405 842 3450 des
873 3406 1053 3462 tonnerres...,
1082 3401 1263 3462 Comprenant

262 3465 339 3526 qu'ils
355 3467 464 3513 ullatent
479 3465 654 3512 mourirdans
671 3467 742 3512 cette
761 3465 823 3524 tete,
838 3464 977 3512 Salubrent
995 3465 1053 3511 leur
1075 3464 1136 3510 dieu
1160 3462 1263 3510 debout

262 3529 328 3574 dans
339 3528 365 3574 la
375 3530 501 3590 tempete.
516 3528 584 3573 Leur
595 3525 709 3583 bouche,
723 3524 784 3572 d'un
797 3526 854 3573 seul
871 3527 918 3584 cri,
931 3527 972 3572 dit
985 3539 990 3573 τ
1005 3527 1065 3572 vive
1082 3524 1261 3587 l'Empereur!

263 3589 334 3648 Puis,
349 3589 363 3635 a
376 3605 424 3650 pas
437 3591 513 3647 lcnts,
528 3588 649 3648 musique
662 3601 694 3633 en
705 3589 768 3645 tete,
783 3602 843 3634 sans
853 3587 953 3647 fureur,
965 3587 1126 3648 Tranquille,
1140 3586 1263 3634 souriant

262 3652 314 3696 ala
327 3651 450 3698 mitraille
463 3649 587 3710 anglaise,
602 3649 638 3695 La
651 3649 730 3710 garde
741 3649 876 3710 impe'riale
894 3653 969 3697 entra
988 3650 1055 3698 dens
1074 3649 1099 3696 la
1115 3648 1261 3696 sournaise.

262 3737 292 3746 -
307 3710 586 3762 (annuntiationes.
600 3710 705 3772 Caesar,
719 3710 750 3758 de
763 3710 830 3760 Bell.
844 3711 903 3770 cio„
915 3710 962 3772 Ill,
976 3715 1015 3762 ⁷3.

683 3879 841 3935 -320-
