2696 4244
198 121 280 178 212.
301 124 354 178 La
377 124 548 180 noblesse
569 125 734 182 romaine
756 125 834 182 ela
854 124 903 181 fin
926 127 974 181 du
996 127 1058 183 Ν·
1086 125 1201 182 siecle

584 215 697 282 apres
723 214 810 270 J.-C.

198 314 244 377 (De
258 314 378 364 moribus
391 329 508 366 romanae
520 316 670 366 nobilitatis
684 318 796 366 exeunte
806 318 905 382 quarto
913 317 977 382 post
988 317 1058 367 J.-C.
1076 294 1205 380 serraculo.)¹

143 439 184 502 2⁰
237 438 378 498 Divitum
408 440 516 502 domos
543 441 635 500 otiosi
668 441 795 521 quidam
824 442 962 519 garruli*
991 441 1201 522 frequentant,

197 536 289 595 variis
318 538 492 596 assentandi
524 538 678 616 figmentis
705 539 744 598 ad
772 539 893 618 singula
923 539 1041 598 altioris
1070 539 1203 597 fortunae

197 632 289 692 verba
307 633 500 712 plaudentes,
516 635 658 715 parasitis
670 634 832 694 comoediae
847 635 973 696 similes.
995 635 1037 695 Ut
1057 635 1140 694 enim
1157 635 1203 693 illi

198 730 323 788 sufflant
336 731 449 790 milites
464 732 646 810 gloriosos*,
660 731 837 791 obsidiones
853 733 976 791 urbium
994 740 1025 791 et
1036 753 1156 812 pugnas
1172 740 1204 790 et

198 827 283 886 milia
310 827 446 886 hostium
465 828 586 901 iisdem,
606 836 640 888 ut
660 828 791 888 heroicis
811 829 940 902 aemulis,
964 829 1176 906 assignantes*
1194 845 1201 886 :

196 923 239 985 ita
252 924 284 982 hi
301 945 424 1005 quoque
439 925 652 985 columnarum
665 927 913 985 constructiones
933 927 994 985 alta
1016 927 1119 984 fronte
1136 946 1204 984 sus-

197 1041 308 1100 pensas
331 1022 484 1098 mirando,
515 1030 607 1103 atque
630 1024 782 1103 parietes*
810 1023 948 1102 lapidum
970 1023 1203 1101 circumspectis

197 1117 352 1176 coloribus
369 1119 501 1192 nitidos,
516 1120 596 1179 ultra
621 1121 842 1179 mortalitatem
863 1118 983 1178 nobiles
1006 1119 1089 1178 viros
1104 1118 1203 1177 extol-

197 1215 275 1274 lunt.
295 1215 471 1275 Poscuntur
485 1217 577 1275 etiam
593 1218 624 1275 in
639 1217 791 1275 conviviis
814 1217 977 1296 aliquoties
1002 1216 1138 1288 trutinae,
1168 1207 1204 1273 ut

197 1311 330 1392 appositi
348 1313 447 1391 pisces
464 1321 495 1372 et
509 1314 652 1373 volucres
669 1315 880 1394 ponderentur
894 1321 925 1372 et
939 1314 1031 1392 glires
1049 1332 1202 1393 :quorum

197 1409 379 1486 magnitudo
394 1411 507 1491 saepius
529 1411 675 1490 replicata
696 1432 757 1469 non
777 1411 842 1470 sine
857 1411 968 1470 taedio*
989 1410 1200 1490 praesentium,

198 1511 233 1565 ut
245 1506 374 1565 antehae
389 1507 550 1581 inusitata,
563 1508 709 1566 laudatur
730 1508 852 1584 assidue
868 1527 875 1568 ε
889 1508 1021 1566 maxime
1045 1527 1114 1565 cum
1135 1505 1203 1564 haec

198 1603 304 1670 eadem
329 1612 527 1664 numerantes
553 1604 665 1664 notarii
692 1604 818 1683 triginta
840 1626 935 1684 prope
954 1604 1105 1663 adsistant
1131 1623 1201 1661 cum

197 1698 315 1758 thecis*
328 1707 359 1758 et
374 1700 596 1779 pugillaribus*
612 1700 737 1773 tabulis,
760 1708 794 1760 ut
815 1701 921 1761 deesse
944 1702 1026 1760 solus
1057 1700 1203 1778 magister

197 1797 261 1855 ludi
288 1797 429 1867 litterarii
462 1798 613 1857 videatur.
641 1797 772 1864 Quidam
800 1798 988 1857 detestantes
1017 1805 1051 1856 ul
1083 1817 1201 1855 venena

197 1893 364 1969 doctrinas,
398 1895 573 1956 iuvencum
596 1895 770 1954 Martialem
793 1903 824 1954 et
853 1895 986 1954 Marium
1013 1895 1203 1953 Maximum*

197 1997 317 2050 tantum
331 1991 460 2069 legunt:
479 2012 570 2072 quam
587 1992 626 2050 ob
641 2013 777 2062 causam,
795 2013 856 2051 non
870 1990 1012 2071 judicioli
1028 1999 1075 2049 est
1092 1990 1200 2048 nostri.

197 2087 272 2162 Alii,
288 2107 358 2146 cum
378 2088 505 2147 lembis*
518 2089 608 2168 pictis
624 2110 640 2147 a
654 2088 722 2148 lacu
742 2089 856 2148 Averni
882 2086 1027 2147 Puteolos
1051 2086 1203 2145 invehun-

196 2191 258 2257 tur,
276 2185 301 2242 si
316 2184 397 2244 inter
408 2192 513 2245 aurata
528 2185 671 2244 flabella*
686 2186 807 2244 laciniis
821 2186 926 2244 sericis
940 2185 1109 2243 insederint
1122 2204 1203 2241 mus-

196 2301 251 2353 cae,
266 2281 315 2340 vel
330 2282 536 2361 perforamen
560 2283 730 2342 umbraculi
750 2283 876 2362 pensilis
894 2283 1030 2364 radiolus
1054 2281 1200 2360 irruperit

197 2378 281 2454 solie,
296 2386 468 2458 queruntur
483 2379 566 2458 quod
583 2400 643 2438 non
664 2387 738 2437 sunt
753 2380 835 2458 apud
853 2379 1036 2438 Cimmerios
1052 2377 1128 2436 nati.

228 2520 270 2569 Νο
284 2519 349 2570 212
368 2533 374 2566 :
388 2519 530 2571 Garruli.
546 2519 585 2566 Cf.
600 2519 630 2567 St
642 2519 757 2580 terame,
772 2520 876 2568 Lettres
889 2523 927 2576 18,
942 2523 980 2576 19,
991 2521 1028 2567 47.
1040 2517 1204 2567 -Milites

197 2581 366 2646 gloriosos.
383 2580 423 2651 Cl.
439 2581 463 2650 la
476 2582 551 2652 pieee
564 2582 597 2628 de
610 2596 639 2628 ce
652 2596 714 2628 nom
727 2583 793 2628 dans
805 2583 912 2652 ‘Plautle
932 2607 962 2616 -
983 2579 1203 2642 Assignantes

197 2642 451 2752 seffippoperppp
468 2657 513 2739 ‘¹2¹¹
526 2643 681 2754 {fallit}
692 2645 824 2754 tntilli
839 2643 1033 2752 tralata,
1043 2641 1202 2750 ‘atella

197 2719 390 2829 ssbdimeiitum
401 2741 627 2828 vermiculatum).
643 2767 692 2814 Les
708 2743 859 2828 mosaiques
873 2767 944 2813 dece
957 2780 1037 2828 genre
1051 2718 1204 2812 somanites

197 2843 230 2876 au
241 2842 338 2934 inopen
356 2828 388 2874 de
403 2827 485 2888 petits
503 2828 585 2874 cubes
603 2829 647 2889 qui
669 2832 730 2876 sont
747 2829 946 2889 generalement
969 2841 1001 2874 en
1019 2826 1098 2873 enrail
1114 2824 1203 2872 colore

197 2890 264 2936 dans
298 2889 395 2950 aptte.
413 2886 483 2934 L'ert
495 2889 527 2935 de
540 2890 564 2936 la
575 2891 713 2951 mosaique
731 2891 804 2937 avait
821 2889 863 2937 dte
882 2889 982 2950 poussd
1005 2888 1059 2934 trbs
1079 2888 1135 2934 loin
1155 2901 1204 2948 par

197 2950 235 2998 les
260 2951 386 2998 Romains
407 2950 452 3012 qui
474 2964 505 2996 en
524 2954 572 2998 ont
597 2952 645 2998 tait
669 2953 693 2999 la
714 2953 796 2998 rivale
818 2953 851 2998 de
874 2951 900 2998 la
924 2951 1055 3012 peinture.
1083 2949 1118 2996 La
1143 2949 1204 3009 plus

197 3012 296 3074 grande
307 3013 444 3073 mosaique
454 3012 563 3072 antique
575 3016 616 3060 est
626 3014 652 3060 la
664 3013 773 3060 bataille
787 3013 967 3060 d'Alenandre
978 3010 1090 3058 trouvee
1105 3010 1203 3056 rlPom-

197 3074 249 3136 pei,
265 3074 331 3120 dans
346 3075 371 3121 la
382 3072 485 3120 maison
497 3074 532 3120 du
548 3074 644 3122 Faune.
659 3075 699 3122 On
711 3075 763 3122 sait
782 3075 842 3137 qu'a
862 3074 948 3136 partir
969 3073 1004 3119 du
1019 3083 1057 3118 iv·
1081 3071 1160 3118 siecle
1178 3071 1203 3118 la

198 3136 336 3196 mosaique
348 3136 418 3182 tient
429 3149 481 3182 une
501 3137 599 3196 grande
624 3138 699 3197 place
722 3137 788 3182 dans
813 3138 837 3183 la
861 3135 1017 3182 decoration
1036 3134 1082 3180 des
1107 3133 1204 3194 e'glises

197 3197 374 3254 ehrttiennes,
402 3197 417 3243 a
438 3197 522 3244 Rome
552 3197 652 3258 (Sainte
672 3197 830 3256 Constanee,
856 3195 1047 3245 Saintcblarie
1072 3195 1202 3256 Majeure,

198 3257 289 3305 Sainte
301 3257 503 3320 Pudentienne),
518 3259 532 3305 a
545 3259 767 3320 Constantinople
786 3260 887 3320 (Sainte
909 3258 1027 3320 Scplrie),
1046 3257 1060 3302 a
1076 3257 1203 3304 Ravenne

198 3318 284 3381 (Saint
297 3320 461 3382 Apollinaire
473 3321 611 3378 Nouveau,
626 3321 697 3381 ete).
713 3349 742 3355 —
759 3321 892 3370 Taedio.
908 3321 947 3368 Cf.
964 3319 987 3365 lc
998 3333 1076 3379 repas
1091 3318 1203 3365 ridicule

196 3380 263 3427 dans
278 3379 391 3438 Horace,
401 3381 464 3436 Sat,
478 3381 511 3438 ll,
527 3387 554 3440 8;
568 3387 595 3430 et
608 3381 731 3439 Petrone,
745 3383 896 3444 Satyrioon‚
909 3385 938 3428 lll
947 3384 973 3428 et
984 3385 1021 3426 50.
1035 3405 1062 3415 -
1073 3379 1202 3438 Theeis,

196 3440 428 3550 pugillaribus.
444 3443 510 3490 Voir
526 3453 559 3490 au
573 3444 686 3504 lenique.
701 3471 730 3478 —
748 3445 893 3493 Marium
910 3441 1102 3496 Maximum,
1118 3441 1203 3502 quali-

217 3503 292 3573 e'par
306 3504 346 3550 Vo
368 3505 439 3551 iscus
450 3503 604 3551 d'historien
616 3505 705 3560 dinus,
722 3506 867 3552 iastidieux
884 3513 911 3553 et
924 3507 1054 3550 menteur.
1068 3502 1204 3549 Iuvencus

196 3565 1204 3688 tzitta,tltll:stettinnrssttl⁸artlztttuffrelerlatta

196 3689 297 3735 etaient
308 3690 369 3736 faits
383 3689 543 3736 d'ordinaire
555 3690 587 3735 de
601 3690 703 3737 feuilles
717 3691 749 3736 dc
761 3691 841 3739 lotus.
856 3692 889 3738 (le
907 3691 1010 3750 plumes
1030 3689 1062 3734 de
1075 3700 1155 3748 paon,
1168 3701 1204 3733 ou

108 3773 114 3816 ς
196 3750 312 3798 d'autres
327 3752 451 3798 matieres
461 3753 493 3797 de
506 3766 535 3798 ce
550 3765 638 3812 genre,
651 3752 755 3812 peinles
771 3753 803 3798 de
816 3751 954 3800 brillantes
966 3749 1098 3797 couleur-s.

617 3921 651 3930 --
671 3891 723 3942 214
742 3923 776 3930 -·
