2756 4238
318 195 403 254 289.
423 163 480 254 tin
497 199 630 266 proces
650 199 884 277 aecusation
900 198 1038 254 devant
1058 198 1113 254 les

599 285 834 342 centumvirs.

325 396 415 461 (Apud
426 398 626 448 centumviros*
642 399 743 460 famosa
758 399 881 462 quaedam
895 413 974 446 causa
989 397 1109 461 dicitur.)
1180 435 1185 442 .

159 609 229 679 3ῦς
256 617 370 698 Accipe
396 619 567 678 orationem
593 641 703 691 meam,
727 640 844 688 revera,
871 626 905 678 ut
928 620 1008 681 iuter
1031 639 1124 689 metu,
1149 617 1219 696 pul-

217 714 320 772 rbram
331 716 353 774 *.
373 715 448 778 Nam
466 716 540 774 mihi
557 718 630 774 setis
646 725 693 775 est
707 723 823 776 certare
836 717 993 778 ,mecum*.
1011 715 1066 774 Est
1080 716 1146 774 haec
1160 735 1218 793 pro

217 811 301 870 Attia
321 812 447 884 Viriola,
470 820 500 871 et
521 812 668 890 dignitate
685 833 823 892 personae
845 821 875 872 et
894 812 1025 891 exempli
1043 813 1167 870 raritate
1187 819 1218 868 et

213 908 324 987 judicii
340 903 558 985 magnitudine
570 910 709 986 insignis
727 910 804 968 Nam
820 909 933 968 lemina
954 909 1113 988 splendide
1132 915 1217 974 nata,

217 1014 313 1083 nupta
324 1005 469 1084 praetorio
479 1006 558 1076 vir0,
574 1006 757 1067 exheredata
773 1007 810 1064 ab
826 1007 1022 1085 octogenario
1036 1012 1122 1085 patre
1137 1005 1217 1062 intret

217 1101 446 1176 undecimndies
467 1121 558 1182 quam
581 1103 624 1160 illi
647 1124 809 1162 novercam
833 1124 935 1162 amore
958 1111 1066 1182 captus
1090 1101 1219 1160 induxe-

216 1199 293 1269 rat*‚
312 1199 506 1278 quadruplici
516 1198 636 1278 judicio
646 1199 727 1258 bona
739 1207 866 1278 paterna
879 1200 1046 1279 repetebat.
1064 1197 1219 1257 Sedebant

213 1295 336 1374 judices
360 1303 484 1354 centum
512 1304 542 1354 et
565 1297 723 1374 octoginta
748 1296 807 1376 (tot
827 1297 906 1358 enim
928 1305 1061 1377 quatuor
1083 1294 1218 1354 consiliis

216 1391 432 1471 colliguntur);
446 1393 553 1470 ingens
569 1394 723 1472 utrimque
739 1393 911 1464 advoceti0‚
929 1402 960 1452 et
974 1413 1135 1452 numerosa
1149 1391 1220 1450 sub·

217 1488 321 1560 sellia3
340 1497 486 1569 praeterea
508 1489 602 1548 densa
622 1490 887 1548 circumstantium
903 1511 1016 1549 corona
1034 1489 1217 1548 latissimum

213 1585 365 1664 judicium
384 1586 549 1665 multiplici
564 1587 679 1645 circulo
691 1586 837 1646 ambibat.
855 1587 901 1646 Ad
915 1587 983 1656 hoc,
1002 1587 1147 1665 stipatum
1163 1585 1220 1642 tri-

215 1681 320 1754 bonai,
336 1689 427 1762 atque
443 1685 534 1742 etiam
550 1705 587 1741 ex
602 1676 759 1762 superlore
777 1683 931 1742 basilicae*
948 1691 1044 1762 parte,
1055 1703 1114 1762 qua
1129 1681 1219 1740 femi-

216 1799 274 1849 nae,
292 1800 351 1858 qua
367 1780 424 1837 viri
441 1787 472 1838 et
482 1780 638 1850 audiendi,
652 1767 733 1860 quod
750 1788 815 1838 erat
827 1779 960 1852 difficile,
975 1788 1005 1838 et
1018 1779 1103 1860 quod
1117 1778 1217 1848 facile,

216 1875 336 1933 visendi
362 1876 465 1934 studio
490 1877 703 1935 imminebant.
732 1878 844 1955 Magna
866 1877 1055 1956 exspectatio
1081 1882 1217 1955 patrum,

216 1992 326 2049 magna
354 1972 496 2045 tiliarum,
521 1995 631 2051 magna
658 1975 748 2032 etiam
780 1995 991 2032 novercarum.
1019 1974 1148 2040 Secutus
1173 1981 1221 2029 est

215 2069 319 2126 varius
340 2076 478 2128 eventus.
506 2071 583 2128 Nam
606 2070 727 2129 duobus
744 2071 901 2128 consiliis*
922 2071 1064 2140 vicimus¹
1088 2069 1218 2128 totidem

216 2165 291 2222 victi
309 2185 425 2223 sumus,
437 2166 588 2224 Notabilis
603 2173 824 2246 prorsusreset
840 2167 932 2225 mira:
949 2167 1053 2233 endem
1067 2167 1098 2223 in
1114 2186 1217 2235 causa,

218 2261 326 2319 iisdem
344 2253 515 2340 judicibus,
533 2264 640 2322 iisdem
658 2263 826 2332 advocatis,
844 2264 955 2328 ¹eodem
976 2271 1113 2342 tempore
1133 2269 1218 2320 tanta

217 2357 379 2417 diversitas
394 2359 517 2430 accidit,
532 2381 604 2419 casu
618 2361 753 2441 quidem,
767 2360 890 2418 sednon
904 2368 938 2418 ut
950 2381 1039 2418 casus
1049 2358 1216 2418 videretur.

215 2455 306 2512 Victa
325 2465 372 2514 est
385 2477 528 2527 noverca,
546 2458 611 2536 ipsa
627 2457 715 2516 heres
732 2479 768 2516 ex
781 2465 867 2536 parte
885 2464 979 2517 sexta.

248 2668 289 2717 Νο
316 2668 381 2718 289
407 2683 412 2715 ε
438 2667 665 2718 centumviros
686 2682 691 2714 τ
715 2669 769 2715 tres
791 2669 883 2715 ancien
909 2665 1026 2715 tribunal
1050 2669 1094 2728 qui
1117 2667 1221 2728 jugcuit

217 2731 337 2776 diverses
350 2733 436 2777 sortes
450 2731 481 2776 de
499 2730 594 2790 proces
607 2731 693 2786 civils,
706 2734 781 2776 entre
799 2734 897 2788 autres,
911 2730 949 2776 les
967 2731 1072 2777 ntl'aires
1089 2730 1122 2776 de
1140 2733 1220 2776 testa-

218 2795 313 2838 ments.
333 2792 382 2838 Les
396 2791 534 2852 ¹membres
552 2791 651 2838 etaient
671 2791 791 2838 nomme's
813 2806 860 2851 par
879 2792 916 2837 les
936 2792 1020 2838 tribus
1044 2807 1048 2838 :
1070 2792 1102 2837 ils
1120 2790 1220 2837 etaient

217 2851 505 2910 d'abortl105,soit35
522 2868 569 2914 par
584 2853 668 2910 tribu3
685 2854 744 2914 plus
762 2853 820 2898 tard
836 2850 940 2912 jusqu'ei
960 2858 1012 2899 iso.
1032 2852 1066 2898 lls
1082 2867 1109 2898 sc
1127 2856 1218 2912 parta-

218 2915 323 2974 geuient
338 2929 369 2961 en
390 2917 484 2984 quatre
499 2914 647 2960 chambres.
667 2941 696 2948 -
714 2914 899 2962 Pulchram.
918 2915 957 2960 On
976 2917 1083 2961 eonnnit
1105 2928 1177 2960 assez
1193 2914 1218 2960 la

218 2975 308 3022 venite
322 2977 354 3021 de
367 2975 450 3022 Pline.
464 3003 493 3017 —
506 2977 642 3024 Mecum.
657 2976 678 3022 ll
691 2991 705 3022 a
717 2974 857 3022 manifeste'
870 2976 884 3020 d
897 2977 1028 3036 plusieurs
1042 2975 1156 3036 reprises
1170 2989 1218 3020 son

218 3036 290 3083 desir
302 3038 334 3083 de
348 3037 469 3083 rivaliser
481 3052 546 3083 avec
561 3037 671 3084 Cice'ron
684 3037 741 3097 (lv,
761 3037 783 3098 8)
801 3038 828 3082 et
844 3050 908 3082 avec
924 3037 1014 3082 Tacite
1032 3036 1102 3097 (Vll,
1121 3036 1168 3094 20).
1189 3061 1218 3069 -

218 3106 401 3154 Induxerat
419 3120 425 3152 t
445 3109 570 3153 tournure
589 3121 710 3168 grecque,
725 3097 854 3168 ἐπάγεσθαι
869 3118 985 3166 pipp-ner
1001 3108 1050 3158 τοῖς
1063 3100 1163 3157 τέκνοις,
1187 3132 1217 3140 -

217 3167 383 3216 Basilicae.
397 3167 446 3213 Les
459 3168 603 3228 basiliques
617 3168 716 3215 etaient
726 3169 773 3214 des
784 3168 928 3214 bdtiments
939 3168 1153 3229 rcctangulnires,
1168 3168 1221 3214 for-

213 3228 274 3274 mes
286 3227 362 3274 d'unc
375 3229 421 3274 nel
432 3230 578 3290 principale
591 3232 618 3276 et
634 3231 666 3276 de
679 3231 748 3276 deux
760 3229 825 3276 ailes
840 3230 962 3276 latc'ralcs
977 3245 982 3275 :
997 3231 1043 3276 des
1057 3229 1220 3276 colonnades

218 3289 370 3350 separaicnt
387 3305 431 3336 ces
449 3293 514 3338 trois
535 3293 644 3351 parties.
663 3291 698 3337 Le
716 3291 944 3338 rez-de-chaussc'e
968 3291 1033 3338 dtuit
1052 3291 1146 3338 allecte
1168 3305 1219 3338 aux

218 3351 333 3406 eilanes,
348 3366 450 3398 comme
464 3352 529 3399 dans
542 3367 590 3399 nos
603 3353 727 3400 Bourses.
741 3353 794 3399 Des
806 3353 917 3412 galeries
935 3353 1098 3399 exterieures
1118 3352 1220 3398 etaient

213 3412 358 3471 menngdes
373 3428 440 3473 pour
453 3415 491 3460 les
513 3415 629 3461 rurieux.
650 3415 719 3461 Elles
743 3413 997 3461 servirentd'abord
1016 3419 1042 3461 et
1062 3417 1169 3461 surtout
1186 3415 1220 3459 dc

211 3473 345 3520 tribunal.
361 3477 384 3520 A
398 3477 482 3534 partir
494 3477 526 3522 de
540 3476 706 3532 Constantim
721 3477 956 3536 plusieurs‘lurent
975 3476 1164 3523 transforme'cs
1184 3490 1216 3522 en

219 3534 322 3594 c'glises.
336 3563 365 3570 -
378 3537 514 3586 Duobus
533 3537 688 3587 consiliis.
708 3537 756 3583 Les
774 3553 823 3584 uns
841 3539 989 3584 entendent
1009 3552 1013 3584 :
1031 3539 1099 3584 deux
1118 3537 1218 3583 ddlibd-

210 3597 319 3642 'rations
330 3598 392 3656 ples
405 3602 515 3654 autres:
535 3600 602 3645 deux
623 3598 762 3645 chambres
780 3599 907 3652 (chacune
928 3600 975 3646 des
992 3600 1062 3645 deux
1078 3599 1220 3645 chanibres

218 3658 331 3704 rendunt
353 3674 380 3705 sa
394 3663 519 3706 sentence
530 3659 714 3728 separementl.
734 3660 810 3717 Mais,
827 3661 893 3708 dans
910 3663 980 3707 cette
997 3661 1118 3706 derniere
1136 3663 1219 3706 inter-

219 3718 363 3779 pretation,
374 3719 467 3767 iisdem
476 3720 619 3782 Judietbus
632 3736 664 3767 ne
677 3719 822 3782 s'explique
836 3723 923 3783 guere.

639 3933 796 3982 -ena-
