2664 4234
502 70 586 128 459.
599 72 689 128 nien
709 72 827 130 anime
840 72 874 130 te
887 25 1031 130 monde.

570 176 650 236 (oens
663 176 763 224 manao
776 175 954 240 resonatur.)

211 316 253 382 2·
307 323 445 403 Namque
461 347 567 384 canam
587 327 681 384 tacita
698 327 845 386 Naturam
862 337 964 387 mente
978 337 1156 408 potentem.

307 421 509 502 lnl‘usumque
523 424 619 482 Deum
633 424 716 482 caelo
730 425 880 505 terrisque
901 425 1048 506 fretoque

306 517 463 592 Ingentem
478 521 596 598 aequali
609 521 818 580 moderantem
828 525 840 545 '
852 522 968 581 loedere
980 523 1115 592 molem,

304 615 478 696 Totumque
492 619 611 676 alterno
625 639 776 678 consensu
793 620 917 678 vivere'
931 620 1102 691 mundum,

306 712 344 770 Et
358 715 484 770 rationis
498 715 544 790 agi
562 723 647 774 motu
666 735 755 775 :cum
772 717 900 796 spiritus
915 738 994 775 unus

306 809 364 867 Per
374 823 500 868 cunctas
516 811 633 870 habitet
647 819 760 892 partes,
774 821 867 891 atque
883 813 1008 892 irriget'
1023 814 1141 873 orbem

305 907 413 964 Omnia
430 908 627 986 pervolitans,
644 929 818 989 corpusque
831 910 985 969 animale*
997 911 1130 989 figuret.

305 1003 393 1070 Quod
412 1006 468 1062 nisi
481 1007 620 1080 cognatis
633 1005 779 1065 membris
793 1014 937 1066 contexta
951 1017 1099 1066 maneret
1202 991 1205 996 ¹

306 1101 479 1174 Mactima',
499 1111 529 1160 et
546 1111 662 1162 aeterno
679 1112 801 1182 pareret
814 1112 878 1162 tota
895 1106 1078 1181 magistr0*‚

306 1198 374 1256 Non
391 1207 470 1257 esset
482 1200 592 1258 statio*
608 1201 707 1269 terris,
722 1221 783 1258 non
797 1200 931 1259 ambitus
946 1201 1048 1271 astris,

307 1295 370 1352 Nec
383 1317 434 1354 sun
454 1297 620 1376 dispositos
637 1304 795 1356 servarent
809 1296 908 1356 sidera
923 1318 1041 1366 cursus,

307 1393 435 1471 Noxque
452 1394 566 1451 alterna
578 1392 659 1451 diem
676 1393 796 1471 lugeret
810 1415 993 1472 rursumque
1005 1394 1138 1471 fugaret
1156 1411 1164 1451 :

307 1491 374 1548 Non
393 1490 503 1548 imbres
521 1491 637 1548 alerent
651 1499 758 1562 terras,
776 1512 838 1550 non
853 1491 969 1550 aethera
984 1493 1085 1563 venti,

307 1587 369 1645 Nec
387 1588 512 1666 pelagus
528 1587 640 1659 fontes,
655 1609 711 1646 nec
726 1596 821 1646 staret
834 1609 955 1647 summa
968 1609 1021 1667 per
1034 1607 1153 1646 omnes

307 1685 379 1742 Par·
397 1706 517 1764 semper
528 1694 638 1764 partes,
657 1705 756 1765 aequo
771 1685 888 1762 digesta
905 1693 1053 1764 parente:

308 1783 348 1840 t't
365 1804 462 1861 neque
479 1782 645 1841 delicerent
658 1783 759 1840 undae
778 1802 833 1840 nec
850 1782 950 1842 sidera
962 1780 1061 1852 nobis,

307 1880 369 1936 nec
382 1879 498 1937 caelum
512 1879 597 1958 justo
615 1879 753 1959 majusve
770 1879 913 1937 minusve
928 1879 1057 1938 volaret.

308 1977 411 2034 illotus
426 1977 491 2048 alit,
508 1998 570 2035 non
583 1984 682 2035 mutat
699 1997 777 2055 opus
797 1995 804 2036 ε
822 1976 865 2034 sic
886 1976 990 2034 omnia
1003 1982 1069 2034 tolo

308 2074 491 2152 Dispensata
506 2081 632 2131 manent
647 2073 774 2144 mundo,
788 2073 953 2152 legemque
966 2080 1153 2151 sequuntur.

297 2254 338 2304 Νο
350 2255 416 2304 459
427 2270 432 2302 :
442 2256 678 2310 Moderantem,
688 2269 715 2302 se
726 2256 852 2316 rapporte
864 2253 972 2301 dDeum
983 2256 1009 2301 et
1020 2245 1250 2315 gouvernemolettt

266 2316 436 2366 —Vivera
458 2317 506 2364 Cet
523 2317 639 2371 inlinitil,
664 2321 691 2363 et
711 2316 765 2380 aqi,
788 2331 821 2362 au
844 2330 904 2362 vers
922 2316 1038 2373 suivant,
1059 2313 1211 2377 dependent
1229 2304 1251 2374 dt

267 2393 360 2424 canam
376 2393 380 2423 :
397 2382 467 2424 cclte
478 2379 661 2424 construction
675 2378 741 2424 n'est
753 2393 800 2438 pas
811 2376 888 2424 d'une
903 2377 991 2423 bonne
1015 2377 1132 2426 latinitd.
1153 2400 1180 2409 -
1196 2371 1252 2430 lrnj

267 2447 331 2509 get.
345 2440 502 2486 L'inltncnce
515 2442 604 2486 divine
617 2454 645 2484 sc
659 2440 800 2486 laitsentir
812 2453 845 2486 nu
863 2453 960 2501 moyen
982 2439 1017 2485 du
1033 2439 1115 2486 lluide
1135 2435 1249 2503 e'therqffl

264 2517 337 2562 Jonc,
353 2517 385 2546 on
400 2503 422 2547 le
434 2504 493 2554 snit,
507 2517 541 2547 un
554 2504 607 2548 tres
619 2503 701 2562 grand
720 2502 775 2547 rdle
794 2502 860 2548 dans
877 2500 900 2547 la
920 2500 1089 2561 philosophie
1112 2499 1249 2546 stoicrennt·

268 2563 383 2609 D'nbord
399 2564 463 2620 seul,
476 2564 493 2608 il
507 2579 534 2610 se
545 2564 625 2610 (litate
638 2567 665 2609 ct
675 2564 760 2624 prend
773 2563 796 2610 la
809 2563 892 2608 forme
905 2561 1061 2622 sphe'rique;
1073 2563 1145 2622 puis,
1159 2559 1177 2604 il
1186 2557 1251 2602 torme

268 2625 292 2670 le
304 2627 354 2676 len,
371 2626 394 2670 ln
413 2631 489 2682 terre,
510 2624 585 2677 t'eau,
606 2623 669 2682 t'air,
688 2623 762 2670 l’ame
780 2624 913 2675 humaine,
934 2626 984 2670 etc.
1007 2649 1033 2657 -
1052 2620 1209 2671 Animale.
1224 2611 1249 2657 [θ

268 2693 365 2732 monde
379 2688 426 2733 l'ait
439 2688 504 2732 ainsi
521 2702 555 2732 un
567 2690 627 2733 tout
640 2687 740 2734 vivent.
754 2685 792 2733 Cl.
802 2687 886 2746 Virg„
901 2685 1007 2747 Ge'orq„
1021 2684 1065 2743 lv,
1078 2690 1123 2730 221
1142 2699 1147 2730 :
1161 2701 1171 2724 ιι
1184 2679 1249 2726 Deum

269 2763 384 2810 narnqne
396 2748 435 2795 ire
443 2764 493 2810 per
503 2763 593 2795 omnes
610 2748 759 2810 Terrasqne
773 2750 930 2809 tractusque
943 2745 1025 2793 maris
1037 2746 1196 2807 caelumque
1206 2746 1250 2800 pt0·

268 2808 385 2870 fundum
405 2825 413 2857 :
434 2810 501 2857 Hinc
515 2810 641 2872 pecudes.
665 2810 795 2867 armenta,
819 2809 901 2865 uiros,
927 2821 1013 2877 penus
1033 2822 1111 2854 omne
1138 2807 1248 2868 {erearum-¹

269 2873 405 2934 Quemque
419 2871 471 2919 sihi
486 2875 576 2919 tenues
590 2873 741 2918 nascentem
758 2883 891 2918 arcessere
911 2871 993 2924 ortam
1005 2869 1114 2917 Scilicet
1128 2871 1179 2917 hnc
1191 2856 1249 2928 reddt

268 2933 364 2981 deinde
377 2949 406 2980 ac
419 2935 536 2981 resoluta
551 2933 651 2993 referri
664 2932 772 2991 Omnia;
787 2947 833 2980 nec
852 2929 933 2979 morli
952 2945 1007 2978 esse
1026 2930 1131 2987 tocnm;
1148 2927 1192 2978 sed
1208 2931 1249 2971 cun

268 2996 358 3043 votare
377 2996 477 3043 Sideris
497 2997 523 3042 in
544 3009 685 3041 nnmerum
703 2996 784 3057 atque
797 2993 851 3042 atto
874 2993 1015 3041 succedere
1031 2993 1098 3040 caeto
1115 3014 1137 3042 n.
1158 2989 1219 3039 C'esl
1232 2983 1249 3026 lt

267 3059 389 3104 doctrine
402 3059 434 3104 (le
449 3059 606 3119 Pythagora.
623 3058 724 3118 reprise
744 3059 771 3103 et
790 3055 954 3116 developpe'e
973 3069 1021 3115 par
1043 3054 1140 3102 Platon
1160 3055 1218 3100 dans
1232 3043 1248 3088 le

272 3120 367 3168 Times.
393 3120 459 3166 Voir
484 3121 554 3166 aussi
586 3119 728 3179 Plutarque
760 3119 802 3180 (de
835 3117 928 3165 Placil.
961 3116 1127 3178 philosoph„
1157 3115 1249 3177 tvtf

268 3181 428 3230 Machina
443 3201 474 3223 =
500 3181 624 3228 mundns.
650 3181 765 3227 Lucr'ece
792 3180 904 3241 emploie
927 3180 1125 3226 constamment
1148 3173 1249 3241 mechilt

268 3243 334 3288 dans
348 3258 377 3288 cc
388 3257 466 3289 sens:
483 3262 493 3284 «
509 3243 575 3290 Rnet
590 3243 671 3288 metes
682 3243 706 3288 et
719 3241 841 3289 machina
853 3239 947 3288 mundi
956 3260 967 3282 »
984 3240 1025 3300 (V,
1040 3239 1088 3299 96).
1103 3240 1247 3296 -Magl⁵·

270 3305 328 3353 tro.
349 3303 471 3350 L'nuteur
492 3305 638 3365 developpe
655 3305 698 3361 ici,
720 3319 772 3350 non
790 3319 850 3350 sans
871 3302 1014 3362 eloquence
1031 3304 1058 3348 et
1072 3315 1135 3348 sans
1152 3297 1248 3350 chalem

269 3367 306 3412 tes
323 3366 395 3412 idics
415 3368 575 3413 stoiciennes
595 3381 639 3412 sur
649 3365 717 3411 Dien
730 3364 869 3412 considere
886 3377 989 3410 comme
1001 3365 1058 3409 ame
1074 3362 1109 3409 du
1127 3361 1219 3410 monde
1232 3353 1250 3422 el

268 3441 371 3474 comme
387 3427 474 3473 raison
493 3428 649 3474 universelle
673 3428 748 3488 (Voir
763 3427 879 3488 l'hymne
902 3424 1087 3481 chldanthe;
1108 3423 1247 3484 &nequet

269 3489 365 3548 Lucil,
380 3492 417 3545 ll,
434 3494 485 3548 102,
508 3493 563 3546 1073
578 3489 609 3535 de
627 3488 685 3534 Vita
698 3488 782 3544 beata,
798 3492 845 3548 15).
859 3515 890 3523 -
907 3485 1013 3536 Statio
1028 3500 1032 3532 :
1047 3484 1153 3547 d'apres
1165 3484 1248 3534 l’astro·

224 3558 230 3570 ’
268 3551 356 3598 nomie
374 3552 420 3595 des
442 3550 557 3596 ariciens.
579 3575 609 3587 -
625 3550 700 3598 Par.
716 3549 750 3596 La
764 3563 865 3595 somme
876 3549 922 3595 des
942 3549 1070 3596 eldments
1087 3549 1129 3594 est
1146 3546 1249 3606 touJ'ouu

267 3613 293 3659 ta
306 3615 399 3668 meme,
412 3626 443 3656 en
457 3616 533 3657 vertu
548 3613 582 3656 du
600 3611 721 3670 principe
733 3610 795 3655 bien
809 3623 898 3656 connu
910 3623 915 3656 :
928 3610 985 3656 rien
996 3623 1028 3655 ne
1041 3622 1069 3655 se
1082 3608 1153 3667 crde,
1166 3610 1215 3656 rien
1224 3611 1246 3646 11t
1288 3584 1290 3640 l

268 3687 296 3718 se
310 3673 383 3730 perd,
399 3673 458 3715 tout
471 3684 498 3715 se
513 3672 681 3716 transl'orme.

686 3850 718 3859 —
737 3824 840 3874 462-
