2696 4244
105 176 180 233 146.
197 177 251 264 La
262 177 441 247 populace
456 178 501 233 de
522 179 633 234 Rome
656 178 680 234 a
700 178 740 233 la
759 178 809 235 flu
831 178 877 234 du
898 178 959 235 1v⁶
983 175 1094 242 siecle

484 275 597 342 apres
612 275 703 332 bac.-

137 377 210 438 (Quae
218 374 304 437 fucrit
316 377 434 426 Romana
442 377 584 440 plebecula
597 379 709 428 exeunte
720 378 865 427 admodum
877 377 976 442 quarto
985 376 1048 441 post

494 457 561 506 J.·C.
574 457 693 520 saeculo.)

131 597 221 656 Nunc
245 597 284 656 ad
312 598 443 660 otiosam
470 598 591 678 plebem
629 599 787 658 veniamus
818 607 849 659 et
875 598 1022 660 desidem.
1053 599 1094 657 Hi
1108 597 1150 664 3⁸

95 713 181 751 omne
194 694 278 773 quod
289 695 301 718 ¹
315 695 427 754 vivunt
441 694 513 754 vino
529 704 560 754 et
570 697 692 754 tesseris
710 696 904 776 impendunt,
930 704 961 755 et
983 695 1095 774 volup-

97 790 207 849 tatibus
218 799 250 849 et
263 789 446 870 spectaculis
464 810 471 852 :
489 793 593 872 eisque
608 793 769 872 templum,
783 801 813 852 et
828 793 1047 864 habitaculum,
1065 797 1097 850 et
1191 827 1193 840 ·

94 887 206 960 contio,
221 895 252 946 et
266 889 441 968 cupitorum
458 910 527 968 spes
547 889 646 948 omnis
663 889 793 949 Circus*
809 899 856 948 est
876 889 1050 949 Maximus:
1066 896 1098 947 et

94 983 192 1042 videre
202 984 277 1043 licet
289 1006 343 1064 per
358 986 435 1059 lora,
459 993 490 1044 et
510 987 656 1065 compita,
680 994 711 1046 et
732 987 859 1066 plateas
882 995 913 1046 et
936 985 1097 1046 conventi-

92 1080 155 1140 cula
171 1081 303 1140 circulos
327 1082 444 1142 multos
468 1083 614 1142 collectos
637 1084 736 1142 inse*
757 1084 965 1143 controversis
985 1083 1096 1163 jurgiis

94 1175 172 1251 lerri,
186 1177 257 1236 aliis
271 1178 366 1252 aliud,
388 1187 422 1238 ut
442 1179 488 1252 fit,
510 1179 759 1240 defendentibus.
785 1181 870 1239 Inter
889 1201 967 1261 quos
989 1181 1020 1238 hi
1043 1186 1096 1258 qui

96 1273 130 1330 ad
151 1275 324 1334 satietatem
344 1276 500 1349 vixerunt,
517 1277 653 1356 potiores
669 1278 851 1337 auctoritate
869 1277 1020 1356 longaeva,
1042 1297 1097 1356 per

92 1389 181 1430 canos
205 1380 237 1430 et
258 1393 348 1450 rugas
375 1373 534 1434 clamitant
556 1395 638 1453 saepe
666 1375 908 1454 rempublicam*
932 1383 1012 1433 stare
1035 1394 1096 1431 non

93 1487 190 1544 posse,
205 1469 230 1526 si
250 1469 354 1528 futura
378 1471 642 1543 concertatione*‚
664 1473 774 1552 quem*
795 1473 926 1552 quisque
945 1470 1096 1542 vindicat,

91 1574 263 1633 carceribus
292 1595 355 1632 non
389 1575 548 1634 exsiluerit
580 1577 735 1656 princeps
766 1586 798 1637 et
826 1577 984 1636 funalibus
1010 1577 1096 1655 equis

92 1689 197 1746 parum
213 1672 407 1731 cohaerenter
428 1673 835 1737 circumflexerit.metam*,
856 1675 896 1733 Et
915 1674 968 1734 ubi
993 1671 1096 1749 negle-

89 1769 199 1841 gentiae
215 1776 302 1826 tanta
318 1777 364 1827 est
378 1769 486 1841 carieS,
504 1777 651 1850 exoptato
668 1771 717 1830 die
740 1772 929 1851 equestrium
951 1769 1096 1830 ludorum

90 1862 297 1936 illucescente,
316 1866 442 1924 effusius
454 1886 561 1926 omnes
577 1867 725 1928 festinant
737 1869 912 1949 praecipites
933 1874 967 1926 ut
982 1866 1097 1925 veloci-

91 1967 146 2019 tate
161 1943 274 2021 cu'rrus
284 1961 368 2041 ipsos
382 1969 527 2022 anteeant
536 1972 725 2025 certaturos:
739 1984 971 2046 superquorum
982 1971 1096 2023 eventu

89 2057 208 2117 discissi
238 2067 381 2131 votorum
406 2060 527 2133 studiis,
553 2063 637 2121 anxii
664 2063 788 2141 plurimi
815 2070 912 2141 agunt
932 2060 1096 2142 pervigiles

89 2162 203 2217 noctes
219 2155 259 2213 Et
273 2162 320 2214 est
334 2152 499 2216 admodum
514 2158 626 2217 mirum
638 2159 742 2218 videre
756 2160 875 2238 plebem
889 2159 1093 2229 innumeram,

94 2252 251 2311 mentibus
266 2254 374 2311 ardore
390 2255 524 2334 quodam
540 2255 653 2328 inluso,
671 2277 739 2314 curn
756 2257 987 2315 dimicationum
1003 2275 1096 2314 curu-

91 2343 160 2407 lium
179 2358 298 2409 eventu
315 2351 513 2429 pendentem.
534 2353 607 2410 Haec
618 2353 791 2432 similiaque
807 2352 1003 2411 memorabile
1019 2333 1096 2410 nihil

88 2446 131 2503 vel
146 2447 266 2505 serium
282 2447 331 2523 agi
346 2447 453 2506 Romae
469 2449 668 2527 permittunt.

113 2595 153 2645 N·
170 2597 239 2647 146
255 2610 261 2644 τ
276 2595 376 2646 Omne
389 2597 476 2659 quod
487 2617 518 2640 =
532 2613 608 2646 omne
627 2601 731 2661 tempus
748 2599 829 2660 quod.
845 2600 923 2647 Voila
939 2601 963 2648 le
980 2602 1094 2651 resultat

84 2655 113 2726 de
125 2657 149 2705 la
162 2659 302 2720 potitique
313 2659 361 2706 des
371 2672 524 2730 empereurs
536 2661 582 2768 (pi
594 2675 627 2708 ne
640 2663 733 2708 surent
745 2661 860 2722 inspirer
876 2663 908 2709 dc
925 2664 1094 2724 patriotisme

85 2730 107 2763 ni
121 2733 172 2768 aux
184 2719 377 2783 provinciaux,
391 2735 418 2766 m
432 2735 465 2768 au
477 2736 548 2783 peup
559 2736 573 2769 e
586 2723 698 2770 romain.
717 2723 800 2771 Rome
819 2724 900 2771 attira
920 2727 948 2772 et
964 2727 1094 2774 entretiut

82 2780 180 2842 jusqu‘a
198 2782 227 2828 la
247 2780 285 2827 fin
312 2782 345 2829 de
364 2779 489 2843 l'Empire
506 2798 558 2830 une
582 2783 678 2831 tourbe
694 2784 830 2832 d'all'ames
845 2787 872 2832 et
888 2786 921 2832 de
943 2787 1092 2835 faineants:

83 2845 212 2946 parasites
223 2843 342 2902 vicieux‚
361 2845 482 2904 ruineux,
500 2845 680 2914 pretsatout,
700 2849 726 2893 et
743 2849 789 2908 qui
810 2861 839 2894 se
857 2848 1006 2895 donntrent
1018 2850 1033 2895 a
1046 2850 1092 2911 qui

92 2917 135 2952 eur
157 2905 280 2954 donnait
303 2919 421 2968 «panem
438 2907 464 2954 et
485 2920 649 2956 circenses».
667 2935 698 2942 -
715 2907 838 2958 Circus.
857 2909 923 2957 Voir
942 2923 972 2956 ce
991 2915 1046 2958 mot
1059 2927 1092 2958 au

82 2964 190 3029 texique.
218 2993 253 3002 -
267 2966 306 3015 ln
324 2979 359 3017 se
380 2986 414 3010 =·
437 2967 508 3015 inter
522 2982 558 3017 se.
580 2996 610 3004 —
626 2969 886 3033 Rempublioam.
912 2971 961 3018 Les
975 2969 1093 3030 factione

82 3024 231 3085 (factiones.
249 3027 318 3075 Voir
335 3043 369 3076 au
382 3029 496 3092 lexique)
515 3031 550 3077 du
568 3030 659 3092 cirque
679 3032 858 3080 remontaient
879 3034 894 3080 a
916 3031 1037 3095 l'epoque
1059 3036 1092 3082 de

84 3087 102 3134 la
122 3090 316 3154 Republique3
340 3090 403 3138 elles
424 3092 526 3153 prirent
549 3093 609 3153 plus
631 3091 796 3141 d'extension
821 3109 883 3142 sous
911 3094 1036 3158 l'Empire
1065 3099 1092 3144 et

81 3153 306 3202 occasionnerent
330 3156 444 3201 souvent
468 3153 500 3201 de
522 3168 616 3215 graves
633 3154 782 3204 desordres.
807 3156 848 3204 On
866 3157 918 3204 salt
937 3156 1014 3218 qu'en
1037 3163 1090 3215 503,

84 3215 315 3278 sousl'empereur
327 3217 467 3275 Anastase,
479 3214 530 3277 ily
550 3220 596 3263 eut
613 3216 679 3263 dans
698 3215 892 3278 l'hippodrome
909 3220 942 3266 de
961 3219 1089 3280 Byzance,

84 3287 112 3322 un
132 3278 251 3326 combat
275 3276 321 3337 qui
340 3277 420 3324 conta
432 3276 458 3324 la
480 3277 522 3324 vie
540 3278 555 3324 a
575 3277 634 3338 plus
656 3279 689 3325 de
714 3284 783 3326 3.000
808 3281 946 3341 citoyens3
967 3284 993 3328 et
1013 3283 1090 3346 qu'en

82 3340 127 3397 itt,
149 3355 216 3388 sous
238 3337 384 3396 Justinien‚
399 3337 423 3385 le
442 3338 519 3385 trbne
535 3339 665 3399 imperial,
685 3342 847 3401 compromis
864 3356 912 3402 par
928 3343 1027 3390 unedo
1047 3358 1091 3389 ces

34 3417 35 3432 ¹
84 3397 193 3450 lmeutes
219 3400 271 3462 (oli
288 3398 408 3460 perirent
429 3404 515 3447 30.000
533 3400 672 3461 hommes),
694 3416 726 3446 ne
747 3403 787 3449 t'ut
807 3403 889 3450 seuve
907 3417 958 3464 que
978 3407 1054 3466 grece
1076 3406 1091 3451 u

84 3458 284 3512 l'intervention
299 3461 348 3508 des
362 3463 471 3523 troupes
491 3463 638 3523 germaines
658 3463 691 3508 de
709 3462 845 3510 Belisaire.
865 3491 895 3499 —
919 3465 1090 3515 concerta-

84 3523 203 3576 tione:
217 3521 331 3571 missus.
345 3521 411 3570 Voir
423 3537 453 3570 ce
473 3526 529 3569 mot
540 3537 573 3569 au
585 3523 697 3584 lexique.
716 3551 746 3558 -
760 3523 860 3586 Quem
874 3545 905 3568 =
919 3526 1088 3588 agitatorem.

83 3609 106 3620 -
117 3587 247 3638 Metam
259 3597 267 3631 τ
281 3597 382 3644 groupe
393 3583 426 3630 de
436 3584 504 3632 trois
519 3584 672 3632 colonnesd
693 3587 777 3633 forme
797 3587 919 3647 conique,
934 3588 1038 3648 placees
1056 3605 1088 3636 au

84 3643 184 3699 boutde
197 3649 226 3697 la
246 3644 369 3693 bernero
383 3644 478 3708 (spina)
498 3646 564 3693 dont
578 3648 616 3694 les
637 3647 757 3694 chevaux
780 3649 902 3695 saisaient
921 3649 945 3695 le
966 3653 1034 3696 tour.
1054 3650 1090 3696 Le

84 3714 154 3767 grand
168 3715 213 3760 art
227 3706 377 3757 consistait
389 3707 403 3754 d
413 3721 487 3754 raser
498 3707 523 3755 la
536 3711 613 3765 meta,
628 3724 689 3755 sans
702 3710 795 3757 laisser
809 3711 823 3757 b
836 3726 871 3757 un
888 3711 956 3758 rival
969 3725 1041 3757 assez
1056 3711 1090 3756 de

82 3770 145 3828 place
163 3788 239 3837 pour
261 3783 359 3831 passer
372 3771 468 3817 etsans
487 3768 526 3832 s’y
546 3769 655 3817 heurter
674 3773 819 3820 soi-menie.

512 3931 668 3994 -147Τ
