<?xml version="1.0" encoding="UTF-8"?>
<!DOCTYPE html PUBLIC "-//W3C//DTD XHTML 1.0 Transitional//EN"
    "http://www.w3.org/TR/xhtml1/DTD/xhtml1-transitional.dtd">
<html xmlns="http://www.w3.org/1999/xhtml" xml:lang="en" lang="en">
 <head>
  <title>
</title>
<meta http-equiv="Content-Type" content="text/html;charset=utf-8" />
  <meta name='ocr-system' content='tesseract 3.04.00' />
  <meta name='ocr-capabilities' content='ocr_page ocr_carea ocr_par ocr_line ocrx_word'/>
</head>
<body>
  <div class='ocr_page' id='page_1' title='image "./depublicaprivat01arnagoog_0319.png"; bbox 0 0 2756 4238; ppageno 0'>
   <div class='ocr_carea' id='block_1_1' title="bbox 235 101 1256 359">
    <p class='ocr_par' dir='ltr' id='par_1_1' title="bbox 235 101 1256 359">
     <span class='ocr_line' id='line_1_1' title="bbox 235 101 1256 193; baseline -0.001 -25"><span class='ocrx_word' id='word_1_1' title='bbox 235 110 322 170; x_wconf 81' lang='lat'><strong>267.</strong></span> <span class='ocrx_word' id='word_1_2' title='bbox 336 112 392 168; x_wconf 81' lang='lat' dir='ltr'><strong>La</strong></span> <span class='ocrx_word' id='word_1_3' title='bbox 408 106 546 168; x_wconf 80' lang='lat' dir='ltr'><strong>soote&#39;te</strong></span> <span class='ocrx_word' id='word_1_4' title='bbox 561 108 732 193; x_wconf 73' lang='lat' dir='ltr'><strong>humisine</strong></span> <span class='ocrx_word' id='word_1_5' title='bbox 748 111 807 167; x_wconf 83' lang='lat' dir='ltr'><strong>est</strong></span> <span class='ocrx_word' id='word_1_6' title='bbox 822 105 952 167; x_wconf 76' lang='lat' dir='ltr'><strong>tondes</strong></span> <span class='ocrx_word' id='word_1_7' title='bbox 973 121 1039 167; x_wconf 87' lang='lat' dir='ltr'><strong>sur</strong></span> <span class='ocrx_word' id='word_1_8' title='bbox 1050 109 1091 166; x_wconf 88' lang='lat' dir='ltr'><strong>la</strong></span> <span class='ocrx_word' id='word_1_9' title='bbox 1101 109 1182 180; x_wconf 76' lang='lat' dir='ltr'><strong>Just</strong></span> <span class='ocrx_word' id='word_1_10' title='bbox 1201 101 1256 167; x_wconf 70' lang='lat' dir='ltr'><strong>ee&#39;</strong></span> 
     </span>
     <span class='ocr_line' id='line_1_2' title="bbox 620 196 857 255; baseline 0.004 -2"><span class='ocrx_word' id='word_1_11' title='bbox 620 199 657 255; x_wconf 83' lang='lat' dir='ltr'><strong>et</strong></span> <span class='ocrx_word' id='word_1_12' title='bbox 677 198 716 254; x_wconf 87' lang='lat' dir='ltr'><strong>la</strong></span> <span class='ocrx_word' id='word_1_13' title='bbox 735 196 857 255; x_wconf 72' lang='lat' dir='ltr'><strong>bonta.</strong></span> 
     </span>
     <span class='ocr_line' id='line_1_3' title="bbox 355 291 1197 359; baseline -0.002 -15"><span class='ocrx_word' id='word_1_14' title='bbox 355 293 475 358; x_wconf 74' lang='lat' dir='ltr'><strong>(lustitia</strong></span> <span class='ocrx_word' id='word_1_15' title='bbox 488 294 514 342; x_wconf 89' lang='lat' dir='ltr'><strong>et</strong></span> <span class='ocrx_word' id='word_1_16' title='bbox 527 291 695 345; x_wconf 75' lang='lat' dir='ltr'><em>humanitate</em></span> <span class='ocrx_word' id='word_1_17' title='bbox 708 292 779 341; x_wconf 86' lang='lat' dir='ltr'><strong>inter</strong></span> <span class='ocrx_word' id='word_1_18' title='bbox 792 307 819 342; x_wconf 84' lang='lat' dir='ltr'><strong>se</strong></span> <span class='ocrx_word' id='word_1_19' title='bbox 831 293 971 342; x_wconf 85' lang='lat' dir='ltr'><strong>sociantur</strong></span> <span class='ocrx_word' id='word_1_20' title='bbox 984 292 1125 358; x_wconf 77' lang='lat' dir='ltr'><strong>homines.)</strong></span> <span class='ocrx_word' id='word_1_21' title='bbox 1193 351 1197 359; x_wconf 39' lang='grc'>,</span> 
     </span>
    </p>
   </div>
   <div class='ocr_carea' id='block_1_2' title="bbox 179 425 1243 2351">
    <p class='ocr_par' dir='ltr' id='par_1_2' title="bbox 179 425 1243 2351">
     <span class='ocr_line' id='line_1_4' title="bbox 179 425 1241 504; baseline -0.007 -13"><span class='ocrx_word' id='word_1_22' title='bbox 179 426 219 491; x_wconf 74' lang='lat'><strong>2⁰</strong></span> <span class='ocrx_word' id='word_1_23' title='bbox 274 427 353 487; x_wconf 88' lang='lat' dir='ltr'><strong>Cum</strong></span> <span class='ocrx_word' id='word_1_24' title='bbox 369 447 460 486; x_wconf 91' lang='lat' dir='ltr'><strong>omne</strong></span> <span class='ocrx_word' id='word_1_25' title='bbox 476 447 573 504; x_wconf 88' lang='lat' dir='ltr'><strong>genus</strong></span> <span class='ocrx_word' id='word_1_26' title='bbox 590 425 751 486; x_wconf 91' lang='lat' dir='ltr'><strong>bominum</strong></span> <span class='ocrx_word' id='word_1_27' title='bbox 768 426 918 485; x_wconf 89' lang='lat' dir='ltr'><strong>sociatum</strong></span> <span class='ocrx_word' id='word_1_28' title='bbox 937 426 1017 485; x_wconf 87' lang='lat' dir='ltr'><strong>inter</strong></span> <span class='ocrx_word' id='word_1_29' title='bbox 1028 447 1059 486; x_wconf 90' lang='lat' dir='ltr'><strong>se</strong></span> <span class='ocrx_word' id='word_1_30' title='bbox 1072 447 1137 486; x_wconf 90' lang='lat' dir='ltr'><strong>esse</strong></span> <span class='ocrx_word' id='word_1_31' title='bbox 1152 426 1241 486; x_wconf 87' lang='lat' dir='ltr'><strong>intel·</strong></span> 
     </span>
     <span class='ocr_line' id='line_1_5' title="bbox 234 523 1243 604; baseline 0 -22"><span class='ocrx_word' id='word_1_32' title='bbox 234 525 364 602; x_wconf 82' lang='lat' dir='ltr'><strong>legatur,</strong></span> <span class='ocrx_word' id='word_1_33' title='bbox 383 523 522 603; x_wconf 88' lang='lat' dir='ltr'><strong>sequitur</strong></span> <span class='ocrx_word' id='word_1_34' title='bbox 537 523 574 582; x_wconf 92' lang='lat' dir='ltr'><strong>ad</strong></span> <span class='ocrx_word' id='word_1_35' title='bbox 588 523 836 604; x_wconf 87' lang='lat' dir='ltr'><strong>participandum</strong></span> <span class='ocrx_word' id='word_1_36' title='bbox 852 523 945 582; x_wconf 89' lang='lat' dir='ltr'><strong>alium</strong></span> <span class='ocrx_word' id='word_1_37' title='bbox 963 524 1002 583; x_wconf 88' lang='lat' dir='ltr'><strong>ab</strong></span> <span class='ocrx_word' id='word_1_38' title='bbox 1019 524 1079 583; x_wconf 88' lang='lat' dir='ltr'><strong>alio</strong></span> <span class='ocrx_word' id='word_1_39' title='bbox 1105 545 1243 583; x_wconf 84' lang='lat' dir='ltr'><strong>commu·</strong></span> 
     </span>
     <span class='ocr_line' id='line_1_6' title="bbox 202 621 1240 701; baseline -0.002 -21"><span class='ocrx_word' id='word_1_40' title='bbox 202 649 206 656; x_wconf 95' lang='lat'>·</span> <span class='ocrx_word' id='word_1_41' title='bbox 235 621 484 701; x_wconf 81' lang='lat' dir='ltr'><strong>nicandumque*</strong></span> <span class='ocrx_word' id='word_1_42' title='bbox 500 621 581 678; x_wconf 89' lang='lat' dir='ltr'><strong>inter</strong></span> <span class='ocrx_word' id='word_1_43' title='bbox 598 641 716 694; x_wconf 89' lang='lat' dir='ltr'><strong>omnes,</strong></span> <span class='ocrx_word' id='word_1_44' title='bbox 733 621 835 699; x_wconf 87' lang='lat' dir='ltr'><strong>justos</strong></span> <span class='ocrx_word' id='word_1_45' title='bbox 851 629 961 680; x_wconf 87' lang='lat' dir='ltr'><strong>natura</strong></span> <span class='ocrx_word' id='word_1_46' title='bbox 975 641 1030 679; x_wconf 92' lang='lat' dir='ltr'><strong>nos</strong></span> <span class='ocrx_word' id='word_1_47' title='bbox 1045 642 1110 679; x_wconf 89' lang='lat' dir='ltr'><strong>esse</strong></span> <span class='ocrx_word' id='word_1_48' title='bbox 1126 621 1240 694; x_wconf 84' lang='lat' dir='ltr'><strong>factos;</strong></span> 
     </span>
     <span class='ocr_line' id='line_1_7' title="bbox 234 718 1243 796; baseline -0.001 -18"><span class='ocrx_word' id='word_1_49' title='bbox 234 726 351 778; x_wconf 87' lang='lat' dir='ltr'><strong>tantam</strong></span> <span class='ocrx_word' id='word_1_50' title='bbox 367 725 468 777; x_wconf 91' lang='lat' dir='ltr'><strong>autem</strong></span> <span class='ocrx_word' id='word_1_51' title='bbox 483 739 548 776; x_wconf 91' lang='lat' dir='ltr'><strong>esse</strong></span> <span class='ocrx_word' id='word_1_52' title='bbox 566 718 773 796; x_wconf 76' lang='lat' dir='ltr'>corruptelam</span> <span class='ocrx_word' id='word_1_53' title='bbox 789 718 877 776; x_wconf 86' lang='lat' dir='ltr'><strong>malae</strong></span> <span class='ocrx_word' id='word_1_54' title='bbox 894 718 1138 790; x_wconf 77' lang='lat' dir='ltr'>consuetudinis,</span> <span class='ocrx_word' id='word_1_55' title='bbox 1156 737 1191 776; x_wconf 86' lang='lat' dir='ltr'><strong>ut</strong></span> <span class='ocrx_word' id='word_1_56' title='bbox 1203 719 1243 777; x_wconf 91' lang='lat' dir='ltr'><strong>ab</strong></span> 
     </span>
     <span class='ocr_line' id='line_1_8' title="bbox 234 814 1242 895; baseline -0.001 -20"><span class='ocrx_word' id='word_1_57' title='bbox 234 817 290 875; x_wconf 85' lang='lat' dir='ltr'><strong>ea*</strong></span> <span class='ocrx_word' id='word_1_58' title='bbox 310 823 466 895; x_wconf 80' lang='lat' dir='ltr'>tamquam</span> <span class='ocrx_word' id='word_1_59' title='bbox 486 814 634 892; x_wconf 78' lang='lat' dir='ltr'><strong>igniculi*</strong></span> <span class='ocrx_word' id='word_1_60' title='bbox 653 814 891 892; x_wconf 78' lang='lat' dir='ltr'><strong>exstinguantur</strong></span> <span class='ocrx_word' id='word_1_61' title='bbox 907 836 923 874; x_wconf 89' lang='lat' dir='ltr'><strong>a</strong></span> <span class='ocrx_word' id='word_1_62' title='bbox 941 822 1051 874; x_wconf 86' lang='lat' dir='ltr'><strong>natura</strong></span> <span class='ocrx_word' id='word_1_63' title='bbox 1071 815 1146 887; x_wconf 84' lang='lat' dir='ltr'><strong>dati,</strong></span> <span class='ocrx_word' id='word_1_64' title='bbox 1170 836 1242 874; x_wconf 83' lang='lat' dir='ltr'><strong>exo·</strong></span> 
     </span>
     <span class='ocr_line' id='line_1_9' title="bbox 235 911 1243 992; baseline 0.001 -21"><span class='ocrx_word' id='word_1_65' title='bbox 235 914 415 992; x_wconf 87' lang='lat' dir='ltr'><strong>rianturque</strong></span> <span class='ocrx_word' id='word_1_66' title='bbox 433 919 464 971; x_wconf 91' lang='lat' dir='ltr'><strong>et</strong></span> <span class='ocrx_word' id='word_1_67' title='bbox 480 912 702 970; x_wconf 88' lang='lat' dir='ltr'><strong>confirmentur</strong></span> <span class='ocrx_word' id='word_1_68' title='bbox 723 911 799 970; x_wconf 88' lang='lat' dir='ltr'><strong>vitia</strong></span> <span class='ocrx_word' id='word_1_69' title='bbox 814 911 977 972; x_wconf 90' lang='lat' dir='ltr'><strong>contraria.</strong></span> <span class='ocrx_word' id='word_1_70' title='bbox 1002 912 1089 979; x_wconf 90' lang='lat' dir='ltr'><strong>Quod</strong></span> <span class='ocrx_word' id='word_1_71' title='bbox 1109 912 1145 984; x_wconf 81' lang='lat' dir='ltr'><strong>si,</strong></span> <span class='ocrx_word' id='word_1_72' title='bbox 1165 933 1243 992; x_wconf 91' lang='lat' dir='ltr'><strong>quo·</strong></span> 
     </span>
     <span class='ocr_line' id='line_1_10' title="bbox 235 1007 1243 1087; baseline -0.001 -18"><span class='ocrx_word' id='word_1_73' title='bbox 235 1010 327 1069; x_wconf 85' lang='lat' dir='ltr'><strong>modo</strong></span> <span class='ocrx_word' id='word_1_74' title='bbox 343 1017 390 1068; x_wconf 91' lang='lat' dir='ltr'><strong>est</strong></span> <span class='ocrx_word' id='word_1_75' title='bbox 408 1011 547 1080; x_wconf 76' lang='lat' dir='ltr'><strong>natura*‚</strong></span> <span class='ocrx_word' id='word_1_76' title='bbox 566 1008 610 1068; x_wconf 91' lang='lat' dir='ltr'><strong>sic</strong></span> <span class='ocrx_word' id='word_1_77' title='bbox 624 1008 765 1087; x_wconf 86' lang='lat' dir='ltr'><strong>judicio*</strong></span> <span class='ocrx_word' id='word_1_78' title='bbox 783 1008 935 1082; x_wconf 83' lang='lat' dir='ltr'><strong>homines,</strong></span> <span class='ocrx_word' id='word_1_79' title='bbox 956 1033 971 1064; x_wconf 90' lang='lat'>«</span> <span class='ocrx_word' id='word_1_80' title='bbox 988 1007 1126 1080; x_wconf 85' lang='lat' dir='ltr'><strong>humani,</strong></span> <span class='ocrx_word' id='word_1_81' title='bbox 1146 1017 1178 1068; x_wconf 87' lang='lat' dir='ltr'><strong>ut</strong></span> <span class='ocrx_word' id='word_1_82' title='bbox 1199 1010 1243 1068; x_wconf 90' lang='lat' dir='ltr'><strong>ait</strong></span> 
     </span>
     <span class='ocr_line' id='line_1_11' title="bbox 235 1105 1243 1187; baseline 0 -21"><span class='ocrx_word' id='word_1_83' title='bbox 235 1115 337 1187; x_wconf 77' lang='lat' dir='ltr'><strong>poeta,</strong></span> <span class='ocrx_word' id='word_1_84' title='bbox 357 1105 435 1164; x_wconf 91' lang='lat' dir='ltr'><strong>nihil</strong></span> <span class='ocrx_word' id='word_1_85' title='bbox 453 1127 469 1165; x_wconf 88' lang='lat' dir='ltr'><strong>a</strong></span> <span class='ocrx_word' id='word_1_86' title='bbox 487 1126 519 1164; x_wconf 90' lang='lat' dir='ltr'><strong>se</strong></span> <span class='ocrx_word' id='word_1_87' title='bbox 535 1105 668 1165; x_wconf 89' lang='lat' dir='ltr'><strong>alienum</strong></span> <span class='ocrx_word' id='word_1_88' title='bbox 686 1107 852 1186; x_wconf 78' lang='lat' dir='ltr'><strong>putarent*</strong></span> <span class='ocrx_word' id='word_1_89' title='bbox 870 1129 900 1179; x_wconf 72' lang='lat' dir='ltr'><strong>a,</strong></span> <span class='ocrx_word' id='word_1_90' title='bbox 920 1105 1073 1165; x_wconf 79' lang='lat' dir='ltr'><strong>coleretur</strong></span> <span class='ocrx_word' id='word_1_91' title='bbox 1086 1105 1138 1185; x_wconf 85' lang='lat' dir='ltr'><strong>jus</strong></span> <span class='ocrx_word' id='word_1_92' title='bbox 1155 1128 1243 1186; x_wconf 86' lang='lat' dir='ltr'><strong>aeque</strong></span> 
     </span>
     <span class='ocr_line' id='line_1_12' title="bbox 235 1203 1240 1276; baseline -0.002 -12"><span class='ocrx_word' id='word_1_93' title='bbox 235 1206 273 1264; x_wconf 90' lang='lat' dir='ltr'><strong>ab</strong></span> <span class='ocrx_word' id='word_1_94' title='bbox 291 1203 445 1264; x_wconf 92' lang='lat' dir='ltr'><strong>omnibus.</strong></span> <span class='ocrx_word' id='word_1_95' title='bbox 468 1203 586 1270; x_wconf 89' lang='lat' dir='ltr'><strong>Quibus</strong></span> <span class='ocrx_word' id='word_1_96' title='bbox 602 1203 683 1261; x_wconf 92' lang='lat' dir='ltr'><strong>enim</strong></span> <span class='ocrx_word' id='word_1_97' title='bbox 702 1204 782 1263; x_wconf 91' lang='lat' dir='ltr'><strong>ratio</strong></span> <span class='ocrx_word' id='word_1_98' title='bbox 802 1224 818 1262; x_wconf 91' lang='lat' dir='ltr'><strong>a</strong></span> <span class='ocrx_word' id='word_1_99' title='bbox 840 1209 949 1263; x_wconf 88' lang='lat' dir='ltr'><strong>natura</strong></span> <span class='ocrx_word' id='word_1_100' title='bbox 966 1204 1037 1262; x_wconf 87' lang='lat' dir='ltr'><strong>data</strong></span> <span class='ocrx_word' id='word_1_101' title='bbox 1058 1211 1114 1276; x_wconf 78' lang='lat' dir='ltr'><strong>est,</strong></span> <span class='ocrx_word' id='word_1_102' title='bbox 1128 1204 1240 1274; x_wconf 55' lang='lat' dir='ltr'><strong>,iisdem</strong></span> 
     </span>
     <span class='ocr_line' id='line_1_13' title="bbox 235 1299 1242 1380; baseline 0 -20"><span class='ocrx_word' id='word_1_103' title='bbox 235 1302 327 1361; x_wconf 89' lang='lat' dir='ltr'><strong>etiam</strong></span> <span class='ocrx_word' id='word_1_104' title='bbox 341 1308 424 1359; x_wconf 91' lang='lat' dir='ltr'><strong>recta</strong></span> <span class='ocrx_word' id='word_1_105' title='bbox 440 1301 519 1359; x_wconf 92' lang='lat' dir='ltr'><strong>ratio</strong></span> <span class='ocrx_word' id='word_1_106' title='bbox 530 1300 599 1358; x_wconf 90' lang='lat' dir='ltr'><strong>data</strong></span> <span class='ocrx_word' id='word_1_107' title='bbox 616 1307 679 1373; x_wconf 87' lang='lat' dir='ltr'><strong>est;</strong></span> <span class='ocrx_word' id='word_1_108' title='bbox 697 1320 770 1378; x_wconf 91' lang='lat' dir='ltr'><strong>ergo</strong></span> <span class='ocrx_word' id='word_1_109' title='bbox 781 1307 812 1359; x_wconf 91' lang='lat' dir='ltr'><strong>et</strong></span> <span class='ocrx_word' id='word_1_110' title='bbox 825 1301 873 1360; x_wconf 88' lang='lat' dir='ltr'><strong>lex</strong></span> <span class='ocrx_word' id='word_1_111' title='bbox 883 1299 904 1373; x_wconf 75' lang='lat'><strong>*‚</strong></span> <span class='ocrx_word' id='word_1_112' title='bbox 922 1321 991 1380; x_wconf 72' lang='lat' dir='ltr'><strong>quae</strong></span> <span class='ocrx_word' id='word_1_113' title='bbox 1004 1307 1051 1360; x_wconf 89' lang='lat' dir='ltr'><strong>est</strong></span> <span class='ocrx_word' id='word_1_114' title='bbox 1065 1307 1146 1360; x_wconf 90' lang='lat' dir='ltr'><strong>recta</strong></span> <span class='ocrx_word' id='word_1_115' title='bbox 1162 1301 1242 1360; x_wconf 89' lang='lat' dir='ltr'><strong>ratio</strong></span> 
     </span>
     <span class='ocr_line' id='line_1_14' title="bbox 235 1397 1241 1478; baseline 0 -21"><span class='ocrx_word' id='word_1_116' title='bbox 235 1401 266 1457; x_wconf 91' lang='lat' dir='ltr'><strong>in</strong></span> <span class='ocrx_word' id='word_1_117' title='bbox 286 1398 427 1478; x_wconf 89' lang='lat' dir='ltr'><strong>jubendo</strong></span> <span class='ocrx_word' id='word_1_118' title='bbox 448 1404 478 1456; x_wconf 87' lang='lat' dir='ltr'><strong>et</strong></span> <span class='ocrx_word' id='word_1_119' title='bbox 499 1397 652 1469; x_wconf 75' lang='lat' dir='ltr'><strong>vetand03</strong></span> <span class='ocrx_word' id='word_1_120' title='bbox 671 1397 696 1456; x_wconf 89' lang='lat' dir='ltr'><strong>si</strong></span> <span class='ocrx_word' id='word_1_121' title='bbox 723 1398 782 1470; x_wconf 86' lang='lat' dir='ltr'><strong>lex,</strong></span> <span class='ocrx_word' id='word_1_122' title='bbox 802 1397 855 1477; x_wconf 89' lang='lat' dir='ltr'><strong>jus</strong></span> <span class='ocrx_word' id='word_1_123' title='bbox 874 1415 1022 1478; x_wconf 89' lang='lat' dir='ltr'><strong>quoque:</strong></span> <span class='ocrx_word' id='word_1_124' title='bbox 1045 1405 1076 1456; x_wconf 91' lang='lat' dir='ltr'><strong>at</strong></span> <span class='ocrx_word' id='word_1_125' title='bbox 1098 1398 1241 1458; x_wconf 88' lang='lat' dir='ltr'><strong>omnibus</strong></span> 
     </span>
     <span class='ocr_line' id='line_1_15' title="bbox 235 1493 1242 1575; baseline 0.002 -22"><span class='ocrx_word' id='word_1_126' title='bbox 235 1496 334 1568; x_wconf 89' lang='lat' dir='ltr'><strong>ratio;</strong></span> <span class='ocrx_word' id='word_1_127' title='bbox 357 1495 408 1575; x_wconf 86' lang='lat' dir='ltr'><strong>jus</strong></span> <span class='ocrx_word' id='word_1_128' title='bbox 431 1493 525 1572; x_wconf 91' lang='lat' dir='ltr'><strong>igitur</strong></span> <span class='ocrx_word' id='word_1_129' title='bbox 545 1494 649 1554; x_wconf 82' lang='lat' dir='ltr'><strong>datum</strong></span> <span class='ocrx_word' id='word_1_130' title='bbox 671 1501 718 1553; x_wconf 92' lang='lat' dir='ltr'><strong>est</strong></span> <span class='ocrx_word' id='word_1_131' title='bbox 741 1494 895 1554; x_wconf 83' lang='lat' dir='ltr'><strong>omnibus</strong></span> <span class='ocrx_word' id='word_1_132' title='bbox 919 1493 1076 1575; x_wconf 88' lang='lat' dir='ltr'><strong>Recteque</strong></span> <span class='ocrx_word' id='word_1_133' title='bbox 1100 1495 1242 1555; x_wconf 73' lang='lat' dir='ltr'><strong>Socrates</strong></span> 
     </span>
     <span class='ocr_line' id='line_1_16' title="bbox 235 1590 1241 1671; baseline -0.001 -19"><span class='ocrx_word' id='word_1_134' title='bbox 235 1591 388 1652; x_wconf 84' lang='lat' dir='ltr'><strong>exsecrari</strong></span> <span class='ocrx_word' id='word_1_135' title='bbox 417 1612 486 1650; x_wconf 91' lang='lat' dir='ltr'><strong>eum</strong></span> <span class='ocrx_word' id='word_1_136' title='bbox 512 1591 630 1651; x_wconf 81' lang='lat' dir='ltr'><strong>solebat</strong></span> <span class='ocrx_word' id='word_1_137' title='bbox 660 1590 714 1671; x_wconf 93' lang='lat' dir='ltr'><strong>qui</strong></span> <span class='ocrx_word' id='word_1_138' title='bbox 747 1591 865 1671; x_wconf 90' lang='lat' dir='ltr'><strong>primus</strong></span> <span class='ocrx_word' id='word_1_139' title='bbox 894 1592 1058 1651; x_wconf 83' lang='lat' dir='ltr'><strong>utilitatem</strong></span> <span class='ocrx_word' id='word_1_140' title='bbox 1090 1613 1106 1651; x_wconf 87' lang='lat' dir='ltr'><strong>a</strong></span> <span class='ocrx_word' id='word_1_141' title='bbox 1132 1601 1241 1652; x_wconf 87' lang='lat' dir='ltr'><strong>natura</strong></span> 
     </span>
     <span class='ocr_line' id='line_1_17' title="bbox 236 1686 1240 1770; baseline 0 -21"><span class='ocrx_word' id='word_1_142' title='bbox 236 1689 444 1770; x_wconf 86' lang='lat' dir='ltr'><strong>sejunxisset*</strong></span> <span class='ocrx_word' id='word_1_143' title='bbox 468 1705 474 1747; x_wconf 93' lang='lat'><strong>:</strong></span> <span class='ocrx_word' id='word_1_144' title='bbox 497 1686 529 1746; x_wconf 92' lang='lat' dir='ltr'><strong>id</strong></span> <span class='ocrx_word' id='word_1_145' title='bbox 553 1688 633 1746; x_wconf 92' lang='lat' dir='ltr'><strong>euim</strong></span> <span class='ocrx_word' id='word_1_146' title='bbox 660 1687 846 1768; x_wconf 84' lang='lat' dir='ltr'><strong>querebatur</strong></span> <span class='ocrx_word' id='word_1_147' title='bbox 869 1697 963 1769; x_wconf 90' lang='lat' dir='ltr'><strong>caput</strong></span> <span class='ocrx_word' id='word_1_148' title='bbox 986 1709 1052 1749; x_wconf 89' lang='lat' dir='ltr'><strong>esse</strong></span> <span class='ocrx_word' id='word_1_149' title='bbox 1075 1689 1240 1749; x_wconf 89' lang='lat' dir='ltr'><strong>exitiorum</strong></span> 
     </span>
     <span class='ocr_line' id='line_1_18' title="bbox 235 1784 1240 1871; baseline 0.001 -24"><span class='ocrx_word' id='word_1_150' title='bbox 235 1788 385 1847; x_wconf 90' lang='lat' dir='ltr'><strong>omnium.</strong></span> <span class='ocrx_word' id='word_1_151' title='bbox 410 1784 499 1844; x_wconf 87' lang='lat' dir='ltr'><strong>Unde</strong></span> <span class='ocrx_word' id='word_1_152' title='bbox 518 1792 564 1844; x_wconf 90' lang='lat' dir='ltr'><strong>est</strong></span> <span class='ocrx_word' id='word_1_153' title='bbox 581 1785 633 1843; x_wconf 92' lang='lat' dir='ltr'><strong>illa</strong></span> <span class='ocrx_word' id='word_1_154' title='bbox 654 1785 845 1865; x_wconf 87' lang='lat' dir='ltr'><strong>Pythagorea</strong></span> <span class='ocrx_word' id='word_1_155' title='bbox 868 1787 959 1859; x_wconf 67' lang='lat' dir='ltr'><strong>vox&#39;,</strong></span> <span class='ocrx_word' id='word_1_156' title='bbox 984 1809 998 1843; x_wconf 76' lang='lat' dir='ltr'><strong>a</strong></span> <span class='ocrx_word' id='word_1_157' title='bbox 1021 1785 1056 1847; x_wconf 75' lang='grc' dir='ltr'><strong>τὰ</strong></span> <span class='ocrx_word' id='word_1_158' title='bbox 1078 1797 1133 1848; x_wconf 82' lang='grc' dir='ltr'><strong>τῶν</strong></span> <span class='ocrx_word' id='word_1_159' title='bbox 1153 1791 1240 1871; x_wconf 53' lang='grc' dir='ltr'>φίλων</span> 
     </span>
     <span class='ocr_line' id='line_1_19' title="bbox 234 1881 1242 1966; baseline 0.006 -27"><span class='ocrx_word' id='word_1_160' title='bbox 234 1883 320 1954; x_wconf 80' lang='grc' dir='ltr'>κοινὰ,</span> <span class='ocrx_word' id='word_1_161' title='bbox 342 1881 387 1943; x_wconf 70' lang='grc' dir='ltr'><strong>καὶ</strong></span> <span class='ocrx_word' id='word_1_162' title='bbox 408 1884 495 1966; x_wconf 76' lang='grc' dir='ltr'>φιλίαν</span> <span class='ocrx_word' id='word_1_163' title='bbox 514 1881 639 1959; x_wconf 83' lang='grc' dir='ltr'>ἰσότητα.</span> <span class='ocrx_word' id='word_1_164' title='bbox 662 1906 677 1936; x_wconf 89' lang='lat'>»</span> <span class='ocrx_word' id='word_1_165' title='bbox 703 1883 748 1940; x_wconf 86' lang='lat' dir='ltr'><strong>Ex</strong></span> <span class='ocrx_word' id='word_1_166' title='bbox 768 1904 829 1962; x_wconf 93' lang='lat' dir='ltr'><strong>quo</strong></span> <span class='ocrx_word' id='word_1_167' title='bbox 849 1884 1043 1964; x_wconf 75' lang='lat' dir='ltr'><strong>perspicitur,</strong></span> <span class='ocrx_word' id='word_1_168' title='bbox 1070 1905 1139 1943; x_wconf 88' lang='lat' dir='ltr'><strong>curn</strong></span> <span class='ocrx_word' id='word_1_169' title='bbox 1162 1885 1242 1945; x_wconf 90' lang='lat' dir='ltr'><strong>banc</strong></span> 
     </span>
     <span class='ocr_line' id='line_1_20' title="bbox 236 1978 1241 2061; baseline -0.001 -20"><span class='ocrx_word' id='word_1_170' title='bbox 236 1979 482 2040; x_wconf 87' lang='lat' dir='ltr'><strong>benevolentiam</strong></span> <span class='ocrx_word' id='word_1_171' title='bbox 504 1986 565 2038; x_wconf 90' lang='lat' dir='ltr'><strong>tam</strong></span> <span class='ocrx_word' id='word_1_172' title='bbox 586 1978 646 2038; x_wconf 90' lang='lat' dir='ltr'><strong>late</strong></span> <span class='ocrx_word' id='word_1_173' title='bbox 668 1978 820 2059; x_wconf 83' lang='lat' dir='ltr'><strong>longeque</strong></span> <span class='ocrx_word' id='word_1_174' title='bbox 839 1981 981 2040; x_wconf 90' lang='lat' dir='ltr'><strong>dillusam</strong></span> <span class='ocrx_word' id='word_1_175' title='bbox 1000 1981 1049 2039; x_wconf 87' lang='lat' dir='ltr'><strong>vir</strong></span> <span class='ocrx_word' id='word_1_176' title='bbox 1069 1982 1190 2061; x_wconf 88' lang='lat' dir='ltr'><strong>sapiens</strong></span> <span class='ocrx_word' id='word_1_177' title='bbox 1209 1983 1241 2040; x_wconf 92' lang='lat' dir='ltr'><strong>in</strong></span> 
     </span>
     <span class='ocr_line' id='line_1_21' title="bbox 236 2073 1238 2158; baseline 0 -21"><span class='ocrx_word' id='word_1_178' title='bbox 236 2078 369 2158; x_wconf 88' lang='lat' dir='ltr'><strong>aliquem</strong></span> <span class='ocrx_word' id='word_1_179' title='bbox 384 2078 448 2156; x_wconf 88' lang='lat' dir='ltr'><strong>pari</strong></span> <span class='ocrx_word' id='word_1_180' title='bbox 463 2076 577 2136; x_wconf 90' lang='lat' dir='ltr'><strong>virtute</strong></span> <span class='ocrx_word' id='word_1_181' title='bbox 590 2073 754 2156; x_wconf 86' lang='lat' dir='ltr'><strong>praeditum</strong></span> <span class='ocrx_word' id='word_1_182' title='bbox 766 2078 944 2151; x_wconf 88' lang='lat' dir='ltr'><strong>contulerit,</strong></span> <span class='ocrx_word' id='word_1_183' title='bbox 961 2086 1027 2137; x_wconf 88' lang='lat' dir='ltr'><strong>tum</strong></span> <span class='ocrx_word' id='word_1_184' title='bbox 1042 2079 1117 2136; x_wconf 93' lang='lat' dir='ltr'><strong>illud</strong></span> <span class='ocrx_word' id='word_1_185' title='bbox 1129 2080 1238 2153; x_wconf 84' lang='lat' dir='ltr'><strong>elfici*‚</strong></span> 
     </span>
     <span class='ocr_line' id='line_1_22' title="bbox 236 2164 1241 2255; baseline 0.001 -21"><span class='ocrx_word' id='word_1_186' title='bbox 236 2175 319 2255; x_wconf 92' lang='lat' dir='ltr'><strong>quod</strong></span> <span class='ocrx_word' id='word_1_187' title='bbox 340 2164 524 2254; x_wconf 89' lang='lat' dir='ltr'><strong>quibusdam</strong></span> <span class='ocrx_word' id='word_1_188' title='bbox 548 2172 729 2232; x_wconf 87' lang='lat' dir='ltr'><strong>incredibile</strong></span> <span class='ocrx_word' id='word_1_189' title='bbox 748 2173 901 2248; x_wconf 77' lang='lat' dir='ltr'><strong>videatur,</strong></span> <span class='ocrx_word' id='word_1_190' title='bbox 926 2174 966 2234; x_wconf 94' lang='lat' dir='ltr'><strong>sit</strong></span> <span class='ocrx_word' id='word_1_191' title='bbox 982 2181 1085 2234; x_wconf 88' lang='lat' dir='ltr'><strong>autem</strong></span> <span class='ocrx_word' id='word_1_192' title='bbox 1100 2195 1241 2235; x_wconf 86' lang='lat' dir='ltr'><strong>necessa·</strong></span> 
     </span>
     <span class='ocr_line' id='line_1_23' title="bbox 235 2269 1051 2351; baseline 0 -19"><span class='ocrx_word' id='word_1_193' title='bbox 235 2275 326 2344; x_wconf 83' lang='lat' dir='ltr'><strong>rium,</strong></span> <span class='ocrx_word' id='word_1_194' title='bbox 347 2278 381 2330; x_wconf 90' lang='lat' dir='ltr'><strong>ut</strong></span> <span class='ocrx_word' id='word_1_195' title='bbox 396 2269 494 2329; x_wconf 89' lang='lat' dir='ltr'><strong>nihilo</strong></span> <span class='ocrx_word' id='word_1_196' title='bbox 512 2291 577 2330; x_wconf 89' lang='lat' dir='ltr'><strong>sese</strong></span> <span class='ocrx_word' id='word_1_197' title='bbox 592 2270 662 2350; x_wconf 90' lang='lat' dir='ltr'><strong>plus</strong></span> <span class='ocrx_word' id='word_1_198' title='bbox 677 2291 769 2351; x_wconf 85' lang='lat' dir='ltr'><strong>quam</strong></span> <span class='ocrx_word' id='word_1_199' title='bbox 784 2272 914 2330; x_wconf 86' lang='lat' dir='ltr'><strong>alterum</strong></span> <span class='ocrx_word' id='word_1_200' title='bbox 931 2270 1051 2350; x_wconf 85' lang='lat' dir='ltr'><strong>diligat.</strong></span> 
     </span>
    </p>
   </div>
   <div class='ocr_carea' id='block_1_3' title="bbox 239 2401 1238 2535">
    <p class='ocr_par' dir='ltr' id='par_1_3' title="bbox 239 2401 1238 2535">
     <span class='ocr_line' id='line_1_24' title="bbox 266 2401 1238 2455; baseline -0.001 0"><span class='ocrx_word' id='word_1_201' title='bbox 266 2405 307 2455; x_wconf 82' lang='lat' dir='ltr'><strong>N⁰</strong></span> <span class='ocrx_word' id='word_1_202' title='bbox 324 2403 413 2455; x_wconf 79' lang='lat'>28¹7:</span> <span class='ocrx_word' id='word_1_203' title='bbox 434 2401 752 2454; x_wconf 76' lang='lat' dir='ltr'><strong>communicandum.</strong></span> <span class='ocrx_word' id='word_1_204' title='bbox 770 2403 812 2450; x_wconf 91' lang='lat' dir='ltr'><strong>De</strong></span> <span class='ocrx_word' id='word_1_205' title='bbox 827 2403 851 2450; x_wconf 79' lang='lat' dir='ltr'><strong>la</strong></span> <span class='ocrx_word' id='word_1_206' title='bbox 869 2405 893 2451; x_wconf 88' lang='lat' dir='ltr'><strong>la</strong></span> <span class='ocrx_word' id='word_1_207' title='bbox 912 2403 1050 2451; x_wconf 76' lang='lat' dir='ltr'><strong>definition</strong></span> <span class='ocrx_word' id='word_1_208' title='bbox 1069 2402 1238 2454; x_wconf 80' lang='lat' dir='ltr'><strong>d&#39;Aristote:</strong></span> 
     </span>
     <span class='ocr_line' id='line_1_25' title="bbox 239 2463 1237 2535; baseline -0.007 -16"><span class='ocrx_word' id='word_1_209' title='bbox 239 2466 394 2535; x_wconf 77' lang='grc' dir='ltr'>ὁᾶνθρωπος</span> <span class='ocrx_word' id='word_1_210' title='bbox 413 2465 478 2528; x_wconf 79' lang='grc' dir='ltr'>ζῶόν</span> <span class='ocrx_word' id='word_1_211' title='bbox 492 2463 543 2516; x_wconf 81' lang='grc' dir='ltr'>ἐστι</span> <span class='ocrx_word' id='word_1_212' title='bbox 557 2463 691 2516; x_wconf 78' lang='grc' dir='ltr'>πολιτικὸν.</span> <span class='ocrx_word' id='word_1_213' title='bbox 713 2465 752 2513; x_wconf 83' lang='lat' dir='ltr'><strong>cf.</strong></span> <span class='ocrx_word' id='word_1_214' title='bbox 768 2465 879 2513; x_wconf 78' lang='lat' dir='ltr'><strong>Cictron</strong></span> <span class='ocrx_word' id='word_1_215' title='bbox 902 2465 942 2526; x_wconf 86' lang='lat' dir='ltr'><strong>(de</strong></span> <span class='ocrx_word' id='word_1_216' title='bbox 964 2464 1090 2524; x_wconf 82' lang='lat' dir='ltr'><strong>Finibus,</strong></span> <span class='ocrx_word' id='word_1_217' title='bbox 1115 2465 1148 2523; x_wconf 85' lang='lat' dir='ltr'><strong>V,</strong></span> <span class='ocrx_word' id='word_1_218' title='bbox 1172 2471 1209 2528; x_wconf 74' lang='lat'><strong>23)</strong></span> <span class='ocrx_word' id='word_1_219' title='bbox 1232 2482 1237 2516; x_wconf 93' lang='lat'>:</span> 
     </span>
    </p>
   </div>
   <div class='ocr_carea' id='block_1_4' title="bbox 232 2534 1239 3525">
    <p class='ocr_par' dir='ltr' id='par_1_4' title="bbox 232 2534 1239 3508">
     <span class='ocr_line' id='line_1_26' title="bbox 237 2534 1239 2599; baseline 0.001 -16"><span class='ocrx_word' id='word_1_220' title='bbox 237 2558 248 2583; x_wconf 71' lang='lat' dir='ltr'><strong>a</strong></span> <span class='ocrx_word' id='word_1_221' title='bbox 269 2535 347 2587; x_wconf 85' lang='lat' dir='ltr'><strong>Nihil</strong></span> <span class='ocrx_word' id='word_1_222' title='bbox 369 2536 408 2583; x_wconf 84' lang='lat' dir='ltr'><strong>est</strong></span> <span class='ocrx_word' id='word_1_223' title='bbox 432 2535 505 2599; x_wconf 90' lang='lat' dir='ltr'><strong>quod</strong></span> <span class='ocrx_word' id='word_1_224' title='bbox 530 2534 611 2582; x_wconf 88' lang='lat' dir='ltr'><strong>latius</strong></span> <span class='ocrx_word' id='word_1_225' title='bbox 628 2535 720 2597; x_wconf 87' lang='lat' dir='ltr'><strong>pateat</strong></span> <span class='ocrx_word' id='word_1_226' title='bbox 744 2550 826 2599; x_wconf 88' lang='lat' dir='ltr'><strong>qnam</strong></span> <span class='ocrx_word' id='word_1_227' title='bbox 847 2535 1004 2598; x_wconf 80' lang='lat' dir='ltr'><strong>conjunctio</strong></span> <span class='ocrx_word' id='word_1_228' title='bbox 1027 2535 1098 2583; x_wconf 90' lang='lat' dir='ltr'><strong>inter</strong></span> <span class='ocrx_word' id='word_1_229' title='bbox 1118 2536 1239 2584; x_wconf 79' lang='lat' dir='ltr'><strong>homines</strong></span> 
     </span>
     <span class='ocr_line' id='line_1_27' title="bbox 236 2595 1237 2668; baseline -0.007 -20"><span class='ocrx_word' id='word_1_230' title='bbox 236 2598 384 2656; x_wconf 87' lang='lat' dir='ltr'><strong>hominum,</strong></span> <span class='ocrx_word' id='word_1_231' title='bbox 399 2598 424 2646; x_wconf 88' lang='lat' dir='ltr'><strong>et</strong></span> <span class='ocrx_word' id='word_1_232' title='bbox 434 2595 514 2660; x_wconf 86' lang='lat' dir='ltr'><strong>quasi</strong></span> <span class='ocrx_word' id='word_1_233' title='bbox 524 2597 655 2668; x_wconf 85' lang='lat' dir='ltr'><strong>quaedam</strong></span> <span class='ocrx_word' id='word_1_234' title='bbox 667 2597 780 2644; x_wconf 86' lang='lat' dir='ltr'><strong>societas</strong></span> <span class='ocrx_word' id='word_1_235' title='bbox 794 2599 819 2645; x_wconf 89' lang='lat' dir='ltr'><strong>et</strong></span> <span class='ocrx_word' id='word_1_236' title='bbox 831 2597 1037 2646; x_wconf 79' lang='lat' dir='ltr'><strong>communicatio</strong></span> <span class='ocrx_word' id='word_1_237' title='bbox 1053 2597 1211 2646; x_wconf 82' lang='lat' dir='ltr'><strong>utilitatum.</strong></span> <span class='ocrx_word' id='word_1_238' title='bbox 1226 2619 1237 2642; x_wconf 86' lang='lat'>»</span> 
     </span>
     <span class='ocr_line' id='line_1_28' title="bbox 235 2659 1238 2720; baseline -0.005 -9"><span class='ocrx_word' id='word_1_239' title='bbox 235 2687 266 2698; x_wconf 87' lang='lat'><strong>-·</strong></span> <span class='ocrx_word' id='word_1_240' title='bbox 278 2661 329 2710; x_wconf 88' lang='lat' dir='ltr'><strong>Ab</strong></span> <span class='ocrx_word' id='word_1_241' title='bbox 345 2672 394 2710; x_wconf 79' lang='lat' dir='ltr'><strong>ca.</strong></span> <span class='ocrx_word' id='word_1_242' title='bbox 411 2659 580 2707; x_wconf 84' lang='lat' dir='ltr'><strong>Constrursez</strong></span> <span class='ocrx_word' id='word_1_243' title='bbox 596 2674 602 2707; x_wconf 70' lang='grc' dir='ltr'><em>ι</em></span> <span class='ocrx_word' id='word_1_244' title='bbox 619 2663 650 2706; x_wconf 91' lang='lat' dir='ltr'><strong>ut</strong></span> <span class='ocrx_word' id='word_1_245' title='bbox 662 2662 798 2720; x_wconf 88' lang='lat' dir='ltr'><strong>tamquam</strong></span> <span class='ocrx_word' id='word_1_246' title='bbox 811 2661 918 2720; x_wconf 83' lang='lat' dir='ltr'><strong>igniculi</strong></span> <span class='ocrx_word' id='word_1_247' title='bbox 932 2675 946 2707; x_wconf 85' lang='lat' dir='ltr'><strong>a</strong></span> <span class='ocrx_word' id='word_1_248' title='bbox 960 2663 1054 2707; x_wconf 88' lang='lat' dir='ltr'><strong>natura</strong></span> <span class='ocrx_word' id='word_1_249' title='bbox 1070 2660 1124 2706; x_wconf 83' lang='lat' dir='ltr'><strong>dati</strong></span> <span class='ocrx_word' id='word_1_250' title='bbox 1141 2662 1238 2707; x_wconf 85' lang='lat' dir='ltr'><strong>exstin-</strong></span> 
     </span>
     <span class='ocr_line' id='line_1_29' title="bbox 236 2719 1238 2787; baseline -0.003 -16"><span class='ocrx_word' id='word_1_251' title='bbox 236 2727 351 2787; x_wconf 77' lang='lat' dir='ltr'><strong>guantur</strong></span> <span class='ocrx_word' id='word_1_252' title='bbox 363 2722 397 2769; x_wconf 88' lang='lat' dir='ltr'><strong>ab</strong></span> <span class='ocrx_word' id='word_1_253' title='bbox 412 2735 452 2768; x_wconf 86' lang='lat' dir='ltr'><strong>ea.</strong></span> <span class='ocrx_word' id='word_1_254' title='bbox 469 2747 499 2756; x_wconf 98' lang='lat'>-</span> <span class='ocrx_word' id='word_1_255' title='bbox 512 2719 660 2782; x_wconf 79' lang='lat' dir='ltr'><strong>Igniculi.</strong></span> <span class='ocrx_word' id='word_1_256' title='bbox 680 2720 750 2769; x_wconf 83' lang='lat' dir='ltr'><strong>C&#39;est</strong></span> <span class='ocrx_word' id='word_1_257' title='bbox 767 2736 796 2768; x_wconf 91' lang='lat' dir='ltr'><strong>ce</strong></span> <span class='ocrx_word' id='word_1_258' title='bbox 816 2721 966 2783; x_wconf 86' lang='lat' dir='ltr'><strong>qu&#39;Horace</strong></span> <span class='ocrx_word' id='word_1_259' title='bbox 979 2736 1012 2782; x_wconf 88' lang='lat' dir='ltr'><strong>ap</strong></span> <span class='ocrx_word' id='word_1_260' title='bbox 1034 2722 1083 2769; x_wconf 88' lang='lat' dir='ltr'><strong>elle</strong></span> <span class='ocrx_word' id='word_1_261' title='bbox 1102 2742 1112 2762; x_wconf 79' lang='lat' dir='ltr'><strong>n</strong></span> <span class='ocrx_word' id='word_1_262' title='bbox 1132 2721 1238 2769; x_wconf 84' lang='lat' dir='ltr'><strong>diuinae</strong></span> 
     </span>
     <span class='ocr_line' id='line_1_30' title="bbox 232 2737 1237 2857; baseline -0.004 -23"><span class='ocrx_word' id='word_1_263' title='bbox 232 2783 398 2857; x_wconf 77' lang='lat' dir='ltr'><strong>perticulam</strong></span> <span class='ocrx_word' id='word_1_264' title='bbox 413 2797 495 2830; x_wconf 86' lang='lat' dir='ltr'><strong>aurae</strong></span> <span class='ocrx_word' id='word_1_265' title='bbox 510 2801 531 2830; x_wconf 78' lang='lat' dir='ltr'><strong>n.</strong></span> <span class='ocrx_word' id='word_1_266' title='bbox 546 2782 585 2853; x_wconf 69' lang='grc' dir='ltr'><strong>ῼΙ.</strong></span> <span class='ocrx_word' id='word_1_267' title='bbox 600 2783 770 2852; x_wconf 35' lang='lat' dir='ltr'><strong>Cic.‚·Tnsc.‚</strong></span> <span class='ocrx_word' id='word_1_268' title='bbox 785 2783 856 2839; x_wconf 87' lang='lat'><em>111‚1</em></span> <span class='ocrx_word' id='word_1_269' title='bbox 874 2797 879 2830; x_wconf 77' lang='grc' dir='ltr'><em>τ</em></span> <span class='ocrx_word' id='word_1_270' title='bbox 897 2804 907 2825; x_wconf 76' lang='lat' dir='ltr'><strong>u</strong></span> <span class='ocrx_word' id='word_1_271' title='bbox 922 2737 1053 2852; x_wconf 78' lang='lat' dir='ltr'><strong>Parvuibs</strong></span> <span class='ocrx_word' id='word_1_272' title='bbox 1069 2782 1146 2830; x_wconf 85' lang='lat' dir='ltr'><strong>nobis</strong></span> <span class='ocrx_word' id='word_1_273' title='bbox 1164 2783 1237 2831; x_wconf 79' lang='lat' dir='ltr'><strong>dedit</strong></span> 
     </span>
     <span class='ocr_line' id='line_1_31' title="bbox 237 2843 1239 2910; baseline -0.003 -15"><span class='ocrx_word' id='word_1_274' title='bbox 237 2846 381 2910; x_wconf 73' lang='lat' dir='ltr'><strong>igniculos,</strong></span> <span class='ocrx_word' id='word_1_275' title='bbox 393 2858 461 2908; x_wconf 87' lang='lat' dir='ltr'><strong>quos</strong></span> <span class='ocrx_word' id='word_1_276' title='bbox 474 2844 599 2892; x_wconf 71' lang='lat' dir='ltr'><strong>celeriter</strong></span> <span class='ocrx_word' id='word_1_277' title='bbox 612 2845 689 2892; x_wconf 83' lang='lat' dir='ltr'><strong>malis</strong></span> <span class='ocrx_word' id='word_1_278' title='bbox 707 2843 828 2892; x_wconf 88' lang='lat' dir='ltr'><strong>moribus</strong></span> <span class='ocrx_word' id='word_1_279' title='bbox 845 2844 1072 2907; x_wconf 73' lang='lat' dir='ltr'><strong>opinionibusque</strong></span> <span class='ocrx_word' id='word_1_280' title='bbox 1086 2845 1239 2906; x_wconf 85' lang='lat' dir='ltr'><strong>depravatis</strong></span> 
     </span>
     <span class='ocr_line' id='line_1_32' title="bbox 236 2905 1238 2970; baseline -0.003 -12"><span class='ocrx_word' id='word_1_281' title='bbox 236 2908 274 2958; x_wconf 90' lang='lat' dir='ltr'><strong>sic</strong></span> <span class='ocrx_word' id='word_1_282' title='bbox 291 2905 488 2970; x_wconf 76' lang='lat' dir='ltr'><strong>restinguimus</strong></span> <span class='ocrx_word' id='word_1_283' title='bbox 507 2909 535 2954; x_wconf 91' lang='lat' dir='ltr'><strong>ut</strong></span> <span class='ocrx_word' id='word_1_284' title='bbox 553 2921 687 2968; x_wconf 83' lang='lat' dir='ltr'><strong>nusquam</strong></span> <span class='ocrx_word' id='word_1_285' title='bbox 705 2907 817 2954; x_wconf 85' lang='lat' dir='ltr'><strong>naturae</strong></span> <span class='ocrx_word' id='word_1_286' title='bbox 835 2905 925 2953; x_wconf 89' lang='lat' dir='ltr'><strong>lumen</strong></span> <span class='ocrx_word' id='word_1_287' title='bbox 944 2906 1080 2968; x_wconf 83' lang='lat' dir='ltr'><strong>appareat.</strong></span> <span class='ocrx_word' id='word_1_288' title='bbox 1101 2925 1112 2948; x_wconf 73' lang='lat' dir='ltr'><strong>i</strong></span> <span class='ocrx_word' id='word_1_289' title='bbox 1129 2933 1160 2942; x_wconf 98' lang='lat'>-</span> <span class='ocrx_word' id='word_1_290' title='bbox 1178 2908 1238 2957; x_wconf 77' lang='lat' dir='ltr'><strong>nst</strong></span> 
     </span>
     <span class='ocr_line' id='line_1_33' title="bbox 236 2966 1236 3031; baseline -0.004 -11"><span class='ocrx_word' id='word_1_291' title='bbox 236 2972 360 3020; x_wconf 79' lang='lat' dir='ltr'><strong>natura</strong></span> <span class='ocrx_word' id='word_1_292' title='bbox 382 2987 412 3010; x_wconf 94' lang='lat'>=</span> <span class='ocrx_word' id='word_1_293' title='bbox 436 2971 533 3016; x_wconf 89' lang='lat' dir='ltr'><strong>natura</strong></span> <span class='ocrx_word' id='word_1_294' title='bbox 551 2968 641 3031; x_wconf 83' lang='lat' dir='ltr'><strong>jubet.</strong></span> <span class='ocrx_word' id='word_1_295' title='bbox 665 2968 770 3016; x_wconf 86' lang='lat' dir='ltr'><strong>Natura</strong></span> <span class='ocrx_word' id='word_1_296' title='bbox 792 2971 833 3015; x_wconf 90' lang='lat' dir='ltr'><strong>est</strong></span> <span class='ocrx_word' id='word_1_297' title='bbox 854 2969 868 3015; x_wconf 79' lang='lat' dir='ltr'><strong>a</strong></span> <span class='ocrx_word' id='word_1_298' title='bbox 893 2966 1012 3016; x_wconf 82' lang='lat' dir='ltr'><strong>l&#39;ablatit.</strong></span> <span class='ocrx_word' id='word_1_299' title='bbox 1037 2995 1069 3003; x_wconf 94' lang='lat'><em>-</em></span> <span class='ocrx_word' id='word_1_300' title='bbox 1093 2967 1236 3028; x_wconf 70' lang='lat' dir='ltr'><strong>audicio,</strong></span> 
     </span>
     <span class='ocr_line' id='line_1_34' title="bbox 236 3029 1235 3093; baseline -0.002 -13"><span class='ocrx_word' id='word_1_301' title='bbox 236 3033 343 3093; x_wconf 78' lang='lat' dir='ltr'><strong>designe</strong></span> <span class='ocrx_word' id='word_1_302' title='bbox 354 3044 405 3077; x_wconf 91' lang='lat' dir='ltr'><strong>une</strong></span> <span class='ocrx_word' id='word_1_303' title='bbox 418 3031 571 3077; x_wconf 88' lang='lat' dir='ltr'><strong>conviction</strong></span> <span class='ocrx_word' id='word_1_304' title='bbox 586 3030 726 3077; x_wconf 74' lang='lat' dir='ltr'><strong>raisonnde</strong></span> <span class='ocrx_word' id='word_1_305' title='bbox 741 3045 746 3078; x_wconf 93' lang='lat'>:</span> <span class='ocrx_word' id='word_1_306' title='bbox 760 3029 860 3091; x_wconf 75' lang='lat' dir='ltr'><strong>oppose</strong></span> <span class='ocrx_word' id='word_1_307' title='bbox 872 3030 886 3076; x_wconf 78' lang='lat' dir='ltr'><strong>a</strong></span> <span class='ocrx_word' id='word_1_308' title='bbox 900 3031 1006 3077; x_wconf 86' lang='lat' dir='ltr'><strong>natura.</strong></span> <span class='ocrx_word' id='word_1_309' title='bbox 1020 3055 1049 3064; x_wconf 92' lang='lat'>-</span> <span class='ocrx_word' id='word_1_310' title='bbox 1064 3030 1235 3080; x_wconf 79' lang='lat' dir='ltr'><strong>Putarent.</strong></span> 
     </span>
     <span class='ocr_line' id='line_1_35' title="bbox 237 3091 1238 3152; baseline -0.003 -9"><span class='ocrx_word' id='word_1_311' title='bbox 237 3095 359 3143; x_wconf 87' lang='lat' dir='ltr'><strong>Allusion</strong></span> <span class='ocrx_word' id='word_1_312' title='bbox 370 3107 403 3138; x_wconf 88' lang='lat' dir='ltr'><strong>au</strong></span> <span class='ocrx_word' id='word_1_313' title='bbox 416 3106 476 3138; x_wconf 87' lang='lat' dir='ltr'><strong>vers</strong></span> <span class='ocrx_word' id='word_1_314' title='bbox 485 3092 547 3138; x_wconf 87' lang='lat' dir='ltr'><strong>bien</strong></span> <span class='ocrx_word' id='word_1_315' title='bbox 558 3106 645 3139; x_wconf 92' lang='lat' dir='ltr'><strong>connu</strong></span> <span class='ocrx_word' id='word_1_316' title='bbox 659 3093 691 3138; x_wconf 89' lang='lat' dir='ltr'><strong>de</strong></span> <span class='ocrx_word' id='word_1_317' title='bbox 701 3091 816 3138; x_wconf 77' lang='lat' dir='ltr'><strong>Terence</strong></span> <span class='ocrx_word' id='word_1_318' title='bbox 828 3092 983 3152; x_wconf 67' lang='lat' dir='ltr'><strong>(Heautont</strong></span> <span class='ocrx_word' id='word_1_319' title='bbox 992 3091 1012 3146; x_wconf 87' lang='grc' dir='ltr'><strong>Ι,</strong></span> <span class='ocrx_word' id='word_1_320' title='bbox 1027 3095 1049 3148; x_wconf 83' lang='lat' dir='ltr'><strong>t,</strong></span> <span class='ocrx_word' id='word_1_321' title='bbox 1059 3093 1097 3152; x_wconf 82' lang='lat'><strong>25)</strong></span> <span class='ocrx_word' id='word_1_322' title='bbox 1110 3106 1115 3138; x_wconf 92' lang='lat'>:</span> <span class='ocrx_word' id='word_1_323' title='bbox 1131 3111 1142 3134; x_wconf 78' lang='lat' dir='ltr'><strong>n</strong></span> <span class='ocrx_word' id='word_1_324' title='bbox 1154 3091 1238 3140; x_wconf 88' lang='lat' dir='ltr'><strong>Homo</strong></span> 
     </span>
     <span class='ocr_line' id='line_1_36' title="bbox 237 3151 1235 3215; baseline -0.005 -11"><span class='ocrx_word' id='word_1_325' title='bbox 237 3171 305 3211; x_wconf 79' lang='lat' dir='ltr'><strong>sum,</strong></span> <span class='ocrx_word' id='word_1_326' title='bbox 320 3152 432 3202; x_wconf 81' lang='lat' dir='ltr'><strong>humani</strong></span> <span class='ocrx_word' id='word_1_327' title='bbox 445 3152 515 3200; x_wconf 82' lang='lat' dir='ltr'><strong>nibil</strong></span> <span class='ocrx_word' id='word_1_328' title='bbox 527 3167 542 3199; x_wconf 91' lang='lat' dir='ltr'><strong>a</strong></span> <span class='ocrx_word' id='word_1_329' title='bbox 556 3167 595 3199; x_wconf 89' lang='lat' dir='ltr'><strong>me</strong></span> <span class='ocrx_word' id='word_1_330' title='bbox 608 3151 727 3200; x_wconf 87' lang='lat' dir='ltr'><strong>alienum</strong></span> <span class='ocrx_word' id='word_1_331' title='bbox 736 3155 812 3214; x_wconf 88' lang='lat' dir='ltr'><strong>puto.</strong></span> <span class='ocrx_word' id='word_1_332' title='bbox 830 3173 839 3195; x_wconf 74' lang='grc' dir='ltr'>υ</span> <span class='ocrx_word' id='word_1_333' title='bbox 852 3154 890 3200; x_wconf 81' lang='lat' dir='ltr'><strong>Cf.</strong></span> <span class='ocrx_word' id='word_1_334' title='bbox 904 3153 957 3200; x_wconf 85' lang='lat' dir='ltr'><strong>Cic.</strong></span> <span class='ocrx_word' id='word_1_335' title='bbox 975 3153 1005 3199; x_wconf 83' lang='lat' dir='ltr'><strong>de</strong></span> <span class='ocrx_word' id='word_1_336' title='bbox 1020 3152 1079 3215; x_wconf 62' lang='lat' dir='ltr'><strong>Off„</strong></span> <span class='ocrx_word' id='word_1_337' title='bbox 1095 3153 1115 3211; x_wconf 91' lang='grc' dir='ltr'><strong>Ι,</strong></span> <span class='ocrx_word' id='word_1_338' title='bbox 1131 3158 1153 3211; x_wconf 82' lang='lat'><strong>9,</strong></span> <span class='ocrx_word' id='word_1_339' title='bbox 1170 3158 1192 3201; x_wconf 72' lang='grc' dir='ltr'><strong>Ἰ.</strong></span> <span class='ocrx_word' id='word_1_340' title='bbox 1208 3181 1235 3190; x_wconf 93' lang='lat'><em>-</em></span> 
     </span>
     <span class='ocr_line' id='line_1_37' title="bbox 237 3213 1238 3277; baseline -0.005 -9"><span class='ocrx_word' id='word_1_341' title='bbox 237 3218 349 3274; x_wconf 76' lang='lat' dir='ltr'><strong>Etlex‚</strong></span> <span class='ocrx_word' id='word_1_342' title='bbox 361 3216 551 3263; x_wconf 86' lang='lat' dir='ltr'><strong>sous-entendu</strong></span> <span class='ocrx_word' id='word_1_343' title='bbox 562 3228 568 3262; x_wconf 90' lang='lat'>:</span> <span class='ocrx_word' id='word_1_344' title='bbox 578 3214 639 3262; x_wconf 89' lang='lat' dir='ltr'><strong>data</strong></span> <span class='ocrx_word' id='word_1_345' title='bbox 652 3216 699 3261; x_wconf 87' lang='lat' dir='ltr'><strong>est.</strong></span> <span class='ocrx_word' id='word_1_346' title='bbox 707 3213 957 3274; x_wconf 64' lang='lat' dir='ltr'><strong>—Sejunxisseb</strong></span> <span class='ocrx_word' id='word_1_347' title='bbox 968 3215 1117 3274; x_wconf 82' lang='lat' dir='ltr'><strong>snbjonctif</strong></span> <span class='ocrx_word' id='word_1_348' title='bbox 1127 3216 1159 3262; x_wconf 89' lang='lat' dir='ltr'><strong>de</strong></span> <span class='ocrx_word' id='word_1_349' title='bbox 1168 3216 1238 3277; x_wconf 83' lang='lat' dir='ltr'><strong>style</strong></span> 
     </span>
     <span class='ocr_line' id='line_1_38' title="bbox 237 3276 1236 3339; baseline -0.002 -13"><span class='ocrx_word' id='word_1_350' title='bbox 237 3280 358 3328; x_wconf 89' lang='lat' dir='ltr'><strong>indirect.</strong></span> <span class='ocrx_word' id='word_1_351' title='bbox 381 3303 408 3312; x_wconf 89' lang='lat'><strong>-·</strong></span> <span class='ocrx_word' id='word_1_352' title='bbox 421 3277 502 3326; x_wconf 83' lang='lat' dir='ltr'><strong>Vox.</strong></span> <span class='ocrx_word' id='word_1_353' title='bbox 519 3276 629 3323; x_wconf 79' lang='lat' dir='ltr'><strong>ciceron</strong></span> <span class='ocrx_word' id='word_1_354' title='bbox 642 3291 656 3322; x_wconf 88' lang='lat' dir='ltr'><strong>a</strong></span> <span class='ocrx_word' id='word_1_355' title='bbox 669 3276 728 3323; x_wconf 73' lang='lat' dir='ltr'><strong>lone</strong></span> <span class='ocrx_word' id='word_1_356' title='bbox 745 3291 775 3323; x_wconf 83' lang='lat' dir='ltr'><strong>ca</strong></span> <span class='ocrx_word' id='word_1_357' title='bbox 788 3281 844 3324; x_wconf 89' lang='lat' dir='ltr'><strong>mot</strong></span> <span class='ocrx_word' id='word_1_358' title='bbox 860 3278 893 3324; x_wconf 79' lang='lat' dir='ltr'><strong>(le</strong></span> <span class='ocrx_word' id='word_1_359' title='bbox 912 3277 1071 3338; x_wconf 76' lang='lat' dir='ltr'><strong>Pytlragore,</strong></span> <span class='ocrx_word' id='word_1_360' title='bbox 1089 3276 1121 3325; x_wconf 88' lang='lat' dir='ltr'><strong>de</strong></span> <span class='ocrx_word' id='word_1_361' title='bbox 1140 3276 1200 3339; x_wconf 71' lang='lat' dir='ltr'><strong>Oti-r</strong></span> <span class='ocrx_word' id='word_1_362' title='bbox 1215 3277 1236 3336; x_wconf 93' lang='grc' dir='ltr'><strong>Ι,</strong></span> 
     </span>
     <span class='ocr_line' id='line_1_39' title="bbox 237 3336 1235 3402; baseline -0.001 -15"><span class='ocrx_word' id='word_1_363' title='bbox 237 3346 275 3399; x_wconf 83' lang='grc'><strong>17,</strong></span> <span class='ocrx_word' id='word_1_364' title='bbox 293 3345 319 3386; x_wconf 79' lang='lat'><strong>57</strong></span> <span class='ocrx_word' id='word_1_365' title='bbox 335 3354 340 3386; x_wconf 76' lang='grc' dir='ltr'><em>ι</em></span> <span class='ocrx_word' id='word_1_366' title='bbox 355 3359 366 3381; x_wconf 75' lang='lat' dir='ltr'><strong>n</strong></span> <span class='ocrx_word' id='word_1_367' title='bbox 379 3338 410 3385; x_wconf 88' lang='lat' dir='ltr'><strong>In</strong></span> <span class='ocrx_word' id='word_1_368' title='bbox 423 3337 524 3402; x_wconf 82' lang='lat' dir='ltr'><strong>qrribus</strong></span> <span class='ocrx_word' id='word_1_369' title='bbox 537 3336 608 3385; x_wconf 85' lang='lat' dir='ltr'><strong>enim</strong></span> <span class='ocrx_word' id='word_1_370' title='bbox 620 3338 711 3384; x_wconf 86' lang='lat' dir='ltr'><strong>eadem</strong></span> <span class='ocrx_word' id='word_1_371' title='bbox 726 3337 816 3384; x_wconf 86' lang='lat' dir='ltr'><strong>studia</strong></span> <span class='ocrx_word' id='word_1_372' title='bbox 830 3340 902 3396; x_wconf 84' lang='lat' dir='ltr'><strong>sunt,</strong></span> <span class='ocrx_word' id='word_1_373' title='bbox 914 3339 1019 3386; x_wconf 81' lang='lat' dir='ltr'><strong>eaedem</strong></span> <span class='ocrx_word' id='word_1_374' title='bbox 1032 3339 1193 3396; x_wconf 86' lang='lat' dir='ltr'><strong>voluntates,</strong></span> <span class='ocrx_word' id='word_1_375' title='bbox 1209 3339 1235 3386; x_wconf 89' lang='lat' dir='ltr'><strong>in</strong></span> 
     </span>
     <span class='ocr_line' id='line_1_40' title="bbox 239 3399 1238 3508; baseline -0.002 -59"><span class='ocrx_word' id='word_1_376' title='bbox 239 3403 279 3450; x_wconf 87' lang='lat' dir='ltr'><strong>his</strong></span> <span class='ocrx_word' id='word_1_377' title='bbox 292 3402 323 3464; x_wconf 76' lang='lat' dir='ltr'><strong>fit</strong></span> <span class='ocrx_word' id='word_1_378' title='bbox 337 3403 365 3448; x_wconf 91' lang='lat' dir='ltr'><strong>ut</strong></span> <span class='ocrx_word' id='word_1_379' title='bbox 378 3415 461 3463; x_wconf 86' lang='lat' dir='ltr'><strong>aeque</strong></span> <span class='ocrx_word' id='word_1_380' title='bbox 474 3399 590 3508; x_wconf 86' lang='lat' dir='ltr'><strong>quisque</strong></span> <span class='ocrx_word' id='word_1_381' title='bbox 600 3399 686 3446; x_wconf 86' lang='lat' dir='ltr'><strong>altero</strong></span> <span class='ocrx_word' id='word_1_382' title='bbox 695 3400 852 3458; x_wconf 80' lang='lat' dir='ltr'><strong>delectetur,</strong></span> <span class='ocrx_word' id='word_1_383' title='bbox 863 3415 891 3447; x_wconf 88' lang='lat' dir='ltr'><strong>ac</strong></span> <span class='ocrx_word' id='word_1_384' title='bbox 903 3415 929 3447; x_wconf 90' lang='lat' dir='ltr'><strong>se</strong></span> <span class='ocrx_word' id='word_1_385' title='bbox 941 3399 1012 3507; x_wconf 65' lang='lat' dir='ltr'><strong>ipsm·</strong></span> <span class='ocrx_word' id='word_1_386' title='bbox 1023 3399 1195 3463; x_wconf 77' lang='lat' dir='ltr'><strong>efficiturque</strong></span> <span class='ocrx_word' id='word_1_387' title='bbox 1209 3400 1238 3447; x_wconf 90' lang='lat' dir='ltr'><strong>id</strong></span> 
     </span>
    </p>

    <p class='ocr_par' dir='ltr' id='par_1_5' title="bbox 260 3459 1236 3525">
     <span class='ocr_line' id='line_1_41' title="bbox 260 3459 1236 3525; baseline -0.006 -15"><span class='ocrx_word' id='word_1_388' title='bbox 260 3464 310 3512; x_wconf 84' lang='lat' dir='ltr'><strong>uod</strong></span> <span class='ocrx_word' id='word_1_389' title='bbox 324 3462 492 3525; x_wconf 78' lang='lat' dir='ltr'><strong>Pythagoras</strong></span> <span class='ocrx_word' id='word_1_390' title='bbox 505 3477 538 3508; x_wconf 84' lang='lat' dir='ltr'><strong>ou</strong></span> <span class='ocrx_word' id='word_1_391' title='bbox 555 3463 564 3507; x_wconf 89' lang='lat' dir='ltr'><strong>t</strong></span> <span class='ocrx_word' id='word_1_392' title='bbox 583 3461 609 3508; x_wconf 86' lang='lat' dir='ltr'><strong>in</strong></span> <span class='ocrx_word' id='word_1_393' title='bbox 627 3459 753 3519; x_wconf 80' lang='lat' dir='ltr'><strong>amicitia,</strong></span> <span class='ocrx_word' id='word_1_394' title='bbox 774 3464 803 3508; x_wconf 90' lang='lat' dir='ltr'><strong>nt</strong></span> <span class='ocrx_word' id='word_1_395' title='bbox 822 3477 891 3508; x_wconf 89' lang='lat' dir='ltr'><strong>unns</strong></span> <span class='ocrx_word' id='word_1_396' title='bbox 907 3463 941 3522; x_wconf 74' lang='lat' dir='ltr'><strong>tia</strong></span> <span class='ocrx_word' id='word_1_397' title='bbox 972 3477 1004 3508; x_wconf 73' lang='lat' dir='ltr'><strong>en</strong></span> <span class='ocrx_word' id='word_1_398' title='bbox 1018 3462 1155 3524; x_wconf 80' lang='lat' dir='ltr'><strong>pluribus.</strong></span> <span class='ocrx_word' id='word_1_399' title='bbox 1178 3481 1189 3504; x_wconf 73' lang='lat' dir='ltr'><strong>s</strong></span> <span class='ocrx_word' id='word_1_400' title='bbox 1206 3489 1236 3498; x_wconf 88' lang='lat'><em>-</em></span> 
     </span>
    </p>
   </div>
   <div class='ocr_carea' id='block_1_5' title="bbox 268 3522 1236 3630">
    <p class='ocr_par' dir='ltr' id='par_1_6' title="bbox 268 3522 1236 3630">
     <span class='ocr_line' id='line_1_42' title="bbox 268 3522 1236 3630; baseline -0.003 -56"><span class='ocrx_word' id='word_1_401' title='bbox 268 3524 341 3582; x_wconf 79' lang='lat' dir='ltr'><strong>ffici,</strong></span> <span class='ocrx_word' id='word_1_402' title='bbox 355 3524 459 3585; x_wconf 87' lang='lat' dir='ltr'><strong>dc&#39;peml</strong></span> <span class='ocrx_word' id='word_1_403' title='bbox 471 3525 504 3570; x_wconf 88' lang='lat' dir='ltr'><strong>de</strong></span> <span class='ocrx_word' id='word_1_404' title='bbox 520 3522 691 3630; x_wconf 84' lang='lat' dir='ltr'><strong>perspicitur.</strong></span> <span class='ocrx_word' id='word_1_405' title='bbox 711 3523 750 3571; x_wconf 78' lang='lat' dir='ltr'><strong>Cf.</strong></span> <span class='ocrx_word' id='word_1_406' title='bbox 764 3522 801 3571; x_wconf 89' lang='lat' dir='ltr'><strong>De</strong></span> <span class='ocrx_word' id='word_1_407' title='bbox 816 3522 900 3593; x_wconf 51' lang='lat' dir='ltr'><strong>Officq</strong></span> <span class='ocrx_word' id='word_1_408' title='bbox 913 3523 932 3580; x_wconf 91' lang='grc' dir='ltr'><strong>Ι,</strong></span> <span class='ocrx_word' id='word_1_409' title='bbox 950 3529 978 3569; x_wconf 83' lang='grc'><strong>16</strong></span> <span class='ocrx_word' id='word_1_410' title='bbox 994 3539 1052 3585; x_wconf 89' lang='lat' dir='ltr'><strong>sqq.</strong></span> <span class='ocrx_word' id='word_1_411' title='bbox 1064 3539 1068 3549; x_wconf 93' lang='lat'><em>·</em></span> <span class='ocrx_word' id='word_1_412' title='bbox 1080 3527 1107 3571; x_wconf 80' lang='lat' dir='ltr'><strong>et</strong></span> <span class='ocrx_word' id='word_1_413' title='bbox 1120 3524 1151 3571; x_wconf 84' lang='lat' dir='ltr'><strong>de</strong></span> <span class='ocrx_word' id='word_1_414' title='bbox 1166 3523 1236 3582; x_wconf 66' lang='lat' dir='ltr'><strong>Fin„</strong></span> 
     </span>
    </p>
   </div>
   <div class='ocr_carea' id='block_1_6' title="bbox 235 3584 1338 3820">
    <p class='ocr_par' dir='ltr' id='par_1_7' title="bbox 235 3584 1338 3816">
     <span class='ocr_line' id='line_1_43' title="bbox 238 3584 1235 3647; baseline -0.001 -13"><span class='ocrx_word' id='word_1_415' title='bbox 238 3587 285 3646; x_wconf 92' lang='grc' dir='ltr'>ΙΙΙ,</span> <span class='ocrx_word' id='word_1_416' title='bbox 300 3592 328 3633; x_wconf 86' lang='grc'><strong>19</strong></span> <span class='ocrx_word' id='word_1_417' title='bbox 343 3603 348 3634; x_wconf 91' lang='lat'>:</span> <span class='ocrx_word' id='word_1_418' title='bbox 365 3605 376 3627; x_wconf 79' lang='lat' dir='ltr'><strong>n</strong></span> <span class='ocrx_word' id='word_1_419' title='bbox 392 3587 420 3632; x_wconf 91' lang='lat' dir='ltr'><strong>ut</strong></span> <span class='ocrx_word' id='word_1_420' title='bbox 433 3584 505 3632; x_wconf 91' lang='lat' dir='ltr'><strong>enim</strong></span> <span class='ocrx_word' id='word_1_421' title='bbox 529 3599 590 3647; x_wconf 73' lang='lat' dir='ltr'><strong>eges</strong></span> <span class='ocrx_word' id='word_1_422' title='bbox 610 3584 729 3631; x_wconf 79' lang='lat' dir='ltr'><strong>orantum</strong></span> <span class='ocrx_word' id='word_1_423' title='bbox 746 3585 859 3632; x_wconf 85' lang='lat' dir='ltr'><strong>salutem</strong></span> <span class='ocrx_word' id='word_1_424' title='bbox 878 3585 1048 3647; x_wconf 75' lang='lat' dir='ltr'><strong>singulorum</strong></span> <span class='ocrx_word' id='word_1_425' title='bbox 1066 3585 1149 3632; x_wconf 86' lang='lat' dir='ltr'><strong>satuti</strong></span> <span class='ocrx_word' id='word_1_426' title='bbox 1165 3587 1235 3633; x_wconf 88' lang='lat' dir='ltr'><strong>ante-</strong></span> 
     </span>
     <span class='ocr_line' id='line_1_44' title="bbox 235 3645 1338 3712; baseline -0.003 -16"><span class='ocrx_word' id='word_1_427' title='bbox 235 3649 349 3712; x_wconf 79' lang='lat' dir='ltr'><strong>ponunt,</strong></span> <span class='ocrx_word' id='word_1_428' title='bbox 363 3646 400 3694; x_wconf 89' lang='lat' dir='ltr'><strong>sic</strong></span> <span class='ocrx_word' id='word_1_429' title='bbox 412 3645 455 3694; x_wconf 87' lang='lat' dir='ltr'><strong>vir</strong></span> <span class='ocrx_word' id='word_1_430' title='bbox 468 3645 555 3693; x_wconf 87' lang='lat' dir='ltr'><strong>bonus</strong></span> <span class='ocrx_word' id='word_1_431' title='bbox 571 3647 597 3692; x_wconf 88' lang='lat' dir='ltr'><strong>ct</strong></span> <span class='ocrx_word' id='word_1_432' title='bbox 614 3645 719 3708; x_wconf 89' lang='lat' dir='ltr'><strong>sapiens</strong></span> <span class='ocrx_word' id='word_1_433' title='bbox 736 3649 761 3692; x_wconf 90' lang='lat' dir='ltr'><strong>et</strong></span> <span class='ocrx_word' id='word_1_434' title='bbox 780 3645 885 3709; x_wconf 77' lang='lat' dir='ltr'><strong>lapibus</strong></span> <span class='ocrx_word' id='word_1_435' title='bbox 895 3661 1002 3708; x_wconf 87' lang='lat' dir='ltr'><strong>parens.</strong></span> <span class='ocrx_word' id='word_1_436' title='bbox 1018 3648 1041 3692; x_wconf 77' lang='lat' dir='ltr'><strong>ct</strong></span> <span class='ocrx_word' id='word_1_437' title='bbox 1056 3646 1142 3694; x_wconf 71' lang='lat' dir='ltr'><strong>ciuilis</strong></span> <span class='ocrx_word' id='word_1_438' title='bbox 1156 3647 1238 3708; x_wconf 79' lang='lat' dir='ltr'><strong>officii</strong></span> <span class='ocrx_word' id='word_1_439' title='bbox 1336 3683 1338 3688; x_wconf 85' lang='lat'><em>.</em></span> 
     </span>
     <span class='ocr_line' id='line_1_45' title="bbox 238 3707 1236 3816; baseline -0.004 -58"><span class='ocrx_word' id='word_1_440' title='bbox 238 3725 291 3758; x_wconf 83' lang='lat' dir='ltr'><strong>non</strong></span> <span class='ocrx_word' id='word_1_441' title='bbox 305 3721 424 3816; x_wconf 67' lang='lat' dir='ltr'><strong>iqqarus</strong></span> <span class='ocrx_word' id='word_1_442' title='bbox 440 3707 553 3754; x_wconf 85' lang='lat' dir='ltr'><strong>utilitati</strong></span> <span class='ocrx_word' id='word_1_443' title='bbox 566 3707 686 3755; x_wconf 88' lang='lat' dir='ltr'><strong>omnium</strong></span> <span class='ocrx_word' id='word_1_444' title='bbox 700 3707 763 3770; x_wconf 90' lang='lat' dir='ltr'><strong>ptus</strong></span> <span class='ocrx_word' id='word_1_445' title='bbox 777 3722 858 3772; x_wconf 86' lang='lat' dir='ltr'><strong>quem</strong></span> <span class='ocrx_word' id='word_1_446' title='bbox 877 3708 957 3756; x_wconf 88' lang='lat' dir='ltr'><strong>unius</strong></span> <span class='ocrx_word' id='word_1_447' title='bbox 973 3708 1091 3770; x_wconf 79' lang='lat' dir='ltr'><strong>alicujus</strong></span> <span class='ocrx_word' id='word_1_448' title='bbox 1109 3712 1156 3756; x_wconf 86' lang='lat' dir='ltr'><strong>eut</strong></span> <span class='ocrx_word' id='word_1_449' title='bbox 1173 3723 1236 3756; x_wconf 85' lang='lat' dir='ltr'><strong>suae</strong></span> 
     </span>
    </p>

    <p class='ocr_par' dir='ltr' id='par_1_8' title="bbox 237 3786 388 3820">
     <span class='ocr_line' id='line_1_46' title="bbox 237 3786 388 3820; baseline -0.033 0"><span class='ocrx_word' id='word_1_450' title='bbox 237 3786 318 3820; x_wconf 89' lang='lat' dir='ltr'><strong>consu</strong></span> <span class='ocrx_word' id='word_1_451' title='bbox 334 3786 342 3816; x_wconf 91' lang='grc' dir='ltr'><strong><em>ι</em></strong></span> <span class='ocrx_word' id='word_1_452' title='bbox 357 3807 361 3816; x_wconf 93' lang='grc'>.</span> <span class='ocrx_word' id='word_1_453' title='bbox 378 3788 388 3815; x_wconf 80' lang='lat' dir='ltr'><strong>i</strong></span> 
     </span>
    </p>
   </div>
   <div class='ocr_carea' id='block_1_7' title="bbox 657 3879 814 3930">
    <p class='ocr_par' dir='ltr' id='par_1_9' title="bbox 657 3879 814 3930">
     <span class='ocr_line' id='line_1_47' title="bbox 657 3879 814 3930; baseline -0.013 0"><span class='ocrx_word' id='word_1_454' title='bbox 657 3879 814 3930; x_wconf 71' lang='lat'>-270-</span> 
     </span>
    </p>
   </div>
   <div class='ocr_carea' id='block_1_8' title="bbox 0 0 1382 4238">
    <p class='ocr_par' dir='ltr' id='par_1_10' title="bbox 0 0 1382 4238">
     <span class='ocr_line' id='line_1_48' title="bbox 0 0 1382 4238; baseline 0 0"><span class='ocrx_word' id='word_1_455' title='bbox 0 0 1382 4238; x_wconf 95' lang='lat' dir='ltr'><strong> </strong></span> 
     </span>
    </p>
   </div>
  </div>
 </body>
</html>
