2730 4234
119 193 206 251 384.
222 194 276 249 La
291 196 424 250 nature
445 207 490 251 ne
503 181 575 252 raiz
594 195 695 264 point
717 195 760 251 de
780 194 994 253 distinction
1014 195 1119 251 entre
1212 237 1214 241 ⁴

417 282 567 339 iericho
583 284 620 339 et
635 283 668 338 ie
682 297 834 353 pauvre.

188 377 472 439 (Nullumdiscrimen
484 377 555 426 inter
564 378 658 428 divites
671 381 696 426 et
703 393 834 442 pauperes
847 377 911 439 fecit
924 379 1041 442 natura.)

156 508 340 588 Quousque*
351 509 526 582 extenditis,
538 511 661 581 divites,
676 511 797 570 insanas
807 511 1014 589 cupiditates?
1024 512 1118 569 Num·
1134 509 1174 570 3⁰

113 604 189 684 quid
202 605 259 663 soli
272 605 481 664 inhabitabitis
501 628 592 686 super
617 593 749 665 terram?
782 607 846 665 Cur
871 608 982 686 ejicitis
1008 628 1138 666 consorr

115 708 179 759 tem
195 709 312 760 naturae
331 711 361 760 et
378 703 542 761 vindicatis
567 703 655 762 vobis
677 705 902 782 possessionem
929 706 1068 762 naturae?
1084 705 1117 760 ln

115 799 434 858 communeomnibus
453 798 603 858 divitibus
626 809 717 880 atque
743 801 927 879 pauperibus
951 809 1028 859 terra
1050 801 1120 857 iun-

115 893 206 952 data*
221 902 280 966 est,
298 917 352 954 cur
366 896 454 954 vobis
464 897 516 976 jus
528 897 686 976 proprium
709 897 775 966 soii,
799 897 922 968 divites,
936 897 1118 974 ..arrogatis‘i

118 989 225 1050 Nescit
239 999 346 1050 natura
357 993 480 1062 divites,
493 1013 561 1072 quae
577 1013 682 1052 omnes
697 1015 846 1072 pauperes
860 1003 996 1071 generat.
1013 995 1119 1072 Neque

115 1088 283 1154 enimcum
296 1090 487 1156 vestimentis
504 1091 668 1156 nascimur,
687 1112 741 1149 nec
755 1111 824 1148 cum
840 1111 915 1150 auro
931 1098 1119 1169 argentoque

118 1205 310 1262 generamur.
332 1186 437 1244 Nudos
452 1186 533 1246 indit
556 1187 587 1244 in
607 1187 716 1258 iucem,
740 1195 864 1266 egentes
884 1188 963 1253 cibo,
991 1188 1117 1258 amictu,

118 1282 244 1360 poculo3
264 1283 363 1341 nudos
383 1284 492 1362 recipit
506 1291 586 1341 terra
604 1305 680 1364 quos
694 1285 806 1355 edidit,
829 1285 927 1344 nescit
949 1285 1025 1343 fines
1048 1305 1120 1364 pos-

118 1379 288 1439 sessionum
307 1380 447 1458 sepulcro
462 1380 619 1439 includere
631 1381 653 1439 *.
669 1380 791 1460 Caespes
809 1389 958 1458 angustus
978 1402 1066 1462 aeque
1091 1387 1121 1439 et

14 1537 16 1544 ,
57 1511 58 1514 ¹
116 1477 246 1556 pauperi
260 1475 396 1535 abundat
415 1476 611 1536 etdiviti:et
625 1484 798 1557 terra,quae
814 1478 948 1536 viventis
965 1478 1122 1557 noncepit

117 1575 270 1639 affectum,
287 1581 387 1631 totum
406 1573 469 1653 jam
486 1573 613 1632 divitem
629 1575 721 1653 capit.
739 1574 813 1641 Quis
836 1574 989 1633 discernat
1004 1575 1121 1654 species

116 1671 330 1728 mortuorum?
346 1669 500 1748 Redoperi
520 1677 642 1744 terram,
660 1678 700 1742 et,
720 1672 744 1728 si
760 1679 858 1750 potes,
874 1671 1000 1742 divitem
1014 1672 1121 1751 depre-

117 1762 247 1822 hende*.
264 1762 375 1820 Sericee
396 1769 497 1820 vestes
522 1770 552 1820 et
576 1783 650 1820 auro
675 1763 792 1821 intexta
818 1763 982 1836 velamina,
1007 1763 1121 1843 quibus

115 1879 229 1938 corpus
247 1858 353 1916 divitis
378 1859 521 1930 ambitur,
545 1859 656 1918 damna
685 1860 866 1931 viventium,
896 1881 958 1919 non
986 1861 1122 1919 subsidia

115 1955 334 2015 detunctorum
351 1963 433 2015 sunt.
449 1955 649 2032 Unguentum
665 1957 789 2036 accipie,
817 1957 915 2028 diveS,
940 1964 970 2016 et
990 1958 1122 2016 fetidus*

117 2073 151 2112 es
165 2071 171 2112 :
185 2052 287 2132 perdis
313 2053 444 2110 alienam
462 2053 600 2130 gratiam,
622 2074 677 2111 nec
698 2054 829 2132 acquiris
857 2062 952 2113 tuam.
979 2054 1003 2113 Ο
1024 2054 1121 2126 dives,

115 2149 216 2208 nescis
228 2170 315 2228 quam
331 2169 448 2228 pauper
468 2150 519 2221 sis,
537 2171 628 2228 quam
641 2150 730 2228 inops
745 2150 798 2208 tibi
821 2151 886 2229 ipsc
910 2151 1052 2225 videaris,
1070 2153 1122 2231 qui

115 2255 148 2304 te
163 2245 288 2304 divitem
304 2245 395 2304 dicis!
416 2245 519 2304 Habes
536 2245 631 2304 multa
647 2247 738 2305 bona.
757 2247 842 2305 Bona
859 2257 941 2319 sunt,
960 2249 983 2306 si
1002 2270 1117 2328 paupe-

117 2343 203 2402 ribus
221 2342 357 2420 largiaris
374 2362 379 2402 :
396 2343 427 2400 in
442 2363 503 2422 quo
519 2343 574 2401 tibi
588 2341 778 2401 debitorem*
796 2343 894 2402 Deum
909 2345 1040 2423 quadam
1058 2346 1123 2424 pie-

117 2441 189 2500 tatis
204 2440 412 2499 faeneratione
427 2439 608 2500 constituae.

147 2581 188 2631 N⁰
204 2579 295 2631 384:
318 2581 500 2642 Quousque.
524 2579 563 2628 Ci.
581 2579 702 2641 Se'ntque
722 2579 746 2641 (at
765 2580 848 2629 Lucil.
867 2581 925 2644 89):
950 2580 1122 2644 «Quousque

116 2643 184 2690 fines
206 2643 404 2704 possessionum
417 2641 621 2703 propagabitis?
642 2644 712 2703 Ager
730 2643 776 2689 uni
794 2643 912 2702 domino,
931 2643 975 2705 qui
991 2645 1121 2705 populum

115 2705 197 2766 cepit,
210 2707 337 2764 augustus
352 2707 400 2750 est.
420 2702 564 2765 Quousque
579 2705 712 2750 arationes
729 2706 833 2752 vestros
850 2705 1001 2766 porrigetis,
1014 2720 1046 2752 ne
1060 2721 1124 2767 pro-

118 2766 266 2813 vinciarum
310 2765 400 2812 uidem
430 2765 533 2812 satione
561 2766 680 2813 contenti
710 2765 927 2814 circumscribere
978 2768 1122 2816 raediorum

116 2781 384 2882 modum‘t...(buam
397 2827 478 2874 vultis
493 2828 545 2874 late
559 2826 707 2889 possidete,
726 2827 760 2874 sit
773 2827 880 2887 fundus,
894 2843 948 2889 quo
980 2830 1123 2891 aliquando

115 2889 259 2959 imperium
285 2889 447 2946 vocabatur3
466 2888 545 2936 facite
570 2891 688 2959 vestrum
712 2889 842 2959 quidquid
859 2891 990 2960 potestis}
1011 2917 1041 2926 -·
1060 2891 1123 2937 dum

118 2951 178 3012 plus
191 2953 226 2997 sit
238 2950 357 2998 alieni...
377 2949 444 2997 Cum
460 2951 543 2996 multa
556 2949 769 3009 aedificaveritis,
784 2965 844 2998 cum
857 2955 982 3014 ingentia,
995 2956 1083 2999 tamen
1097 2955 1124 3000 ct

115 3011 221 3072 singula
239 3025 350 3073 corpora
370 3011 443 3072 estis,
456 3016 483 3058 et
497 3012 609 3072 parvula
630 3031 651 3059 u.
669 3038 699 3046 -
716 3011 870 3062 Fundata
886 3014 945 3062 est.
966 3013 1042 3061 Saint
1057 3015 1123 3062 dean

116 3073 310 3134 Chrysostome
326 3073 366 3120 dit
382 3071 549 3134 tgalement:
571 3092 582 3114 α
598 3072 665 3119 Dicu
683 3073 748 3120 dans
765 3075 788 3120 le
808 3075 928 3136 principe
948 3074 989 3122 n'a
1001 3091 1048 3137 pas
1064 3075 1124 3122 cred

115 3133 227 3182 celui-ci
239 3135 319 3193 riche,
338 3134 447 3181 celui-ld
464 3149 573 3196 pauvre.
592 3134 630 3180 En
649 3134 686 3180 lcs
702 3135 881 3183 introduisant
896 3137 962 3183 dans
977 3137 1001 3184 le
1017 3138 1120 3183 mondo.

14 3209 15 3226 *
84 3229 86 3237 .
118 3197 137 3243 ii
151 3196 191 3242 n'a
204 3209 251 3256 pas
267 3195 341 3243 verse
360 3209 413 3242 aux
429 3195 506 3256 pieds
519 3197 551 3242 dc
568 3194 621 3242 i'un
634 3196 681 3242 des
694 3195 803 3255 tresors,
817 3199 906 3245 tandis
922 3199 984 3259 qu'il
998 3199 1036 3245 ies
1052 3199 1123 3251 refu-

114 3258 169 3315 seit
183 3257 333 3304 td’autres.
348 3258 416 3304 Mais
428 3257 447 3302 il
460 3257 544 3304 leura
561 3257 679 3304 donner
699 3260 759 3305 tous
775 3258 800 3304 la
818 3261 903 3306 meme
921 3262 998 3317 terre,
1037 3261 1063 3306 ui
1082 3263 1124 3307 est

114 3333 259 3366 commune
271 3320 287 3366 t
300 3322 359 3366 tous
377 3319 414 3366 ies
430 3318 550 3365 hommes
564 3319 636 3366 ani'.
651 3319 774 3378 Bossuet,
791 3320 843 3366 Sur
857 3319 1007 3368 t'eminente
1018 3276 1124 3385 diqnite'

114 3382 164 3428 des
174 3393 308 3442 pauvres:
324 3400 334 3423 a
349 3379 441 3434 Quclle
453 3380 578 3440 injusticc
592 3395 642 3441 que
660 3380 697 3427 ies
709 3396 823 3442 pauvres
840 3381 1022 3443 portent'tout
1034 3383 1058 3430 le
1071 3383 1125 3430 sar-

114 3443 225 3500 dcau...,
237 3456 290 3499 cer,
304 3442 379 3488 etant
393 3444 454 3488 tous
470 3441 554 3502 petris
566 3442 643 3488 d'unc
656 3444 741 3488 meme
759 3457 845 3490 nrassc
858 3446 884 3490 ct
898 3459 930 3490 nc
944 3448 1064 3506 pouvant
1076 3458 1125 3506 pas
1184 3457 1187 3463 ’

114 3519 135 3565 y
148 3503 225 3549 avoir
238 3502 492 3582 grandeditt'tche
505 3506 580 3574 entre
598 3504 630 3550 de
648 3503 672 3550 ia
689 3503 759 3576 boue
772 3505 842 3551 etde
860 3505 884 3551 la
897 3505 976 3564 boue,
992 3507 1124 3583 pourquoi

118 3579 312 3612 verrens-nous
322 3566 339 3612 d
350 3581 384 3610 un
398 3568 457 3612 cote
467 3565 563 3626 laJoie,
576 3565 600 3611 la
614 3566 714 3622 iaveur,
727 3565 884 3625 lafssuence,
896 3569 923 3614 et
938 3568 971 3614 dc
984 3569 1085 3625 iautre,
1099 3569 1125 3615 lu

116 3627 240 3673 tristesse
257 3629 284 3673 et
295 3627 319 3673 le
332 3626 477 3688 dosespoir,
492 3629 519 3674 et
535 3626 671 3673 l'cxtremc
685 3627 824 3687 necessite',
838 3630 865 3675 et
882 3643 977 3676 encore
990 3629 1013 3676 ie
1027 3629 1125 3691 mepris

115 3691 145 3734 ct
160 3688 184 3734 ia
197 3688 333 3734 servitude
346 3691 357 3736 ‘2
371 3707 382 3730 r
391 3714 421 3722 -
435 3687 616 3737 Includere.
631 3688 700 3734 C'est
711 3689 735 3735 16
749 3689 865 3751 erpendc
879 3689 1057 3738 Hannibalem
1071 3710 1082 3734 »
1098 3695 1125 3738 et

14 3781 18 3800 .
115 3751 142 3796 16
161 3769 171 3790 «
193 3749 359 3811 sarcophago
379 3750 521 3797 contentus
544 3748 596 3796 crit
615 3769 625 3791 υ
649 3749 681 3796 (16
703 3751 727 3797 ia
748 3751 829 3797 satire
850 3751 874 3798 X
895 3753 927 3798 de
951 3753 1073 3800 Juvenal.
1094 3779 1125 3787 -

116 3811 343 3872 Deprehendc.
365 3810 405 3858 Gi.
431 3810 522 3859 Villon
535 3810 636 3872 (uranu
658 3811 816 3873 Testament,
830 3814 883 3876 149)
896 3828 901 3861 :
914 3812 1009 3868 Quand
1019 3814 1046 3876 je
1059 3829 1127 3862 con-

539 3935 696 3986 -387-
