2698 4234
365 188 451 246 345.
471 188 621 257 L'atgle,
636 188 676 245 la
688 189 860 246 corneille
871 190 908 247 et
922 190 1104 246 latortue.

535 291 655 356 (Aquita,
668 293 762 340 cornia
772 295 797 342 et
812 293 935 356 testudo.)

183 446 224 510 4·
371 449 487 510 Contra
503 458 643 530 potentes
658 470 748 508 nemo
761 452 806 509 est
821 451 958 509 munitus
974 450 1060 520 satis;

377 551 429 610 Si*
446 567 518 606 vero
533 547 681 606 accessit*
693 547 870 606 consiliator
885 547 1049 619 maleficus

377 647 451 705 Vis*
466 651 497 703 et
510 644 648 722 nequitia
663 643 813 723 quidquid
823 652 1015 725 oppugnant,
1031 643 1126 704 ruit'.

377 741 488 822 Aquila
502 741 534 798 iu
548 739 679 799 sublime
692 742 703 764 *
718 740 840 800 sustulit
852 741 1050 814 testudinem,

377 840 452 906 Quae
466 857 535 896 cum
550 836 718 896 abdidisset
732 858 843 898 cornea
855 858 967 918 corpus
981 837 1072 896 domo
1080 837 1103 911 *,

379 935 442 994 Nec
459 933 522 993 ullo
539 940 628 1013 pacto
643 933 712 991 laedi
728 943 831 1014 posset
847 934 1000 1005 condita*,

377 1032 468 1092 Venit
486 1051 540 1109 per
553 1050 642 1088 auras
657 1029 773 1101 cornix,
789 1038 819 1089 et
831 1032 979 1110 propter*
991 1029 1098 1088 volans
1114 1045 1122 1088 :

379 1153 393 1184 «
406 1127 567 1207 Opimam*
578 1145 649 1184 sane
662 1126 794 1204 praedam
810 1127 937 1206 rapuisti
955 1126 1124 1206 unguibus;

377 1224 437 1284 Sed
451 1223 508 1282 nisi
523 1219 714 1282 monstraro*
727 1223 800 1302 quid
814 1224 853 1281 sit
867 1223 1040 1283 faciendum
1055 1221 1122 1288 tibi,

377 1321 472 1380 Gravi
487 1319 692 1399 nequidquam
716 1327 745 1378 te
758 1319 902 1378 lassabit*
917 1320 1063 1399 pondere.
1076 1343 1090 1372 >r

379 1417 551 1476 Promissa*
563 1423 660 1496 parte,
677 1415 804 1475 suadet*
818 1423 851 1476 ut
865 1415 1026 1496 scopulum
1047 1416 1160 1496 super*

376 1514 455 1573 Altis
471 1513 509 1572 ab
524 1513 633 1571 astris*
648 1512 753 1571 duram
770 1512 867 1572 illidat
882 1512 1038 1586 corticem,

376 1609 667 1683 Qua*comminuta,
682 1610 764 1668 facili
780 1617 920 1669 vescatur
930 1609 999 1669 cibo
1011 1609 1035 1669 *.

377 1707 505 1766 Inducta
519 1706 632 1778 verbis,
649 1707 749 1786 aquila
765 1707 889 1766 monitis
903 1707 1016 1786 paruit,

376 1802 471 1861 Simul
487 1813 518 1860 et
535 1803 709 1880 magistrae*
724 1803 805 1880 large
815 1802 920 1862 divisit
934 1803 1054 1882 dapem.

375 1899 435 1968 Sic,
451 1906 516 1956 tuta
531 1899 616 1978 quae*
631 1906 747 1958 naturae
759 1899 858 1958 tuerat
874 1920 1010 1971 munere,

377 1995 478 2074 Impar
491 1995 610 2054 duabus
620 1997 632 2021 *
642 1996 776 2055 occidit*
790 1997 870 2055 tristi
886 2016 970 2054 nece.

237 2159 338 2224 (beust)
350 2160 436 2220 -1u,
450 2161 481 2209 l'a
502 2161 553 2233 pel.
569 2187 599 2199 -
614 2162 786 2224 Maiestas.
805 2161 987 2224 L'opposition
1004 2162 1037 2210 do
1057 2160 1183 2209 maeatas
1204 2164 1235 2208 et

237 2224 271 2270 de
281 2221 373 2293 jocata
389 2223 463 2285 peint
481 2177 542 2271 bren
554 2223 579 2272 Ie
596 2225 729 2272 caractere
739 2225 772 2272 de
783 2225 886 2272 Tibere.
900 2225 939 2274 CI.
950 2224 1041 2272 Tacite
1056 2237 1088 2271 :a
1121 2222 1231 2292 udibria

237 2285 314 2332 serris
334 2285 444 2332 miscere
464 2285 557 2332 solitus
579 2304 590 2328 n
612 2285 703 2347 (Anu,
725 2285 771 2345 VI,
794 2286 826 2348 2).
855 2311 885 2322 -
904 2284 1043 2348 Maioris
1062 2283 1174 2347 (pretia).
1199 2308 1233 2318 -

237 2346 373 2408 Alapae.
387 2346 453 2393 VoIr
462 2361 495 2393 au
504 2346 608 2408 lexique
622 2346 784 2395 Manumissi.

267 2449 308 2502 ΙΨ
322 2451 404 2502 345:
420 2449 454 2501 SI
465 2469 496 2494 =
507 2466 575 2499 cum.
589 2477 619 2486 -
634 2451 1002 2522 Accessittsousentendu
1013 2448 1188 2514 potentibus).
1200 2475 1233 2485 -

236 2512 296 2562 Vis
307 2527 336 2559 se
351 2515 474 2582 rapporte
491 2513 647 2574 apotentcs,
665 2515 692 2559 et
710 2516 830 2576 nequitia
846 2514 861 2560 a
882 2513 1045 2560 consiliator.
1060 2538 1089 2548 -
1103 2509 1194 2570 Ruit,
1215 2525 1233 2558 a

236 2573 635 2684 attestatae-‘itata
649 2574 883 2684 actitatae
896 2571 1233 2683 amabuntur.-

237 2695 375 2746 Gondita
400 2711 405 2744 ε
427 2697 579 2758 apposition
602 2650 725 2758 depquae,
755 2698 799 2758 qui
825 2712 853 2744 se
873 2701 998 2758 rapporte
1024 2698 1038 2743 d
1063 2695 1176 2743 testudo.
1199 2721 1233 2730 -

237 2759 373 2828 Propter
386 2777 417 2800 =
432 2772 525 2819 prope,
540 2758 729 2804 sous-entendu
748 2756 877 2821 aquilam.
896 2785 925 2793 -
946 2758 1110 2819 Opimam:
1126 2757 1159 2802 de
1171 2770 1230 2817 ops,

236 2820 333 2866 tnusrte
358 2818 551 2888 (d'oqus,·Ia
574 2821 652 2876 terre,
662 2833 737 2888 ¹opes,
752 2819 835 2881 inops,
852 2820 1003 2889 opulentus,
1021 2833 1036 2866 ο
1057 2817 1168 2879 itularit.
1187 2817 1232 2864 On

236 2881 353 2942 appelait
370 2880 455 2950 spolia
477 2894 573 2954 optma,
593 2894 627 2927 ou
647 2881 815 2952 simplement
833 2896 928 2954 optma,
946 2882 992 2957 yles
1011 2834 1158 2941 ddpouiltes
1177 2894 1232 2940 que

236 2940 1235 3072 attentattvttttattaiuf‘tttmtttt{tutatast

236 3065 302 3112 trois
330 3065 380 3112 fois
402 3067 483 3110 avant
505 3063 636 3124 l'Emprre.
662 3065 697 3111 Le
718 3080 778 3112 sens
803 3067 934 3112 ordinaire
960 3066 992 3112 de
1025 3065 1129 3128 opimus
1155 3066 1197 3111 est
1220 3077 1228 3111 :

236 3126 368 3186 prdeteux,
386 3124 466 3194 riche,
479 3151 508 3194 7-
524 3126 720 3184 Monstraro,
738 3141 806 3188 pour
818 3129 1007 3174 monstravero.
1018 3153 1047 3161 -
1057 3123 1228 3184 Lassabit,

235 3201 330 3248 apour
355 3190 424 3246 quet
443 3200 530 3248 optma
550 3186 651 3248 pracda
676 3187 810 3248 (testudo).
836 3215 866 3222 -
888 3188 1055 3238 Promissa
1074 3188 1170 3248 parte
1198 3203 1231 3228 =

232 3247 365 3309 promissa
389 3247 432 3308 (ab
455 3247 557 3310 aquila)
576 3249 654 3309 parte
678 3249 819 3310 (praedae).
834 3276 863 3284 -
881 3249 1013 3309 Suadet,
1036 3262 1050 3296 a
1071 3262 1140 3310 pour
1158 3247 1230 3306 sujet

235 3309 336 3356 cornia.
361 3308 579 3370 —Scopulum
596 3321 694 3368 super
716 3330 746 3352 =
766 3324 847 3372 super
863 3310 1011 3372 scopulum.
1030 3310 1069 3358 CI.
1091 3309 1164 3356 Pline
1184 3307 1228 3368 (X,

234 3371 272 3431 3);
296 3371 332 3417 La
354 3371 492 3430 FontaIne,
513 3369 586 3430 VIII,
613 3375 651 3417 16.
676 3397 705 3406 -
734 3371 821 3421 Altis
848 3373 893 3422 ab
915 3371 1017 3421 astris
1042 3386 1048 3420 ε
1073 3370 1227 3432 expression

234 3431 368 3492 poetique,
396 3445 464 3491 pour
484 3431 586 3478 abatto
602 3431 681 3478 cacto.
707 3432 829 3493 -Qua
857 3432 1055 3483 comminuta
1078 3451 1109 3474 =
1137 3432 1173 3486 ut,
1199 3445 1229 3478 ea

234 3493 351 3553 (cortice)
369 3492 548 3539 comminuta:
562 3493 658 3539 ablatif
667 3493 769 3539 absolu.
781 3520 810 3529 -
824 3494 901 3544 cibo
920 3509 925 3543 :
944 3495 962 3540 il
979 3493 1056 3556 s'agit
1070 3494 1138 3542 dela
1154 3491 1230 3540 ehair

233 3555 267 3601 de
283 3555 306 3601 Ia
323 3557 421 3601 tortue.
444 3580 474 3588 -
493 3552 686 3614 Magistrae,
706 3555 799 3602 amend
821 3570 869 3615 par
892 3557 1051 3604 monstraro.
1075 3582 1104 3590 -
1128 3554 1228 3616 Quae,

233 3616 435 3663 sous-entendez
457 3615 505 3662 itta
529 3615 664 3677 (testudo).
687 3641 717 3650 -
740 3617 923 3666 Duabus:
944 3617 1045 3664 cornici
1064 3620 1090 3664 et
1110 3615 1227 3679 aquilae.

232 3701 263 3712 -·
283 3675 406 3727 occidit
425 3676 527 3722 :verbe
551 3679 643 3722 neutre
667 3677 764 3736 (decb,
788 3682 814 3724 et
835 3679 867 3724 de
885 3678 957 3736 cado,
976 3679 1091 3739 tomber)
1111 3676 1173 3739 qu'il
1195 3691 1228 3723 ne

232 3738 289 3784 saut
301 3751 349 3798 pas
366 3737 511 3783 consondre
528 3751 592 3783 avec
604 3737 628 3783 lo
641 3737 721 3784 verbe
738 3739 805 3785 actis
818 3739 907 3786 occido
925 3740 967 3800 (de
987 3740 1020 3789 ob
1037 3743 1064 3787 et
1078 3740 1111 3786 de
1127 3738 1226 3791 caedo).

651 3913 805 3961 ..ata-
