2698 4234
147 144 231 202 368.
256 147 309 202 Un
324 145 383 201 ssls
397 158 532 202 accuse
548 159 615 203 son
630 147 717 215 pere
734 149 777 205 de
792 146 1055 218 lese-majesta.
1147 149 1152 159 '

333 241 423 304 (Pater
436 241 519 304 afilia
533 241 681 306 majestatis
691 243 868 306 postulatur.)

141 357 300 436 Regnante
316 357 450 430 Tiberio,
474 347 667 418 miseriarum
690 379 725 418 ac
751 360 879 419 saevitiae
908 359 1105 440 exemplum*
1121 358 1161 423 2⁰

95 462 198 523 atrox,
225 475 296 514 reus
315 462 411 534 pater,
437 463 598 515 accusator
611 456 690 514 filius
713 455 839 535 (nomen
855 457 979 537 utrique
994 457 1104 516 Vibius

96 552 245 630 Serenus)
267 551 297 610 in
319 559 459 611 senatum
480 552 599 612 inducti
625 561 698 612 sunt
725 573 731 613 :
757 553 795 612 ab
819 554 928 612 exsilio
950 561 1103 614 retractus

96 647 265 728 illuvieque
280 670 315 708 ac
328 649 469 729 squalore
482 650 601 708 obsitus
614 657 644 709 et
654 659 718 709 tum
735 658 843 709 catena
859 651 984 710 vinctus
1002 658 1102 730 pater,

95 753 206 806 orante
224 746 302 820 lili0;
326 750 534 826 praeparatus*
553 746 744 820 adulescenS,
766 747 871 806 multis
903 747 1100 821 munditiis*,

95 843 191 904 alacri
206 842 305 918 vultu,
323 849 453 903 structas
471 842 607 923 Principi
622 843 749 904 insidias
765 843 859 902 index
876 845 960 903 idem
975 853 1005 904 et
1017 845 1103 904 testis

94 941 232 1001 dicebat.
248 943 289 1000 At
300 947 407 1000 contra
423 961 504 1013 reus,
527 939 604 999 nihil
621 941 752 1000 infracto
770 941 884 1009 animo,
903 940 1055 1000 obversus
1070 941 1101 999 in
1124 971 1126 976 ·

95 1037 207 1109 filium,
225 1038 373 1118 quatere*
394 1036 528 1110 vincula,
547 1058 656 1097 vocare
675 1039 788 1098 ultores
804 1038 889 1111 deos,
909 1045 945 1098 ut
961 1038 1019 1097 sibi
1034 1037 1102 1118 qui·
1143 1047 1157 1054 “’

95 1137 168 1195 dem
194 1134 359 1194 redderent
375 1133 526 1208 exsilium,
547 1135 599 1193 ubi
616 1135 722 1215 procul
740 1135 793 1194 tali
814 1155 897 1194 more
915 1139 1049 1214 ageret*.
1068 1136 1101 1194 ln

96 1240 216 1313 patrem
231 1253 268 1292 cx
279 1232 375 1292 servis
387 1231 581 1312 quaesitum*,
592 1239 621 1290 et
635 1233 767 1311 quaestio
781 1232 910 1292 adversa
929 1241 1101 1292 accusatori

52 1364 58 1372 ›
97 1330 167 1389 fuit.
185 1329 242 1396 Qui
254 1329 365 1388 scelere
380 1349 498 1402 vecors,
516 1327 606 1388 simul
623 1328 708 1406 vulgi
720 1350 841 1388 rumore
855 1329 993 1403 territus,
1010 1329 1102 1390 cessit

98 1427 199 1498 Urbe,
217 1447 262 1493 ac,
280 1433 431 1485 retractus
442 1425 602 1497 Ravenna,
617 1427 743 1506 exsequi
759 1427 988 1485 accusationem
1003 1426 1101 1505 adigi-

97 1531 158 1586 tur.
188 1524 285 1582 Dictis
318 1523 389 1581 dein
416 1523 575 1582 sententiis
602 1530 636 1582 ut
661 1524 793 1582 Serenus
819 1543 902 1582 more
926 1525 1101 1604 majorum*

96 1621 270 1701 puniretur,
303 1619 425 1692 Caesar,
453 1640 515 1700 quo
543 1619 679 1678 molliret
704 1620 886 1689 invidiam*,
915 1621 1097 1682 intercessit.

95 1718 206 1780 Gallus
218 1718 340 1776 Asinius
358 1717 482 1797 Gyaro*
498 1724 551 1777 aut
563 1717 690 1776 Donusa
705 1716 917 1776 claudendum
939 1738 1009 1777 cum
1030 1738 1101 1777 cen·
1134 1713 1136 1716 ’

94 1823 188 1886 seret,
205 1815 236 1874 id
251 1835 374 1894 quoque
398 1821 578 1894 aspernatus
600 1821 655 1888 est,
684 1834 812 1892 egenam
834 1835 922 1895 aquae
939 1822 1101 1895 utramque

97 1913 230 1990 insulam
244 1913 378 1970 reterens
394 1911 573 1990 dandosque
588 1911 661 1970 vitae
684 1932 756 1970 usus
774 1911 823 1970 cui
844 1911 907 1971 vita
920 1911 1102 1970 concedere-

97 2019 159 2070 tur.
178 2010 223 2069 lta
238 1996 368 2068 Sererius
384 2011 553 2086 Amorgum
568 2015 752 2087 reportatur.
769 2008 809 2066 Et
823 2007 963 2087 placebat
974 2008 1102 2088 quibus-

95 2109 170 2167 dam
185 2107 329 2186 praemia*
346 2114 564 2165 accusatorum·
574 2105 605 2162 in
618 2105 756 2163 futurum
768 2105 898 2177 aboleri3
919 2105 1102 2186 ibaturque*

97 2202 132 2259 in
155 2220 220 2259 eam
246 2199 440 2270 sententiam,
470 2199 510 2256 ni·
528 2197 634 2256 durius
663 2205 834 2276 contraque
855 2219 971 2257 morem
997 2220 1098 2273 suum,

97 2296 284 2378 palam*pro
305 2295 545 2366 accusatoribuS,
571 2293 676 2353 Caesar
690 2295 794 2352 irritas
819 2294 911 2372 leges,
935 2295 1101 2374 rempubli-
1194 2290 1195 2304 ³

96 2395 216 2454 camin
238 2392 390 2474 praecipiti
413 2399 601 2472 conquestus
628 2398 708 2450 esset
732 2409 738 2450 τ
761 2391 975 2450 subverterent
998 2393 1102 2470 potius
1194 2407 1195 2410 ’

92 2491 188 2572 jura*
213 2511 304 2571 quam
328 2489 472 2549 custodes
503 2509 609 2547 eorum
640 2496 828 2546 amoverent.
858 2488 908 2546 Sic
936 2487 1099 2563 delatores,
1192 2519 1195 2542 r

96 2587 195 2666 genus
214 2587 372 2647 hominum
388 2585 511 2666 publico
533 2585 628 2644 exitio
650 2590 818 2664 repertum,
833 2605 888 2664 per
900 2586 1026 2665 praemia
1048 2585 1103 2644 eli-

96 2685 269 2744 ciebantur.

130 2808 171 2857 N⁰
184 2807 264 2858 368:
278 2807 477 2867 Exemplum,
486 2807 639 2868 apposition
648 2806 681 2853 de
689 2806 767 2868 pater
779 2807 804 2852 et
814 2805 897 2868 filius.
914 2833 944 2840 —
955 2807 1101 2870 Praepa-

97 2872 204 2927 ratus,
229 2870 253 2916 lc
269 2869 349 2929 jeune
365 2869 471 2915 homme
491 2873 531 2915 cst
553 2870 612 2915 tout
633 2870 692 2929 pret
714 2883 781 2928 pour
808 2883 838 2915 ce
861 2869 915 2914 rble
939 2869 1045 2917 intime.
1071 2895 1102 2904 -

96 2930 281 2989 Munditiis,
295 2931 391 2977 ablatis
401 2931 433 2977 de
446 2929 555 2990 qualite.
568 2957 598 2964 -
612 2930 764 2990 Quatere.
778 2930 941 2990 Renrarquer
954 2931 977 2976 la
990 2931 1103 2990 vigueur

98 2995 132 3040 de
155 3008 184 3040 cc
208 2993 281 3040 trait.
305 3020 335 3027 —
352 2991 484 3053 Ageret,
507 3007 527 3038 s.
549 2995 603 3039 ent.
623 2991 713 3038 vitam.
735 2990 971 3052 -Quaesitum
991 3007 995 3040 :
1014 3007 1048 3038 on
1067 3007 1102 3040 ne

98 3056 183 3113 tenuit
196 3057 302 3115 compte
315 3055 349 3100 du
363 3053 529 3114 tc'moignage
541 3053 588 3099 des
601 3055 719 3100 esclaves
739 3052 878 3115 qu'autant
897 3054 973 3114 qu'ils
995 3055 1102 3100 avaient

96 3116 142 3164 etc'
155 3117 254 3163 soumis
268 3117 282 3162 d
295 3117 318 3162 la
332 3116 464 3177 question.
479 3142 508 3150 —
521 3115 688 3176 Medorum
702 3130 706 3161 :
721 3115 787 3161 dans
800 3129 830 3161 ce
843 3129 896 3170 cas,
910 3115 933 3161 le
951 3115 1112 3164 conclamat·

96 3180 189 3226 devait
202 3181 257 3225 elre
270 3178 347 3225 battu
356 3178 489 3236 deverges
502 3180 529 3224 et
541 3177 617 3222 avoir
627 3177 652 3222 la
666 3178 720 3224 tete
733 3177 868 3223 tranclic'c.
879 3203 908 3211 —
921 3175 1099 3226 Invidiam:

97 3242 117 3288 il
131 3239 206 3302 s’agit
218 3241 250 3286 dc
264 3239 377 3286 l'odicux
390 3238 433 3300 qui
443 3238 563 3300 pourrait
576 3238 728 3285 rdsulterde
737 3242 808 3284 cette
821 3239 919 3285 atl'airc.
935 3237 1100 3300 -Gyarot

96 3303 189 3364 Gyara
212 3304 239 3348 et
262 3301 380 3360 Donusa,
405 3301 466 3347 uots
490 3301 522 3346 de
545 3299 724 3360 deportation,
749 3300 815 3346 dans
839 3301 877 3346 les
908 3298 1045 3360 Cyclades.
1073 3326 1101 3336 -

97 3363 262 3414 Praemia.
276 3363 325 3410 Les
342 3362 408 3410 trois
425 3364 517 3422 quarts
530 3361 576 3408 des
589 3361 664 3409 biens
681 3363 728 3408 des
747 3361 908 3414 condemnes
926 3361 1004 3422 (pour
1020 3362 1102 3409 crime

96 3427 133 3474 de
145 3424 329 3488 lese-majestat
342 3424 498 3472 revenaient
509 3437 541 3470 au
555 3423 609 3482 fisc,
623 3439 658 3470 un
670 3429 749 3485 quart
760 3423 826 3470 dtait
837 3421 953 3470 attribue'
966 3438 1017 3472 aux
1030 3423 1101 3470 dilla-

98 3491 181 3536 teurs.
196 3487 262 3534 Voir
274 3502 306 3533 au
318 3487 424 3547 texique
436 3485 460 3532 le
473 3488 529 3531 mot
543 3484 655 3534 delator.
672 3513 698 3520 -
716 3486 841 3540 Ibatur,
862 3484 926 3534 c'est
937 3485 960 3531 le
977 3487 1039 3532 vote
1053 3501 1102 3546 par

96 3548 233 3598 discessio.
248 3575 277 3583 -
290 3549 405 3597 Palam
419 3561 446 3593 se
458 3549 584 3607 rapporte
598 3547 612 3593 d
627 3546 731 3604 durius,
752 3550 779 3593 et
795 3546 923 3610 equivaut
940 3547 954 3594 a
972 3559 1006 3592 un
1021 3548 1102 3608 parti-

96 3613 159 3672 cipe
182 3611 299 3672 prdsent.
314 3637 344 3645 -
364 3609 459 3668 Jura,
481 3608 643 3659 c'est-d-dire
665 3607 744 3671 tepea,
766 3611 874 3662 surtout
897 3607 984 3674 lcqeru
1005 3609 1102 3671 ruajes-

98 3673 170 3720 tatis.

129 3761 169 3810 N⁰
178 3759 244 3811 369
255 3760 373 3808 :Illum
383 3758 421 3805 Cl.
431 3759 465 3805 La
474 3757 591 3820 Bruyere
601 3757 747 3818 (l'amatcur
754 3759 786 3804 de
794 3757 949 3819 mcclaillcsl.
958 3785 987 3794 —-
994 3757 1103 3808 florin-

97 3821 180 3881 thia,
193 3822 388 3868 sous-entendu
398 3835 467 3868 vasa.
484 3820 534 3867 Lcs
547 3835 622 3866 vases
634 3821 743 3866 d'airuin
756 3821 789 3868 de
803 3819 927 3870 Corinthu
938 3819 1038 3869 e'taient
1049 3821 1103 3867 l'ort

522 3909 658 3960 -371-
