2730 4234
444 131 528 188 380.
545 130 658 188 Chute
678 131 722 188 de
737 131 858 200 sejan.
945 165 948 178 ·

471 217 503 280 (E
513 217 623 282 fastigio
636 217 692 266 ruit
704 218 836 282 Sejanus.)

194 359 348 426 Quosdam
364 359 538 439 praecipitat
553 360 691 440 subjecta
705 361 843 440 potentia
857 381 976 438 magnae
1005 367 1006 371 ’
1025 414 1029 418 .
1169 367 1215 460 ³2„

195 455 333 527 Invidiae„
351 457 481 538 mergit*
493 457 584 533 longa
600 464 692 537 atque
705 457 834 535 insignis
849 458 1002 516 honorum

193 553 342 630 Pagina*;
359 553 567 612 descendunt*
581 560 689 613 statuae
704 560 878 634 restemque
895 563 1074 633 sequuntur.

194 649 204 706 1
210 670 279 729 psas
292 649 403 711 deinde
419 657 502 711 rotas
517 651 676 728 bigarum*
695 650 850 730 impacta*
864 651 978 708 securis

196 746 315 818 Caedit,
336 754 367 806 et
382 747 543 805 immeritis
556 746 742 824 franguntur
758 767 847 806 crura
859 746 995 807 caballis

193 843 208 901 J
214 864 262 901 am
279 843 415 902 stridunt
432 844 529 920 ignes,
545 843 610 923 jam
625 843 748 902 follibus
762 850 853 923 atque
866 843 994 902 caminis

195 940 292 998 Ardet
305 939 466 998 adoratum
482 940 597 1020 populo
613 947 716 1019 caput,
734 948 765 998 et
779 948 883 1020 crepat
899 941 1006 1018 ingens

193 1035 342 1119 &janus
359 1056 366 1097 ε
383 1035 494 1096 deinde
511 1058 548 1095 ex
561 1037 638 1095 lacie
653 1045 720 1096 toto
736 1037 809 1096 orbe
827 1037 960 1096 secunda

194 1135 287 1192 Fiunt
300 1133 425 1201 urceoli,
444 1133 560 1213 pelves¹
577 1140 709 1211 sartag0‚
724 1134 856 1212 patellee.

195 1231 297 1290 Pone*
312 1231 394 1291 domi
408 1231 520 1298 lauros,
534 1230 594 1289 duc
609 1229 640 1288 in
655 1228 807 1310 Capitolia
820 1250 966 1308 magnum

194 1327 416 1407 Cretatumque,
430 1326 558 1385 bovem*
576 1346 582 1386 :
596 1326 724 1405 Sejanus
740 1327 864 1386 ducitur
878 1349 957 1386 unco

198 1425 417 1505 Spectandus*.
435 1423 582 1483 Gaudent
596 1443 714 1482 omnes.
731 1423 825 1490 Quae*
837 1423 937 1486 labral
955 1424 1083 1505 quisilli

194 1521 306 1584 Vultus
321 1523 401 1583 erat!
418 1521 614 1599 Numquam,¹
626 1520 651 1577 si
666 1519 741 1598 quid
757 1519 831 1582 mihi
849 1521 958 1593 credis,
976 1520 1076 1600 amavi
1089 1540 1091 1578 3

178 1627 180 1631 ’
198 1619 289 1676 Hunc
305 1617 471 1676 hominem.
487 1617 546 1675 Sed
563 1636 625 1697 quo
643 1616 755 1675 cecidit
774 1617 831 1674 sub
851 1617 999 1676 crimine?
1015 1617 1156 1697 quisnam

200 1715 348 1776 Delator?
363 1713 474 1794 quibus
489 1713 623 1787 indiciis,
643 1734 703 1793 quo
720 1720 797 1772 teste
812 1713 994 1792 probavit*?
1091 1725 1092 1728 ’

195 1811 244 1870 Nil
260 1811 389 1870 horum*
409 1829 415 1870 :
432 1811 562 1869 verbosa
580 1830 615 1869 66
630 1810 754 1888 grandis
769 1809 900 1888 epistula
914 1811 1013 1870 venit¹

194 1911 218 1966 A
238 1907 400 1988 Capreis*;
419 1906 496 1966 bene
514 1907 637 1978 habet*,
657 1907 699 1964 nil
721 1907 791 1986 plus
812 1908 979 1985 interrege.
1000 1908 1060 1966 Sed
1081 1908 1156 1988 quid

195 2005 297 2064 Turba
314 2005 423 2067 Remi?
438 2004 583 2083 Sequitur
595 2004 763 2078 fortunam,
779 2011 814 2062 ut
828 2006 980 2084 semper*,
995 2012 1026 2064 et
1042 2004 1108 2064 odit

200 2103 380 2160 Damnatos
398 2101 482 2158 ldem
499 2101 642 2180 populus
660 2101 685 2158 si
708 2102 821 2160 Nurcia
837 2101 955 2160 Tusco*

196 2199 219 2256 F
221 2198 345 2271 avisset‚
364 2198 389 2256 si
404 2217 548 2277 oppressa
564 2197 645 2255 soret
659 2218 765 2256 secura
778 2205 919 2257 senectus

200 2295 360 2374 Principis,
381 2293 437 2352 hac
452 2295 517 2373 ipsa
529 2294 674 2373 Sejanum
692 2293 807 2352 diceret
820 2294 895 2352 hora

199 2394 384 2468 Augustum.
446 2450 448 2455 ,

185 2515 225 2564 N⁰
237 2513 304 2565 380
320 2511 460 2575 :Mergit
473 2528 478 2560 :
493 2527 642 2575 synonyme
655 2513 688 2560 de
697 2511 866 2575 praecipitat.
880 2541 910 2550 -
923 2513 1057 2585 Pagina.
1074 2516 1159 2576 Table

154 2575 264 2622 d'airain
278 2590 312 2622 ou
328 2577 359 2622 de
371 2576 468 2635 bronze
481 2573 572 2637 place'e
585 2575 600 2621 a
611 2575 636 2622 lu
649 2574 711 2621 base
722 2576 755 2621 de
768 2575 792 2622 la
803 2578 890 2623 statue
905 2580 932 2623 et
941 2591 987 2637 qul
1000 2577 1105 2624 relatait
1119 2579 1159 2624 les

154 2639 232 2685 titres
245 2639 280 2684 du
293 2651 468 2698 personnage,
478 2636 639 2698 represente.
656 2663 688 2672 -
709 2637 918 2686 Descendunt
934 2653 940 2686 2
961 2653 995 2684 on
1007 2639 1045 2684 les
1059 2639 1160 2699 jeuel

153 2700 203 2745 bus
232 2700 264 2746 de
283 2699 341 2745 leur
364 2699 444 2745 socle.
469 2725 499 2733 -
523 2698 681 2760 Bigarum
702 2713 707 2746 :
734 2699 772 2745 les
796 2699 873 2746 chars
895 2699 940 2760 qui
967 2701 1101 2760 portaient
1120 2700 1159 2748 les

154 2764 257 2807 statues
269 2760 449 2821 triumphales.
463 2787 493 2794 -
505 2760 664 2822 Impacta‚
678 2762 710 2807 (16
728 2761 846 2822 impingo
861 2776 867 2809 ε
881 2776 914 2808 au
928 2776 988 2808 sens
1007 2776 1113 2822 moyen.
1128 2789 1158 2796 -

154 2821 303 2882 Sejanus.
316 2821 479 2882 Remarquer
491 2822 556 2868 dans
574 2824 634 2868 tout
646 2836 675 2868 66
688 2836 811 2868 monceau
825 2822 862 2868 les
875 2837 973 2884 coupes
989 2823 1021 2869 de
1036 2837 1105 2880 vers,
1119 2823 1157 2870 les
1185 2851 1188 2857 ‹

7 2895 8 2898 ’
96 2903 98 2908 ’
154 2883 325 2944 metaphores
337 2883 463 2930 brutales.
481 2883 533 2930 Sur
548 2883 635 2944 Sejan,
649 2883 733 2930 favori
747 2887 774 2930 et
786 2884 906 2930 ministre
919 2888 978 2932 tout
991 2885 1113 2946 puissant
1125 2885 1157 2932 de

154 2945 261 2996 Tibere.
276 2946 336 2991 voir
354 2945 453 3002 Tacite,
474 2945 554 3001 Ano„
574 2945 620 3004 1V,
639 2950 687 2992 1-3.
709 2973 739 2979 -
758 2945 852 2994 Pone.
871 2946 906 2992 Le
924 2947 1002 3007 po'ete
1019 2947 1157 3008 interpello

155 3007 348 3066 brusquement
361 3005 447 3066 Se'jan,
460 3009 486 3052 ct
499 3021 547 3066 par
557 3006 634 3063 suite,
646 3010 707 3053 tous
720 3005 757 3052 les
769 3007 923 3066 ambitieux,
935 3010 962 3054 et
974 3008 1030 3054 leur
1040 3009 1157 3069 reppelle

154 3069 352 3128 ironiquement
371 3069 440 3114 leurs
460 3068 570 3114 lauriers
588 3070 614 3114 et
630 3069 701 3114 leurs
722 3068 877 3129 triomphes,
894 3084 926 3116 eu
942 3074 1060 3116 moment
1074 3071 1108 3116 ou
1125 3071 1158 3117 ils

151 3132 222 3176 ·vont
233 3131 288 3176 etre
300 3129 400 3176 trolne's
412 3143 462 3175 aux
477 3129 627 3176 Gemonies.
639 3156 669 3163 -
681 3130 813 3178 Bovem.
828 3130 847 3175 11
859 3129 933 3192 s'agit
943 3131 975 3178 de
986 3133 1010 3178 16
1023 3146 1158 3179 couronne

154 3192 192 3238 du
205 3191 400 3251 triomphateur
411 3190 524 3252 (taurus)
536 3193 563 3236 et
571 3192 605 3236 du
619 3190 736 3238 sacrifice
747 3189 809 3251 qu'il
821 3192 885 3238 ott're
896 3193 909 3238 1
920 3193 1025 3253 Jupiter
1035 3192 1156 3253 (bovem).

155 3253 196 3299 On
206 3252 371 3298 recherchait
383 3252 420 3298 166
431 3251 519 3297 boeuss
530 3252 622 3298 blancs
635 3266 703 3312 pour
715 3267 758 3299 ces
770 3251 916 3311 s'acrifices3
930 3269 964 3300 on
976 3255 1014 3301 les
1027 3254 1159 3301 blunchis-

155 3315 208 3361 sait
216 3315 301 3360 meme
314 3315 328 3359 a
339 3315 363 3360 la
373 3314 451 3360 craie.
461 3341 491 3347 -
500 3313 713 3374 spectandus.
724 3313 888 3374 Remarqucr
896 3329 925 3361 66
936 3315 1012 3376 rejct.
1026 3343 1054 3350 -
1068 3316 1158 3376 Quae

154 3377 264 3424 labra.
283 3376 318 3421 Ce
331 3380 392 3421 sont
404 3375 451 3421 des
466 3389 529 3435 gens
545 3376 580 3420 du
617 3377 693 3436 euple
708 3376 752 3436 qui
770 3378 880 3422 causent
897 3381 970 3423 entre
988 3391 1045 3424 eux.
1065 3377 1103 3423 Cf.
1120 3378 1158 3424 lcs

155 3437 280 3484 matelots
304 3440 330 3482 et
350 3437 388 3482 les
411 3437 512 3483 soldats
533 3437 569 3482 du
588 3390 691 3484 tllettre
712 3438 744 3483 de
764 3436 938 3498 Shakspcare.
956 3465 984 3472 -
998 3439 1159 3488 probavit

156 3498 287 3560 (delator).
297 3524 326 3533 -
334 3496 388 3546 Nil
399 3498 522 3546 herum.
535 3496 605 3545 C'est
616 3513 650 3544 un
658 3499 790 3560 politique
803 3499 874 3545 avise
885 3500 930 3559 qui
942 3499 1053 3560 repond.
1067 3499 1159 3548 Tacite

154 3560 254 3606 excelle
270 3561 412 3620 topposer
427 3559 608 3620 lesopinions
621 3561 653 3606 de
668 3560 692 3606 la
705 3561 774 3607 foule
792 3560 931 3620 ignorante
943 3576 994 3608 aux
1008 3563 1160 3622 y'ugements

155 3623 203 3668 des
219 3621 321 3667 habiles
340 3621 430 3682 (Anu,
446 3621 465 3676 1,
479 3621 512 3682 4).
530 3647 560 3654 -
573 3620 707 3682 Capreis
724 3637 729 3669 z
748 3622 856 3668 retroite
869 3623 902 3668 de
918 3623 1013 3670 'libere
1027 3624 1116 3672 vicilli.
1128 3651 1159 3662 —

154 3685 246 3732 Bene
271 3683 380 3732 hahet.
401 3683 508 3730 Comme
525 3683 543 3728 il
566 3696 599 3728 nc
617 3684 706 3730 venait
725 3683 758 3730 de
775 3683 875 3744 Cupree
891 3699 941 3745 que
953 3686 999 3732 des
1016 3687 1108 3732 ordros
1125 3685 1159 3732 de

223 3769 259 3811 Vie
275 3770 388 3822 poetique
401 3770 437 3810 der
447 3771 571 3811 Romaim.
1106 3773 1133 3814 25

580 3877 735 3930 -383-
