2664 4234
322 193 407 250 470.
425 192 694 276 superstitious
712 147 885 262 pueriles.

304 288 350 350 (De
356 287 510 351 puerilibus
524 287 688 352 quibusdam
700 288 901 356 religionibus.)

139 403 202 463 Cur
218 403 350 484 primum
365 405 436 461 anni
455 404 652 483 incipientis*
673 405 754 462 diem
776 405 853 463 laetis
871 405 1100 484 precationibus
1117 384 1158 448 2⁶

94 499 230 560 invicem
246 501 379 559 lanstum
392 502 588 560 ominamur?
600 501 663 560 Cur
676 502 712 560 ad
731 486 918 562 mentionem
940 503 1099 561 defuncto·

92 617 174 667 rum,
195 605 344 656 testamur
364 599 542 656 memoriam
558 618 663 658 eorum
684 599 804 657 anobis
819 619 879 658 non
899 598 1099 658 sollicitari*?

94 694 160 753 Cur
187 696 428 753 sternumentis*
458 695 659 754 salutamus?
699 695 782 774 quod
820 695 911 759 etiam
943 697 1100 754 Tiberium

93 775 259 863 Caesarem,
276 791 487 849 tristissimum
500 792 547 869 (ut
562 792 691 870 constat]
709 791 879 864 hominum,
902 793 932 850 in
957 793 1101 852 vehiculo

93 888 232 966 exegisse
253 887 390 947 tradunt.
420 888 458 945 Et
478 889 572 968 aliqui
595 889 741 946 nomine*
766 908 888 970 quoque
907 889 1100 948 consalutare

93 985 267 1062 religiosius
288 990 409 1064 putant.
431 985 511 1052 Quin
532 993 562 1044 et
584 985 726 1044 absentes
745 986 861 1044 tinnitu
881 986 1000 1044 aurium
1022 1007 1100 1065 prae-

93 1082 208 1141 sentire
226 1101 382 1140 sermones
396 1082 433 1139 de
446 1102 477 1140 se
488 1083 510 1151 *,
528 1090 685 1162 receptum
695 1089 750 1141 est.
765 1082 879 1141 Multas
893 1103 1015 1163 quoque
1030 1083 1100 1140 reli-

94 1179 201 1257 giones
222 1177 336 1258 pollere
356 1177 552 1236 manifestum
573 1187 629 1238 est.
652 1179 768 1258 Aliqui,
792 1178 887 1237 saliva
905 1188 975 1258 post
995 1200 1099 1238 aurem

93 1275 192 1353 digito
215 1274 320 1346 relata,
341 1275 600 1334 sollicitudinem*
622 1276 716 1334 animi
740 1276 920 1356 propitiant.
937 1275 1097 1347 Pollices*,

94 1393 165 1431 cum
185 1372 353 1443 faveamus,
368 1392 507 1450 premere
521 1372 611 1431 etiam
627 1373 789 1451 proverbio
804 1372 959 1452 jubemur.
975 1375 1010 1431 ln
1028 1373 1099 1431 ado·

97 1468 193 1527 cando
209 1469 366 1528 dexteram
381 1468 418 1527 ad
437 1469 596 1527 osculum*
611 1469 784 1540 referimus,
810 1477 970 1550 totumque
989 1491 1100 1548 corpus

94 1566 353 1643 circumagimus*
370 1584 377 1625 :
395 1565 477 1646 quod
497 1566 528 1623 in
544 1565 655 1624 laevum
679 1566 787 1625 secisse
803 1567 911 1626 Galliae
927 1567 1100 1644 religiosius

93 1663 237 1722 credunt.
253 1662 412 1740 Fulgetras
422 1662 620 1741 poppysmis*
632 1663 769 1734 adorare,
781 1684 948 1722 consensus
964 1664 1100 1741 gentium

94 1767 151 1818 est.
172 1759 316 1818 lncendia
332 1759 412 1817 inter
428 1760 532 1838 epulas
547 1759 703 1818 nominata
718 1760 806 1840 aquis
822 1760 878 1820 sub
896 1758 1024 1818 mensas
1031 1781 1101 1838 pro-

95 1857 172 1915 lusis
213 1856 444 1916 abominamur.
478 1855 617 1935 Repente
656 1857 863 1915 conticescere
901 1859 1100 1916 convivium*

97 1952 277 2013 adnotatum
306 1961 361 2023 est,
378 1953 488 2031 impari
501 1954 512 1976 *
525 1953 722 2031 praesentium
745 1974 872 2012 numero
893 1954 998 2034 :isque
1012 1954 1100 2012 lamae

94 2049 202 2108 labor*
219 2058 275 2120 est,
296 2051 567 2128 adquemcumque
588 2069 693 2108 eorum
708 2050 874 2128 pertinens.
896 2049 990 2108 Cibus
1009 2053 1101 2110 etiam

94 2167 110 2204 e
127 2167 219 2204 manu
235 2147 395 2226 prolapsus
411 2145 596 2204 reddebatur
611 2146 695 2217 olim,
710 2146 915 2225 vetabantque
936 2148 1101 2207 munditia-

94 2264 162 2301 rum
173 2244 185 2267 *
198 2263 288 2302 cansa
303 2244 426 2301 dellare.

124 2378 165 2427 ΙΨ
185 2377 269 2428 470:
289 2377 376 2427 Anni
395 2375 591 2438 incipientis.
616 2375 637 2423 Il
658 2377 733 2438 s'agit
754 2378 801 2424 des
816 2379 936 2426 souhaits
956 2380 988 2426 de
1012 2380 1101 2428 bonne

96 2439 179 2486 annee
193 2454 244 2500 que
262 2439 313 2487 l'on
333 2454 360 2486 se
381 2440 468 2486 laisait
485 2439 565 2498 alors,
588 2453 691 2486 comme
711 2439 888 2500 aujourd'hui,
904 2441 929 2487 le
949 2445 981 2486 10'
995 2441 1101 2502 janvier

95 2502 199 2612 §lepuls
217 2502 241 2548 la
260 2501 375 2548 reforme
394 2502 426 2548 de
449 2501 473 2548 J.
496 2500 591 2558 Ce'sar3
612 2501 636 2546 le
653 2505 688 2546 ter
707 2515 786 2559 mars,
806 2505 887 2548 avant
909 2503 934 2550 J.
954 2502 1051 2564 Cesar).
1070 2503 1112 2540 —'

119 2562 284 2613 ollicitari.
302 2564 375 2609 Nous
389 2563 480 2608 disens
493 2577 498 2609 :
511 2562 578 2608 Uien
592 2562 627 2608 lui
639 2562 706 2609 lasse
719 2563 788 2623 paix,
798 2561 866 2610 Dieu
879 2565 916 2610 ait
929 2578 977 2610 son
991 2567 1056 2612 ime.
1070 2593 1101 2601 -

95 2623 343 2674 sternumentis.
363 2625 436 2671 Nous
456 2624 547 2670 disons
564 2637 678 2671 encore:
693 2624 708 2670 at
726 2638 772 2671 vos
791 2625 925 2673 souhaitst
947 2625 1013 2673 Dieu
1034 2642 1100 2674 vous

94 2685 214 2733 be'nisse!
222 2713 250 2720 -
263 2685 407 2735 Nomine.
422 2686 457 2732 Lc
466 2684 640 2732 Satiriconde
652 2685 765 2732 Petrone
776 2686 799 2733 le
813 2701 913 2747 prouve
925 2702 930 2735 :
946 2707 956 2729 ι(
970 2687 1050 2736 Giton
1060 2692 1101 2736 ter

95 2747 222 2794 continuo
232 2747 401 2805 sternutauit,
415 2747 448 2793 ad
462 2761 541 2808 quem
557 2747 658 2793 motum
671 2747 819 2810 Eumolpus
832 2763 983 2807 conversus,
998 2750 1100 2798 salvere

96 2809 191 2856 Gitona
199 2808 278 2870 jubet
291 2829 311 2853 ».
327 2809 364 2855 En
376 2823 445 2869 grec,
457 2823 491 2855 on
506 2823 538 2854 ne
549 2823 682 2869 prononce
697 2823 744 2870 pas
757 2810 781 2856 le
795 2824 856 2856 nom
870 2811 902 2856 de
915 2810 939 2858 la
951 2826 1099 2872 personne;

96 2871 160 2917 mais
173 2871 258 2918 ondit
272 2885 277 2917 z
291 2871 346 2932 Ζεῦ,
361 2877 451 2922 σῶσον.
466 2897 495 2904 -
506 2871 554 2919 De
567 2883 615 2918 se:
630 2870 798 2932 aujourd'hui
812 2885 907 2918 encore
921 2887 955 2919 on
966 2874 1035 2921 croit
1049 2890 1099 2935 qne

95 2943 132 2988 les
143 2941 388 2988 bourdonnements
401 2941 432 2987 de
445 2940 554 2987 l'orcille
576 2941 676 3000 gauche
699 2941 839 3002 indiquent
852 2941 929 3002 qn'on
944 2943 984 2990 dit
996 2944 1031 2989 du
1049 2946 1099 2990 mal

96 3004 127 3049 de
142 3017 219 3062 nous,
234 3007 261 3049 et
277 3017 343 3049 ceux
356 3003 388 3048 de
405 3002 514 3049 l'orcille
529 3001 624 3060 dieite,
646 3003 681 3048 du
703 3003 773 3049 bien.
789 3030 818 3038 -
840 3002 1099 3054 Sollicitudinem

97 3063 196 3114 animi
211 3064 408 3125 propitiat:
421 3063 480 3124 ey'us
495 3062 534 3109 rei
547 3076 615 3125 quae
626 3062 775 3110 sollicitum
789 3064 868 3111 habet
878 3064 1007 3123 animum,
1021 3082 1099 3128 pros-

95 3140 188 3188 perum
198 3127 327 3187 procurat
341 3128 472 3172 eventurn.
487 3123 661 3185 Anjourd'hui
671 3140 775 3182 encore,
785 3127 874 3186 quand
889 3141 922 3173 on
939 3131 980 3174 est
995 3129 1100 3175 embar-

96 3187 181 3245 rasse,
204 3202 237 3233 on
260 3202 288 3233 se
314 3190 401 3246 grette
430 3187 546 3232 derniere
570 3184 691 3233 l'orcille.
716 3213 747 3221 -—
769 3188 921 3237 Premere
944 3189 1097 3249 pollices,

96 3250 249 3359 exppppston
269 3249 437 3357 pf'*'**³**}}*¹*⁶
458 3262 526 3356 potup
535 3248 592 3293 dire
603 3263 791 3357 *apprgiswiri'
807 3248 987 3358 Cl.d.tquc'bna3l,¹
1000 3251 1045 3358 lg}
1060 3257 1097 3298 36.

96 3338 121 3346 -·
201 3322 278 3359 oscu
295 3323 355 3358 um.
402 3324 429 3354 sa
439 3324 462 3356 re
499 3323 662 3356 rsancren.
717 3348 722 3357 .
764 3323 819 3356 rure
860 3324 919 3357 e·o
942 3349 947 3368 ,
994 3350 999 3370 ,
1051 3328 1063 3359 s
1092 3327 1098 3370 ς

96 3372 205 3433 Apulee‚
217 3371 340 3434 Apotop.‚
354 3371 373 3418 l.
386 3325 476 3418 Cties
488 3371 655 3431 expressions
667 3385 795 3432 grecques
810 3385 816 3418 z
830 3382 981 3440 προσκυνεῖν,
1000 3330 1099 3439 erltdin

96 3443 181 3504 δεξιὰν.
195 3440 495 3504 -cireumagimus
512 3441 672 3503 :Plutarque
684 3442 707 3488 le
720 3442 760 3489 dit
775 3442 807 3488 de
826 3442 920 3489 Numa.
942 3443 980 3491 Cf.
996 3431 1098 3512 Plauto,

97 3511 232 3570 Curculio,
247 3516 306 3560 acte
318 3516 339 3568 1,
354 3526 390 3558 sc.
407 3515 428 3569 1,
443 3526 503 3558 vers
515 3515 558 3569 693
570 3510 609 3558 les
623 3511 785 3559 Romainsse
799 3513 953 3560 tournaient
966 3515 998 3560 de
1012 3516 1098 3564 droite

96 3575 111 3621 a
133 3575 241 3635 ganoha
265 3574 303 3620 les
327 3572 437 3620 Gaulois
461 3574 493 3620 de
520 3573 620 3633 gauche
638 3573 653 3619 el
669 3574 765 3622 droite.
786 3600 812 3609 -
833 3575 1036 3637 Poppysmis.
1058 3576 1098 3625 On

96 3637 199 3696 croyait
210 3634 287 3696 qu'en
300 3636 397 3682 faisant
409 3635 517 3695 claqner
530 3649 558 3681 sa
568 3635 662 3696 langue
681 3635 754 3696 (chez
771 3650 838 3682 nous
858 3650 892 3682 on
915 3651 942 3683 se
963 3638 1046 3698 signe)
1065 3654 1098 3686 on

96 3698 228 3759 conjurarit
247 3698 272 3743 la
300 3697 402 3744 soudre.
422 3722 453 3731 -·
477 3695 669 3745 Convivium
685 3717 715 3738 =
736 3696 868 3744 convivas.
894 3724 923 3732 -
945 3699 1068 3762 Impari
1092 3717 1097 3748 ε

97 3760 158 3806 chez
169 3773 237 3806 nous
250 3773 283 3805 on
297 3773 312 3805 a
325 3773 391 3819 peur
400 3755 482 3804 d‘ttre
494 3758 573 3804 treize
587 3757 602 3804 al
614 3758 695 3806 table.
709 3785 737 3793 —
754 3759 877 3809 Famae
897 3761 994 3810 labor
1008 3777 1013 3808 :
1036 3762 1099 3810 chez

97 3822 134 3868 tes
155 3821 263 3867 enciens
281 3835 315 3867 on
335 3819 440 3882 croyait
456 3833 507 3882 que
523 3817 663 3866 l*honneur
679 3818 741 3867 d'un
764 3822 810 3868 des
828 3822 955 3870 convixes
980 3823 1046 3872 e'tait
1066 3840 1098 3872 en

518 3952 675 4004 -473-
