2696 4244
278 159 361 216 214.
377 158 448 215 Les
463 157 662 215 Proletarii
682 111 718 214 eb
737 158 793 214 les
810 157 938 226 caprte
958 155 1069 213 oensl.

429 246 477 307 (De
494 245 653 308 proletariis
670 248 694 291 et
712 244 797 307 capite
816 243 921 307 censis.)

114 343 158 405 4ρ
212 342 271 411 Qui
291 342 322 401 in
346 343 435 422 plebe
459 363 586 401 romana
609 342 782 400 tenuissimi
807 340 1056 422 pauperrimique
1079 349 1178 410 erant,

172 460 271 520 neque
296 439 426 520 amplius
456 461 547 520 quam
573 439 655 497 mille
679 438 884 518 quingentum
908 438 976 498 aeris
994 437 1027 496 in
1053 457 1181 496 censum
1342 431 1343 456 ³

172 536 362 610 deferebant,
379 537 555 616 proletarii*
573 536 718 616 appellati
734 544 824 608 sunt3
850 535 902 616 qui
925 556 998 596 vero
1013 535 1110 606 nullo,
1127 539 1182 593 aut

172 653 321 714 perquam
336 655 433 714 parvo
447 655 506 693 aere
522 634 737 706 censebantur,
752 633 852 713 capite
861 632 958 692 censi*
969 632 1180 702 vocabantur3

172 738 328 789 extremus
341 737 444 790 autem
460 752 570 790 census
592 731 692 810 capite
707 751 870 790 censorum
889 730 957 790 aeris
976 729 1037 789 fuit
1052 727 1182 788 trecenti

172 827 366 907 septuaginta
384 828 531 908 quinque.
558 829 618 886 Sed
643 828 789 908 quoniam
813 848 861 886 res
877 827 1069 906 pecuniaque
1093 824 1183 884 lami-

173 925 256 985 liaris
278 924 393 984 obsidis
415 926 514 985 vicem
538 926 735 1006 pignorisque
761 945 826 984 esse
853 925 934 1005 apud
960 923 1182 1003 rempublicam

174 1021 348 1094 videbatur,
365 1023 541 1103 amorisque
556 1022 587 1080 in
603 1023 731 1103 patriam
757 1022 832 1080 fides
846 1023 987 1103 quaedam
1004 1022 1036 1079 in
1052 1024 1107 1080 ea*
1130 1019 1183 1077 fir-

175 1124 428 1198 mamentumque
443 1126 518 1192 erat,
542 1140 642 1199 neque
664 1119 831 1198 proletarii,
860 1140 960 1199 neque
975 1118 1076 1198 capite
1098 1115 1182 1176 censi

175 1215 298 1287 milites,
313 1215 371 1274 nisi
386 1216 417 1274 in
433 1215 587 1276 tumultu*
603 1217 746 1288 maximo,
756 1216 980 1276 scribebantur.
997 1214 1184 1274 Proletario-

174 1333 242 1372 rum
258 1319 362 1374 tamen
377 1313 453 1372 ordo
468 1313 626 1372 honestior
640 1314 798 1393 aliquanto
813 1321 843 1372 et
860 1335 891 1372 re
910 1321 940 1372 et
952 1312 1076 1371 nomine
1090 1331 1183 1391 quam

175 1409 274 1489 capite
294 1430 457 1468 censorum
477 1410 537 1469 luit
553 1428 560 1470 :
578 1431 649 1468 nam
664 1418 695 1469 et
710 1410 826 1491 asperis
841 1410 1018 1490 reipublicae
1036 1409 1182 1487 tempori-

174 1506 243 1578 bus,
253 1525 323 1566 cum
332 1507 508 1587 juventutis
522 1507 625 1586 inopia
642 1515 731 1578 esset,
746 1507 778 1566 in
794 1508 933 1568 militiam
947 1504 1180 1566 tumultuariam

174 1603 367 1681 legebantur,
390 1624 536 1683 armaque
557 1604 593 1662 iis
614 1612 740 1684 sumptu
756 1605 880 1683 publico
906 1603 1137 1683 praebebantur,
1153 1606 1183 1659 et

175 1720 238 1759 non
255 1700 364 1779 capitis
379 1701 535 1772 censione,
562 1702 615 1760 sed
635 1702 827 1780 prosperiore
847 1701 999 1760 vocabulo
1020 1721 1036 1760 a
1056 1718 1183 1758 munere

175 1797 338 1876 officioque
364 1798 478 1877 prolis*
501 1798 628 1856 edendae
650 1798 797 1878 appellati
821 1806 893 1857 sunt
917 1817 924 1858 ε
951 1797 1047 1879 quod,
1064 1817 1133 1856 cum
1151 1815 1184 1852 re

176 1893 318 1953 familiari
334 1915 428 1973 parva
444 1895 546 1954 minus
562 1904 689 1975 possent
703 1895 924 1974 rempublicam
935 1893 1183 1974 juvare,sub0lis

176 1998 278 2050 tamen
305 1992 466 2070 gignendae
500 1993 589 2071 copia
616 1994 773 2051 civilatem
800 1993 1043 2072 frequentarent.
1073 1989 1183 2070 Capite

176 2109 283 2146 censos
302 2096 403 2146 autem
421 2089 538 2168 primus
555 2089 590 2147 C.
609 2089 741 2159 MariuS,
756 2089 836 2148 bello
856 2089 1023 2161 Cimbrico
1040 2087 1183 2147 difficilli-

176 2185 234 2243 mis
262 2185 438 2264 reipublicae
460 2185 663 2266 temporibus
681 2186 730 2245 vel
745 2187 859 2265 potiuS,
882 2195 916 2246 ut
937 2185 1101 2245 Sallustius
1126 2184 1181 2255 ait,

176 2281 257 2340 bello
271 2282 288 2340 J
294 2283 489 2360 ugurthino*‚
502 2283 614 2342 milites
627 2284 783 2363 scripsisse
795 2287 806 2310 *
817 2283 958 2344 traditur.

207 2379 248 2427 Νο
276 2379 343 2428 214
367 2393 372 2427 :
400 2379 587 2439 Proletarii‚
609 2380 718 2442 eapite
741 2379 839 2430 censi.
865 2380 939 2428 Dans
964 2380 991 2428 la
1012 2379 1128 2427 resorme
1151 2378 1184 2426 de

177 2440 286 2488 Servius
294 2441 394 2489 Tellius
407 2443 484 2504 (Voir
495 2457 528 2489 au
543 2443 646 2503 lenique
659 2443 775 2505 classes),
786 2443 824 2490 les
838 2441 992 2504 proletarii,
1010 2441 1183 2497 c'est-a-dire,

176 2517 244 2550 ceux
256 2504 301 2564 qui
323 2501 456 2551 n'avaient
469 2519 516 2565 pas
527 2505 565 2552 les
574 2509 660 2550 11.000
673 2519 702 2551 as
716 2505 804 2565 exiges
816 2519 885 2566 pour
897 2506 922 2551 la
934 2509 957 2551 5⁸
971 2503 1065 2562 classe,
1083 2503 1185 2550 etaient

176 2564 271 2626 ranges
286 2566 301 2612 a
312 2565 337 2613 la
348 2567 416 2613 suite
425 2567 471 2614 des
482 2567 544 2628 cinq
556 2567 664 2622 classes,
674 2567 740 2612 dans
749 2566 787 2613 lcs
796 2567 858 2627 cinq
866 2567 999 2613 centuries
1010 2565 1183 2620 accessoires,

177 2641 242 2674 avec
257 2626 296 2674 les
309 2627 419 2688 [ebriet
430 2629 467 2675 les
478 2627 635 2675 cornicines.
649 2629 687 2674 En
700 2630 753 2687 403,
765 2629 882 2689 pendant
895 2643 924 2676 sa
937 2643 1057 2686 censure,
1073 2626 1184 2674 Camille

176 2688 237 2736 crea
250 2703 302 2736 une
317 2691 426 2737 sixi'eme
439 2690 524 2737 classe
543 2689 686 2752 composee
703 2691 750 2736 (les
765 2690 887 2752 citoyens
902 2691 947 2751 qui
961 2689 1135 2751 posscdaicnt
1147 2704 1183 2734 un

176 2751 276 2811 capital
286 2750 346 2798 d'au
359 2753 445 2798 moins
462 2755 531 2799 loon
542 2767 580 2798 as.
594 2753 617 2797 A
633 2751 656 2797 la
670 2751 706 2797 fin
721 2752 757 2797 du
770 2760 796 2797 v·
810 2751 898 2810 siecle,
912 2753 950 2799 les
965 2751 1122 2813 proletaires
1137 2751 1183 2811 qui

177 2815 225 2860 ont
238 2816 298 2858 1500
313 2828 350 2871 as,
365 2817 392 2860 et
402 2813 460 2874 plus
472 2815 531 2860 tard
541 2818 585 2859 ³75
599 2828 627 2859 as
641 2817 703 2859 sont
714 2814 800 2860 admis
812 2813 827 2859 a
840 2815 896 2860 etre
909 2814 1019 2861 soldats.
1037 2813 1087 2860 Les
1098 2812 1184 2875 capite

177 2873 251 2920 censi
262 2875 338 2935 (ceux
352 2876 396 2935 qui
414 2890 445 2922 ne
459 2876 604 2936 possederit
616 2876 672 2920 rien
686 2890 720 2922 ou
736 2875 831 2935 pende
850 2876 941 2938 chose)
957 2876 1046 2922 lurent
1062 2877 1183 2935 exempts

177 2937 213 2981 du
227 2937 330 2982 service
342 2937 466 2984 militaire
481 2941 508 2984 et
523 2938 555 2984 de
572 2935 677 2998 l'impbt
688 2935 794 2998 jusqu'rl
813 2936 922 2992 Marius,
943 2939 986 2997 qui
1006 2951 1038 2982 cn
1059 2935 1184 2982 enrblant

176 2997 215 3043 lcs
228 3012 352 3058 pauvres,
369 2998 426 3044 lcur
437 2999 525 3046 donna
538 3014 572 3045 un
590 3000 746 3061 gagne-pain
766 3003 793 3046 et
810 3001 895 3046 meme
908 3014 942 3046 un
956 2999 1051 3045 ruetier
1065 2997 1181 3044 lucratis.

176 3084 205 3092 -
226 3059 263 3108 ln
281 3071 343 3108 ea:
367 3057 540 3118 c'cst-al-dire,
560 3075 588 3106 re
602 3060 773 3123 pecuniaque
794 3059 933 3121 fnnriiiari.
956 3086 985 3094 —
1002 3059 1182 3108 Tumultu:

177 3134 270 3181 guerre
286 3121 423 3178 soudaine,
438 3122 470 3167 ob
487 3136 521 3168 on
534 3121 592 3168 lbve
605 3127 667 3170 tous
680 3123 718 3168 les
738 3123 858 3169 hommes
874 3137 905 3170 en
923 3123 979 3169 etat
994 3122 1026 3167 de
1039 3125 1132 3182 porter
1143 3121 1183 3168 les

177 3195 272 3228 armes.
287 3182 322 3229 Ce
338 3187 394 3229 mot
413 3182 583 3253 s'appliquait
598 3184 844 3245 particulierement
854 3199 904 3230 aux
918 3198 1025 3246 guerres
1041 3184 1133 3229 co'ntre
1144 3182 1184 3229 les

178 3242 289 3290 Gaulois
302 3243 447 3300 (tumultus
459 3245 597 3308 palinus).
619 3273 649 3280 —
661 3246 767 3295 Prolis
779 3246 924 3295 edendae
944 3246 1044 3306 (racine
1059 3259 1068 3290 :
1080 3243 1183 3314 proies,

176 3304 367 3414 progeniturep).
387 3331 414 3340 —
436 3306 646 3369 augur-thino.
667 3307 781 3354 Salluste
799 3306 870 3370 (lup.
890 3308 928 3368 86)
948 3320 954 3353 :
971 3327 981 3348 ιι
1001 3305 1059 3368 Ipse
1081 3307 1184 3353 interea

178 3365 277 3412 milites
289 3367 343 3413 scri
364 3382 408 3415 ere
422 3383 475 3416 non
491 3384 563 3417 more
577 3369 711 3430 majorum
726 3382 810 3431 neque
823 3383 854 3415 ec
867 3367 1027 3416 classibus...
1041 3368 1087 3415 sed
1098 3367 1184 3429 capite

177 3441 269 3496 censos
278 3428 425 3492 plerosque
443 3449 464 3477 ι».
481 3430 520 3478 cf.
535 3432 687 3491 Plutarque,
701 3431 766 3478 Mar.
780 3434 802 3476 9.
823 3457 852 3466 -
868 3429 1054 3492 scripsisse.
1075 3428 1146 3477 C'est
1159 3428 1185 3475 le

177 3487 300 3536 dilectus.
315 3490 370 3537 Cha
390 3507 423 3538 ue
438 3493 530 3550 annea,
547 3494 584 3539 les
595 3493 703 3538 consuls
717 3507 750 3540 ou
767 3492 806 3539 les
818 3491 941 3553 preteurs
957 3490 1148 3538 assemblaient
1159 3491 1184 3537 le

177 3550 274 3612 peuple
287 3567 336 3612 par
348 3507 435 3601 tribus
452 3559 479 3601 ct
490 3555 614 3601 laisaient
628 3556 756 3615 apportet·
776 3553 814 3600 les
831 3554 958 3613 registres
973 3552 1070 3600 &tablis
1084 3566 1132 3613 par
1143 3552 1184 3598 les

177 3626 311 3660 censeurs.
325 3615 401 3662 Assis
417 3631 462 3663 sur
475 3616 532 3663 leur
542 3617 631 3662 chaise
646 3617 738 3662 curule
753 3615 785 3662 ils
803 3615 927 3662 laisaient
943 3614 1052 3676 appeler
1068 3613 1182 3676 (citare),

176 3673 215 3720 les
230 3689 306 3722 noms
317 3677 350 3723 de
363 3692 429 3723 ceux
444 3678 488 3738 qui
505 3678 605 3725 etaicnt
617 3677 754 3738 assujettis
765 3692 797 3723 au
814 3678 916 3724 service
932 3676 1055 3723 rnilitaire
1068 3676 1111 3732 (de
1124 3679 1152 3720 17
1168 3676 1184 3722 a

177 3737 206 3781 46
219 3744 286 3793 ans),
302 3740 330 3784 et
342 3753 374 3785 cn
386 3740 535 3786 drcssaient
552 3739 575 3786 la
587 3739 647 3785 liste
664 3738 806 3799 (dilectus).
819 3738 892 3785 Ccux
907 3740 951 3799 qui
964 3752 996 3785 ne
1006 3737 1183 3799 repondaient

177 3811 225 3903 pas
238 3798 252 3843 a
267 3797 362 3859 l'appel
375 3801 407 3846 dc
421 3800 478 3846 lcur
490 3815 552 3847 nom
565 3801 673 3848 avaient
688 3800 758 3847 leurs
773 3801 850 3847 hiens
868 3798 1019 3860 confisques
1032 3813 1067 3846 ou
1083 3798 1183 3845 etaient

197 3861 269 3905 attus
284 3861 431 3922 deverges.

59 3983 232 4046 Δ-ὶι
