2698 4234
361 60 445 118 348.
465 61 519 116 La
532 59 665 117 fourmi
677 61 715 117 et
729 59 769 117 la
782 59 942 116 mouche.
989 60 993 84 ‘

467 243 472 250 .
509 165 641 228 (Formica
654 167 679 214 et
692 165 802 228 musca.)

266 323 406 382 Formica
422 324 434 349 *
446 331 477 383 et
491 345 596 383 musca
611 323 840 383 contendebant
852 323 963 382 acriter

218 475 220 478 .
267 419 363 487 Quae*
377 421 499 500 pluris*
517 425 607 480 esset
626 421 732 480 Musca
745 421 788 479 sic
804 420 900 500 coepit
914 420 996 499 prior
1013 438 1022 482 τ

267 541 282 572 «
298 514 445 577 Conferre
461 503 574 578 nostris
588 526 620 576 tu
634 527 722 598 potes
739 524 768 576 te
784 517 966 576 laudibus*?

267 613 328 672 Ubi
344 615 520 673 immolatur
530 617 553 687 *,
570 623 639 674 exta
651 616 662 639 *
675 622 831 695 praegusto
850 614 961 684 Deum,
1064 605 1066 608 ¹

266 709 374 769 Moror
390 712 563 784 intereras,
579 711 693 790 templa
715 710 869 791 perlustro
887 711 1006 784 omnia;

268 808 303 865 ln
316 808 417 886 capite
431 809 511 886 regis
525 808 627 879 sedec,
643 829 713 867 cum
728 808 829 868 visum
845 815 891 867 est
904 807 991 879 mihi,

268 904 307 963 Et
322 912 531 964 matronarum
547 912 629 963 casta
645 904 750 963 delibo
766 904 904 977 oscula*;

268 1001 386 1060 Laboro
401 1001 495 1075 nihil,
512 1009 604 1081 atque
620 1001 746 1080 optimis
761 1000 852 1060 rebus
864 1001 958 1061 lruor.

273 1097 351 1164 Quid
369 1098 478 1156 horum
495 1099 593 1157 simile
610 1099 665 1157 tibi
679 1098 846 1175 contingit,
860 1098 1022 1157 rusticali

270 1227 308 1238 -—
325 1219 338 1248 «
351 1194 405 1252 Est
417 1194 569 1273 gloriosus
584 1177 657 1253 sane
670 1193 832 1253 convictus
842 1194 953 1265 Deum,

269 1289 329 1348 Sed
344 1290 388 1349 illi
405 1292 458 1370 qui
470 1291 631 1362 invitatur,
647 1312 708 1349 non
720 1291 772 1370 qui
787 1291 924 1349 invisus*
937 1298 992 1350 est.

267 1388 344 1446 Aras
360 1388 556 1466 frequentas!
573 1390 705 1467 nempe*
721 1387 852 1465 abigeris
865 1408 927 1467 quo
938 1389 950 1411 *
964 1387 1062 1446 venis.

271 1483 368 1562 Reges
382 1505 615 1556 commemoras
629 1492 659 1543 et
674 1492 886 1543 matronarum
901 1484 1022 1542 oscula!

225 1577 228 1583 ’
268 1579 386 1659 Super*
403 1581 493 1640 etiam
501 1581 600 1661 jactas
616 1589 718 1660 tegere
732 1581 815 1660 quod
826 1583 838 1606 *
850 1579 942 1639 debet
953 1579 1073 1659 pudor:

269 1676 351 1735 Nihil
370 1677 508 1737 laborasl
526 1678 610 1749 Ideo,
628 1699 697 1736 cum
714 1698 791 1757 opus
808 1683 864 1748 est,
883 1676 927 1734 nil
943 1676 1047 1735 habes,

268 1772 332 1852 Ego
348 1795 475 1852 granum
487 1775 520 1832 in
535 1775 667 1848 hiemem
679 1795 748 1834 cum
764 1774 900 1833 studiose
913 1793 1057 1852 congere,

267 1871 309 1928 Te
323 1871 538 1932 circa'murum
552 1873 635 1951 pasci
648 1872 741 1930 video
760 1877 906 1931 stercore.

267 1967 386 2027 AEstate
409 1989 457 2027 me
468 1968 592 2028 lacessis
610 1989 617 2030 ε
632 1989 702 2028 cum
720 1969 849 2039 bruma*
861 1975 907 2026 est
922 1967 1015 2028 silesl

267 2063 348 2122 Mori
363 2073 553 2125 contractam
573 2087 643 2126 cum
659 2074 689 2125 te
705 2073 820 2145 cogunt
837 2066 962 2143 frigora,

270 2160 321 2220 Me
337 2163 462 2240 copiosa
477 2163 589 2242 recipit
601 2163 787 2222 incolumem
799 2163 920 2220 domus.

268 2257 348 2317 Satis
363 2259 502 2339 prolecto
518 2259 636 2318 rettudi
650 2259 839 2340 superbiam.
860 2283 874 2313 »

269 2353 394 2414 Fabella
406 2355 478 2414 talis
493 2355 653 2415 hominum
667 2356 818 2415 discernit
836 2354 944 2413 notas*

270 2448 384 2508 Eorum
397 2450 451 2529 qui
473 2470 504 2509 se
519 2449 603 2509 falsis
615 2457 728 2508 ornant
742 2449 896 2520 laudibus,

268 2545 308 2604 Et
322 2565 383 2626 quo
389 2566 457 2604 rum
470 2546 570 2606 virtus
588 2545 713 2605 exhibet
727 2545 860 2604 solidum
875 2545 980 2606 decus.

179 2711 221 2762 N⁰
234 2711 301 2764 348
314 2727 321 2762 ε
336 2711 497 2764 Formica.
511 2713 551 2763 Cl.
564 2713 602 2762 La
613 2713 725 2762 Moucbe
735 2714 761 2762 et
775 2712 801 2762 la
809 2711 922 2762 Fourmi
931 2712 965 2760 de
976 2711 1014 2762 La
1026 2711 1157 2761 Fortuinc

122 2802 126 2810 =
147 2773 209 2883 SIV,
223 2774 256 2837 ³).
270 2775 306 2822 La
320 2774 390 2822 fable
403 2775 436 2824 de
449 2775 552 2824 Phedra
568 2777 610 2824 est
620 2775 722 2837 parfois
734 2775 858 2855 delicate³
872 2779 900 2824 et
911 2775 1049 2822 vivement
1064 2773 1156 2822 menda

176 2836 201 2883 la
214 2834 249 2882 fin
264 2849 270 2884 :
284 2837 351 2884 maia
370 2837 421 2884 elle
432 2835 475 2884 n'a
487 2851 537 2899 pas
549 2837 588 2884 les
599 2839 692 2898 greces
710 2836 822 2899 legeres,
841 2836 972 2884 laimable
987 2835 1117 2896 badinage
1130 2838 1157 2884 et

147 2898 189 2960 les
202 2898 371 2959 expressions
381 2897 525 2946 heureuses
534 2899 580 2960 qui
592 2898 732 2946 charment
744 2898 810 2946 dans
823 2899 860 2946 La
872 2899 1011 2946 Fontaine.
1024 2924 1054 2934 -
1066 2896 1157 2957 Quae

147 2978 180 3002 =
197 2960 267 3008 utra.
285 2985 316 2995 -
331 2959 451 3021 Pluris,
470 2961 664 3008 sous-entendu
677 2959 773 3023 prelii.
791 2987 821 2996 —
841 2959 1013 3010 Laudibus
1034 2957 1157 3008 nostris

147 3039 180 3091 ς.
197 3018 265 3067 mibi
288 3019 371 3069 tantis
393 3021 520 3070 laudibus
544 3021 653 3130 dipnae.
671 3022 938 3093 —nlmmolaturhz
961 3021 1043 3069 verbe
1062 3021 1157 3092 neutre

148 3083 516 3216 raurauftntan
527 3083 1157 3216 {creatura{attenuata‚aaa

146 3205 207 3252 leur
219 3205 347 3252 destruant
358 3219 410 3253 une
422 3208 509 3268 partie
521 3206 600 3268 qu'on
612 3206 714 3254 brtllart
725 3220 771 3254 sur
786 3204 894 3266 l'uutel;
909 3221 961 3253 une
977 3208 1055 3253 autre
1071 3207 1157 3266 partie

139 3266 218 3314 'e'tait
239 3266 363 3315 reservee
386 3267 401 3314 a
420 3268 490 3315 celui
511 3268 557 3329 qui
573 3268 646 3316 avait
664 3269 743 3316 offert
759 3267 784 3316 le
803 3267 930 3316 sacrifice.
952 3294 982 3302 —
1004 3267 1127 3316 Oscula
1149 3281 1156 3315 ε

149 3328 291 3376 diminutis
301 3329 334 3376 de
348 3343 385 3389 os,
399 3343 434 3376 va
446 3329 501 3377 tres
514 3329 576 3376 bien
588 3344 654 3379 avec
666 3329 766 3378 delibo.
778 3328 818 3377 Cl.
832 3329 893 3389 Eu,
904 3328 963 3387 XII,
975 3331 1028 3375 434.
1049 3328 1085 3375 Le
1095 3342 1157 3375 vers

148 3392 193 3437 est
208 3389 263 3438 tres
278 3389 327 3451 joli
342 3393 370 3438 et
390 3391 462 3451 plein
484 3391 516 3438 de
538 3390 643 3452 gravit&
664 3391 791 3440 romaine.
816 3390 853 3439 La
869 3391 999 3438 Fontaine
1018 3389 1059 3438 dit
1084 3389 1156 3437 aussi

147 3449 399 3511 inge'nieusement:
414 3468 426 3494 «
442 3452 473 3500 Je
490 3453 617 3502 rehausse
636 3451 699 3500 d‘un
716 3453 785 3502 teint
806 3451 832 3500 la
850 3451 998 3500 blancheur
1016 3451 1156 3511 naturelle,

152 3516 226 3561 etc...
240 3532 251 3555 n
270 3539 302 3548 ——
317 3513 450 3564 Invisus
473 3513 523 3563 fait
539 3529 575 3562 un
588 3514 636 3576 jeu
655 3515 786 3574 demota,
806 3513 907 3576 oppose
931 3515 946 3561 a
966 3512 1106 3561 invitatur.
1125 3540 1157 3550 -

150 3574 231 3623 Nem
257 3586 284 3634 e,
299 3575 472 3638 ironique-
492 3575 607 3637 Quo:
631 3575 693 3624 inde
716 3589 779 3639 qua.
800 3601 833 3611 -
851 3576 963 3685 Super,
981 3575 1106 3623 adverbe.
1126 3601 1157 3611 -

153 3636 228 3697 Quo‘
261 3651 289 3684 se
307 3641 434 3700 rapporte
448 3638 463 3684 a
475 3652 505 3686 ce
518 3638 563 3700 qui
574 3638 635 3686 suit.
655 3637 830 3699 -Bruma‚
847 3636 880 3686 de

236 3733 279 3774 Vto
292 3733 410 3788 Publique
420 3733 457 3776 des
466 3733 583 3777 Romaim.
1050 3733 1077 3774 23

572 3813 732 3867 -351-

917 3636 1055 3686 rarissima
1068 3634 1155 3698 (dies),
