2756 4238
357 163 440 223 295.
462 166 532 222 Sur
551 165 607 224 les
626 166 845 223 honoralres
865 167 930 221 des
951 166 1119 222 avocate.

533 275 580 337 (De
589 275 710 338 praemiis
723 275 948 338 advocatorum*.)

183 428 224 490 3θ
281 427 481 505 Consurgunt
502 437 614 510 patres,
642 429 802 509 legemque
827 429 986 488 Cinciam*
1009 429 1160 506 flagitant,
1180 447 1241 506 qua

241 533 367 583 cavetur
381 526 552 605 antiquitus
567 547 604 584 ne
618 528 697 606 quia,¹
714 527 753 584 ob
768 546 889 585 causam
906 525 1064 598 orandam,
1078 525 1242 604 pecuniam

240 621 397 680 donumve
420 623 562 702 accipiat.
582 622 713 693 Deinde,
735 623 984 702 obstrepentibus
1007 622 1055 680 his
1074 622 1186 701 quibus
1206 642 1241 678 ea

240 718 434 777 comtumelia
457 719 632 800 parabatur,
658 720 761 790 Silius,
791 720 897 778 consul
920 719 1109 796 designatus,
1132 719 1243 776 acriter

240 815 383 873 incubuit
398 817 420 890 ¹¹,
449 825 587 874 veterum
616 825 773 875 oratorum
803 816 942 895 exempla
967 817 1112 886 reterens,
1144 839 1158 868 «
1188 814 1241 893 qui

210 971 212 979 ,
242 933 255 964 «
281 912 415 970 famam*
436 919 467 971 et
494 921 634 991 posteros
661 914 787 992 praemia
809 913 993 992 eloquentiae
1009 912 1240 990 cogitavissent.

241 1033 256 1062 a
281 1008 521 1068 Pulcherrimam
539 1009 677 1090 alioquin
693 1018 725 1068 et
744 1010 892 1068 bonarum
916 1010 1028 1068 artium
1050 1009 1241 1088 principem*

242 1129 255 1158 «
281 1105 412 1163 sordidis
433 1107 613 1165 ministeriis
628 1107 756 1180 sinderi,
774 1128 811 1165 ne
826 1107 918 1164 fidem
928 1109 939 1130 *
954 1106 1079 1186 quidem
1092 1106 1240 1183 integram

242 1226 256 1255 a
281 1222 415 1274 manere,
434 1203 485 1260 ubi
499 1203 680 1280 magnitudo
696 1212 869 1284 quaestuum
884 1211 1057 1283 spectetur;
1074 1201 1157 1282 quod
1173 1201 1197 1259 si
1211 1201 1240 1258 in

242 1323 257 1353 (ι
283 1299 398 1358 nullius
422 1300 592 1358 mercedem
617 1301 740 1378 negotia
763 1302 863 1372 eant*,
883 1301 1029 1380 pauciora
1051 1301 1136 1370 sore;
1160 1318 1241 1356 nunc

242 1421 257 1450 a
281 1396 469 1468 inimicitias,
496 1398 718 1464 accusationes,
749 1398 820 1456 odia
845 1405 875 1455 et
904 1397 1032 1476 injurias
1060 1396 1169 1464 foveri,
1197 1402 1241 1466 ut,

243 1517 257 1547 «
282 1493 438 1572 quomodo
449 1494 496 1550 vis
507 1494 684 1552 morborum
696 1495 793 1574 pretia
808 1494 1013 1564 medentibus,
1028 1494 1072 1550 sic
1081 1493 1144 1556 ,lori
1157 1492 1244 1551 tabes

245 1614 260 1644 (ι
285 1591 448 1669 pecuniam
474 1591 633 1649 advocatis
658 1591 737 1649 ierat
761 1590 1000 1651 :meminissent
1021 1590 1056 1650 C.
1080 1589 1197 1648 Asinii*
1214 1595 1244 1646 et

244 1711 259 1742 a
284 1686 460 1758 blessallae*,
485 1707 520 1745 ac
541 1688 747 1746 recentiorum
768 1687 928 1746 Arruntii*
944 1697 975 1745 et
992 1687 1168 1746 AEsernini*
1183 1703 1190 1746 :
1206 1684 1245 1744 ad

242 1809 257 1839 a
284 1805 402 1842 summa
419 1786 607 1863 provectos*
622 1785 801 1864 incorrupta
817 1785 881 1842 vita
899 1791 929 1842 et
944 1783 1099 1843 facundia.
1115 1809 1129 1839 »
1155 1783 1246 1844 Post-

242 1902 334 1960 quam
350 1882 456 1950 multa,
480 1883 533 1938 ut*
552 1881 655 1939 minus
674 1881 796 1952 decora,
814 1882 877 1940 ita*
898 1880 980 1938 haud
1003 1881 1115 1938 frustra
1137 1887 1246 1938 contra

242 1999 308 2036 eam
335 1978 520 2037 sententiam
547 1977 627 2036 dicta
653 1986 736 2048 sunt,
757 1978 905 2036 Claudius
927 1978 1085 2056 capiendis
1107 1976 1246 2055 pecuniis

242 2075 347 2154 posuit
360 2073 484 2138 medum
500 2074 646 2153 usquead
658 2074 755 2133 dena*
772 2074 922 2147 sestertia,
935 2095 1025 2154 quem
1037 2074 1150 2152 egressi
1160 2093 1247 2152 repe·

242 2170 430 2228 tundarum*
446 2177 625 2230 tenerentur
634 2172 656 2230 *.

273 2346 315 2396 N⁰
328 2347 394 2398 295
408 2361 413 2393 :
426 2345 681 2397 Advocatorum.
691 2349 714 2394 A
723 2348 850 2408 l'origine,
860 2348 898 2395 les
909 2346 1030 2394 advocati
1038 2349 1099 2394 sont
1112 2347 1159 2393 des
1166 2346 1248 2407 juris-

242 2409 379 2456 consultes
396 2410 429 2455 de
475 2409 605 2456 rolession
625 2413 668 2470 lou
688 2410 858 2470 simplcment
872 2410 919 2456 des
936 2410 1058 2469 citoyens
1076 2407 1247 2470 honorables)

243 2470 288 2531 qui
307 2471 434 2517 assistent
456 2425 483 2518 lc
502 2471 637 2532 plaideur;
654 2471 686 2516 ils
705 2471 829 2517 ditl'ercnt
848 2472 894 2518 dcs
913 2474 1042 2530 orateurs,
1062 2469 1192 2524 causidici
1213 2484 1248 2516 ou

240 2531 359 2594 patroni,
376 2533 421 2592 qui
438 2533 558 2594 plaident
573 2547 641 2593 pour
655 2533 700 2578 lui.
719 2531 786 2579 Sous
800 2531 931 2593 l'Empire,
950 2533 983 2579 ou
996 2532 1034 2578 lcs
1052 2535 1172 2579 orateurs
1186 2534 1249 2578 sont

243 2595 290 2640 des
303 2594 517 2652 jurisconsultes,
535 2595 559 2640 la
578 2594 735 2640 distinction
746 2596 820 2640 entre
835 2592 946 2656 patroni
959 2596 986 2639 et
1000 2593 1122 2640 aduocati
1133 2591 1247 2640 s’ell'ace.

244 2656 283 2703 Cf.
297 2655 397 2712 Tacite,
412 2655 490 2712 Diei,
505 2660 526 2702 1.
543 2682 572 2690 -
589 2654 743 2704 Cinciam.
763 2655 798 2702 La
814 2657 849 2701 loi
864 2655 954 2702 Cincin
967 2655 1008 2716 (de
1026 2654 1103 2702 donis
1115 2656 1141 2701 et
1155 2669 1249 2701 mune-

243 2717 330 2779 ribus)
344 2718 384 2764 fut
400 2717 532 2778 proposde
545 2731 576 2762 en
595 2720 639 2762 204
655 2731 704 2778 par
720 2717 744 2762 le
762 2717 851 2763 tribun
868 2716 974 2763 Cincius
987 2717 1137 2762 Alimentus
1150 2720 1177 2763 et
1189 2730 1249 2762 sou·

244 2783 323 2826 tenue
336 2794 384 2840 par
395 2779 492 2825 Fabius
505 2778 686 2825 Maximus-
699 2778 852 2827 Incubuit
863 2798 893 2820 -:.
907 2777 1013 2824 institit.
1027 2805 1057 2812 -
1066 2779 1202 2827 Famam
1215 2780 1250 2827 et

242 2842 402 2902 posteros.
416 2841 435 2885 ll
448 2840 490 2901 n’y
502 2854 516 2885 a
527 2854 575 2899 pas
588 2840 735 2900 hendiadys
749 2855 754 2886 :
767 2838 915 2899 famamest
925 2854 992 2900 pour
1002 2840 1025 2886 le
1036 2839 1153 2901 pre'sent,
1163 2841 1250 2901 poste-

245 2917 289 2949 ros
300 2901 492 2963 pourl'avenir,
502 2927 531 2935 -
542 2900 735 2962 Principem.
748 2901 787 2948 Cf.
800 2902 872 2960 Tuo,
884 2900 963 2960 Dial,
976 2906 1004 2946 32
1015 2916 1020 2948 :
1031 2921 1042 2943 «
1056 2900 1248 2962 eloquentiam,

243 2976 305 3025 quae
322 2963 387 3010 olim
406 2961 526 3009 omnium
538 2962 638 3008 artium
658 2961 774 3019 domina,
790 2962 975 3024 pulcherrimo
992 2962 1119 3009 comitatu
1141 2964 1250 3024 pectora

245 3024 373 3086 implebat
392 3044 412 3071 u.
431 3051 460 3058 -
479 3023 600 3080 Fidem,
620 3025 684 3070 c'est
703 3025 726 3070 la
746 3024 854 3086 loyaute
871 3024 918 3070 des
934 3027 1052 3072 avocats.
1066 3025 1193 3073 -Eant
1205 3023 1248 3078 ln,

244 3087 351 3134 aboutir
361 3087 384 3139 al,
395 3089 504 3133 tourner
512 3085 534 3132 ὲ.
543 3112 574 3120 -
582 3084 689 3134 Asinii
700 3086 819 3147 (Asinius
831 3086 942 3146 Pollion)
952 3087 984 3134 ct
992 3085 1160 3135 Messallae
1171 3085 1251 3142 (Mes-

243 3149 309 3196 salla
332 3147 481 3208 Corvinus),
504 3150 563 3193 tous
581 3147 651 3193 deux
668 3147 701 3193 de
718 3145 838 3208 l'e'poque
860 3146 1014 3206 d'Auguste,
1025 3151 1052 3194 ct
1072 3148 1110 3194 les
1131 3148 1250 3194 derniers

244 3209 444 3270 repro'sentants
464 3209 528 3268 (tres
549 3207 671 3254 brillants
690 3211 794 3269 encore)
815 3209 847 3255 de
869 3205 927 3256 l'elo
948 3223 1030 3255 uence
1054 3208 1250 3256 ciceronienner

244 3299 276 3306 -
285 3270 446 3326 Arruntii,
463 3271 591 3316 liistorien
605 3272 631 3316 et
642 3272 757 3326 orateur,
772 3271 879 3316 victime
892 3270 924 3316 de
955 3270 1022 3329 dian.
1038 3297 1064 3304 -
1077 3269 1249 3327 AEscrnini,

246 3333 366 3394 petit-fils
377 3331 513 3379 d'Asinius
527 3331 638 3378 Pollion.
657 3358 687 3366 -
702 3331 890 3389 Provectos,
906 3331 1010 3392 dc'pond
1028 3333 1060 3378 de
1079 3332 1207 3392 referens.
1221 3358 1252 3366 -—

247 3396 319 3444 Ut...
339 3395 389 3444 ita
409 3414 439 3436 =
463 3408 525 3440 sans
545 3393 655 3440 doute...
679 3393 713 3438 du
736 3395 830 3440 moins.
855 3420 884 3427 —
908 3393 1010 3450 Dona,
1036 3394 1081 3440 dix
1102 3394 1173 3440 mille
1197 3408 1252 3440 scs-

247 3460 340 3511 terces,
368 3457 477 3503 environ
501 3458 560 3500 1948
581 3455 676 3501 francs.
698 3481 728 3488 -
749 3455 1029 3516 Repetundanum,
1056 3455 1251 3501 sous-entendu

246 3517 376 3564 crimine:
395 3517 554 3564 concussion
573 3530 606 3562 au
626 3516 761 3576 prc'Judicc
781 3517 827 3562 des
848 3517 1014 3576 particuliers
1032 3517 1064 3575 (le
1083 3516 1199 3578 [adnutat.
1217 3531 1252 3563 au

246 3579 381 3639 prc'judice
398 3580 431 3625 de
449 3577 546 3638 l'Etat).
564 3577 636 3624 Dans
653 3577 691 3622 lcs
708 3579 801 3638 proces
817 3579 849 3624 rlc
866 3579 1083 3639 repetundarum,
1102 3579 1125 3624 lc
1144 3578 1254 3640 prdteur

246 3655 280 3685 ou
293 3641 316 3685 le
328 3640 404 3687 senat
416 3640 580 3686 nommaient
591 3639 638 3684 dcs
651 3639 852 3699 rc'cupc'rateurs
868 3639 1089 3700 (reciperatorem,
1099 3641 1142 3700 qui
1156 3639 1253 3701 appre-

245 3700 1250 3760 cmmnfflavmffludesmdammmnsfflffieoecommlamam,mimamm

246 3763 270 3808 le
281 3763 373 3809 chill’re
384 3763 416 3808 de
426 3760 556 3808 l'umende
569 3776 603 3808 ou
614 3762 660 3807 des
671 3763 848 3809 restitutions.
857 3789 886 3796 -
897 3763 1098 3812 Tenerentur
1107 3776 1253 3810 :accusa-

248 3826 351 3871 rentur.

669 3921 823 3970 *(298-
