2658 4244
460 181 519 236 45.
540 179 732 248 rriompne
748 180 792 235 de
806 179 963 246 Scipion.

415 276 462 340 (De
478 274 643 339 Cartbagine
656 273 825 336 triumphum
835 273 892 337 apit
905 272 1016 336 Scipio.)

159 389 199 454 2⁰
273 389 413 450 Mansuri
427 410 554 469 compos
565 389 684 447 decoris
697 410 752 468 per
763 388 893 447 saecula*
905 369 1008 447 rector
1016 388 1039 460 *,

274 487 410 546 Devictae
423 487 559 546 reserens
578 486 715 565 primus*
730 485 914 562 cognomina
931 493 1032 559 terrae,

273 584 405 642 Securus
419 583 562 663 sceptri*,
576 583 689 661 repetit
701 603 755 661 per
768 582 878 639 caerula
894 582 1035 654 Romam,

276 681 312 738 Et
327 681 426 759 patria
438 679 619 738 invehitur*
634 678 758 737 sublimi
773 686 853 736 tecta
870 678 1057 758 triumph0*.

218 834 231 843 „
273 781 353 835 Ante
368 777 522 856 Syphax*,
538 776 651 833 leretro
667 775 815 846 residens,
832 775 954 854 captiva
971 775 1130 854 premebat

272 874 402 932 Lumina
415 882 446 931 et
460 880 574 932 auratae
592 872 758 930 servabant
769 872 847 930 colla
863 879 992 932 catenae.

220 1043 226 1060 r
274 971 333 1028 llic
350 971 494 1041 Hannon,
512 969 669 1048 clarique*
682 986 778 1046 genus
789 971 801 992 *
817 969 978 1028 Phoenissa
990 970 1132 1048 juventa,

223 1115 224 1120 ,
274 1067 312 1124 Et
325 1067 480 1125 Macetum
495 1066 597 1145 primi,
615 1074 707 1146 atque
719 1066 833 1124 incocti
849 1087 980 1145 corpora
994 1065 1107 1136 Mauri,

272 1165 349 1222 Tum
367 1163 530 1234 Nomades,
548 1169 701 1241 notusque
717 1183 815 1232 sacre,
831 1183 900 1220 cum
917 1162 1027 1220 lustrat
1039 1182 1159 1233 arenas,

221 1321 223 1338 ὲ
275 1261 439 1319 Hammoni
451 1261 610 1325 Garamas,
626 1267 656 1318 ct
669 1279 789 1338 semper
804 1259 952 1336 naufraga
968 1258 1067 1338 Syrtis
1077 1258 1100 1318 *.

273 1357 346 1415 Mox
362 1357 458 1414 victas
473 1357 602 1414 tendens
618 1355 792 1433 Carthago*
813 1355 850 1413 ad
864 1355 963 1414 sidera
978 1356 1096 1436 palmas

224 1525 227 1532 .
274 1455 350 1525 lbat,
369 1462 398 1512 et
414 1454 532 1531 efligies
550 1474 611 1512 orae
622 1453 685 1532 jam
704 1453 780 1512 lenis
803 1453 936 1521 Hiberae,

272 1552 434 1609 Terrarum
449 1551 517 1608 linis
532 1550 645 1617 Gades
664 1570 698 1607 ac
710 1549 853 1608 laudibus
870 1550 943 1607 olim

272 1648 435 1706 Terminus
454 1647 615 1705 Herculeis
630 1646 737 1726 Calpe,
754 1646 909 1725 Baetisque
928 1645 1030 1704 lavare

274 1745 353 1802 Solis
367 1765 462 1822 equos
475 1743 557 1802 dulci
571 1753 736 1802 consuetus
752 1743 887 1802 fluminis
900 1742 999 1812 unda;

275 1840 528 1918 Frondosumque
545 1840 662 1919 apicem
677 1840 821 1918 subigens
835 1841 872 1899 ad
891 1840 991 1898 sidera
1004 1848 1103 1898 mater

275 1938 431 1996 Bellorum
445 1937 506 1994 iera
528 1937 656 2015 Pyrene,
675 1958 730 1995 nec
746 1938 829 1996 mitis
849 1937 993 2010 Hiberna,

274 2036 352 2092 Cum
370 2033 460 2092 simul
475 2033 567 2091 illidit
583 2042 691 2113 ponto,
708 2054 785 2113 quos
800 2033 915 2104 attulit,
934 2035 1070 2093 amnes‘.

273 2131 332 2189 Sed
347 2152 408 2188 non
425 2129 485 2188 ulla
500 2131 596 2208 magis
614 2139 792 2209 mentesque
809 2131 977 2209 oculosque
997 2130 1119 2194 tenebat

274 2228 371 2295 Quam
385 2227 450 2284 visa
467 2226 650 2284 Hannibalis
666 2227 800 2305 campis*
818 2226 964 2305 fugientis
982 2227 1094 2303 imago.

276 2326 344 2404 lpse
357 2326 379 2396 *,
395 2324 518 2381 adstans
534 2344 637 2392 curru,
653 2330 745 2401 atque
763 2344 838 2380 auro
853 2323 1016 2382 decoratus
1032 2330 1063 2381 et
1077 2329 1172 2392 ostr0,

274 2421 386 2480 Martia
402 2420 559 2498 praebebat
574 2419 741 2498 spectanda
757 2419 927 2485 Quiritibus
941 2440 1005 2479 ora.

219 2609 223 2616 Ι
245 2545 285 2594 N⁰
298 2543 342 2593 45
363 2555 369 2590 τ
390 2542 453 2591 Per
472 2543 605 2616 saecula,
625 2557 653 2590 se
675 2542 831 2604 rapportca
848 2541 979 2590 mansuri.
992 2567 1037 2613 .“.
1051 2541 1226 2612 Mem?

214 2601 1223 2736 attrabatattttxlttallt?litttxtmlttltt‘tttadtttlt

214 2757 243 2766 -
256 2727 396 2802 sceptri,
409 2728 428 2774 il
442 2725 518 2787 s’agrt
530 2728 563 2774 de
576 2727 602 2774 la
622 2729 789 2775 dommatron
811 2728 844 2774 de
868 2728 951 2775 Rome
973 2741 1019 2774 sur
1041 2726 1180 2800 Carthage.
1195 2751 1224 2758 -

213 2791 395 2848 Inveh1tur‚
410 2789 479 2836 suivi
492 2787 684 2838 del’accusatii
695 2803 701 2836 ε
716 2791 901 2837 construction
912 2789 1048 2850 poetique.
1060 2814 1087 2823 -
1096 2787 1224 2836 Trium-

214 2854 286 2914 pho.
300 2852 409 2899 Voirce
423 2850 651 2912 motaulexique.
670 2877 699 2885 —
720 2850 741 2900 S
766 2851 866 2912 phax.
890 2851 1003 2898 Suivant
1027 2850 1130 2912 Polybe
1153 2848 1223 2900 XVI,

214 2919 258 2974 2³3
272 2914 388 2976 Appien,
403 2912 464 2959 Rer.
476 2911 544 2958 Pun.
559 2916 603 2969 283
617 2911 714 2960 Valere
728 2864 853 2972 bliaxime,
869 2912 917 2969 Vl,
933 2917 954 2970 2,
970 2911 1080 2974 Syphax
1093 2911 1134 2958 lut
1147 2909 1224 2957 mend

214 2991 246 3024 en
261 2975 407 3035 triomphe;
422 2973 488 3021 mais
502 2973 639 3020 Tite-Live
659 2973 743 3028 XXX,
763 2976 801 3027 45,
823 2975 863 3020 dit
888 2973 951 3035 qu'il
974 2975 1082 3021 mourut
1104 2973 1119 3020 d
1141 2971 1226 3018 Tibur

234 3037 328 3097 uelque
342 3040 430 3098 temps
444 3038 526 3083 avant
539 3035 563 3081 le
575 3035 709 3096 triomphe
724 3036 755 3081 de
770 3035 886 3096 Scipion.
900 3062 929 3069 -
943 3034 1041 3092 Glari,
1056 3048 1084 3081 se
1098 3034 1226 3095 rapporte

214 3054 232 3146 Ι
238 3099 353 3161 juventa
365 3097 507 3160 (juvenes).
526 3123 556 3131 -
573 3096 691 3154 Genus,
710 3097 843 3143 accusatis
858 3095 1048 3144 determinabit.
1060 3121 1092 3130 -
1105 3093 1224 3157 Syrtis,

215 3175 318 3208 comme
330 3161 391 3221 plus
403 3160 451 3206 bas
462 3158 567 3221 Pyrene
580 3171 585 3208 :
599 3158 624 3204 le
633 3172 701 3220 pays
711 3173 779 3219 pour
791 3158 829 3204 les
838 3158 985 3206 habitants.
997 3165 1026 3192 —‘
1040 3155 1224 3220 Carthago:

215 3223 233 3269 il
247 3221 332 3283 s'agit,
346 3222 412 3268 dans
425 3223 486 3268 tout
498 3220 522 3266 le
538 3234 650 3281 passage
667 3221 783 3276 suivant,
798 3221 845 3266 des
865 3223 968 3267 statues
986 3218 1162 3281 allegoriques
1177 3218 1225 3264 des

215 3283 293 3331 villes
306 3284 432 3330 vaincues
446 3296 497 3343 que
510 3280 548 3329 les
562 3281 772 3343 triomphateurs
785 3281 915 3329 laisaient
934 3282 1035 3329 tralucr
1054 3281 1155 3330 devant
1167 3279 1226 3326 leur

215 3346 289 3393 char.
303 3344 342 3393 (ΖΙ.
357 3344 452 3401 Ovide,
470 3342 551 3392 Trist.
566 3342 612 3402 IV,
627 3348 640 3389 2
655 3356 661 3391 :

385 3421 511 3470 Crinibus
524 3436 556 3468 en
569 3422 650 3470 etiam
663 3422 748 3468 fertur
759 3420 901 3469 Germania
913 3422 1009 3484 passis,

431 3484 465 3530 Et
477 3483 553 3530 ducis
564 3483 658 3531 invicti
672 3484 722 3530 sub
735 3484 802 3544 pede
817 3486 917 3532 maesta
928 3485 1013 3532 sedet.

249 3545 288 3594 Cf.
302 3544 374 3592 aussi
388 3544 525 3603 Claudien,
536 3544 658 3603 Stilicon,
673 3544 721 3602 ΙΙΙ,
733 3545 839 3606 preiace
854 3560 859 3593 ε

387 3606 453 3654 Cum
463 3605 535 3666 longi
549 3606 661 3668 Libyam
673 3607 782 3653 tandem
795 3611 857 3669 post
867 3606 960 3654 lunera
972 3605 1036 3654 belli

433 3670 504 3714 Ante
517 3681 579 3714 suas
590 3673 720 3716 maestam
734 3671 842 3730 cogeret
854 3669 892 3715 ire
905 3671 987 3716 rotas

218 3765 251 3776 -—
262 3738 383 3790 Amnes
394 3739 526 3802 (T.-Lire)
538 3741 622 3800 xxx,
636 3747 675 3798 aa,
687 3741 725 3788 les
738 3742 865 3788 affluents
877 3743 910 3788 de
922 3743 1019 3792 l'Ebre.
1032 3767 1065 3778 -
1075 3742 1226 3806 Campis:

221 3827 299 3890 apres
311 3829 398 3875 Zama.
414 3829 480 3875 Voir
492 3828 641 3875 Tite-Live.
654 3855 686 3862 -
697 3829 786 3889 Ipse:
801 3828 918 3888 Scipion.

664 3918 804 3969 ..46-
