2658 4244
94 105 166 162 126.
188 76 423 175 L'einpereur
437 107 604 164 Hadrian
618 111 835 178 protecteur
854 111 920 166 des
939 110 1084 172 lettres.

196 201 322 263 (Litteras
334 201 522 267 litteratosque
532 202 604 264 fovet
616 204 787 252 Hadrianus*
802 204 968 268 imperator.)

126 315 227 374 Famae
238 317 436 376 celebristam
446 319 578 398 cupidus
589 319 658 390 fuit,
673 327 707 378 ut
721 319 815 378 libros
828 320 899 378 vitae
911 340 975 378 suae
991 319 1088 398 scrip·
1103 317 1144 380 3θ

101 432 160 472 osa
177 433 209 471 se
227 413 345 472 libertis
360 416 423 473 suis
445 415 587 474 litteratis
610 417 738 487 dederit,
763 417 876 497 jubens
896 425 931 475 ut
949 436 1002 474 eos
1024 416 1088 474 suis

89 510 260 569 nominibus
277 512 500 590 publicarent*.
518 514 643 572 Amavit
656 535 752 592 genus
774 513 896 572 dicendi
917 520 1086 584 vetustum,

88 609 308 666 controversias
334 609 528 669 declamavit.
567 610 716 670 Catonem
759 610 913 682 Ciceroni,
954 609 1087 668 Ennium

25 751 26 774 ,
88 702 218 780 Vergilio
248 705 413 783 praetufit*.
442 707 618 787 Eademque
631 707 802 787 jactatione
830 707 867 764 de
894 707 1028 765 Homero
1053 726 1088 764 ae

88 799 209 858 Platone
221 801 386 880 judicavit.
407 803 600 862 Professores
622 804 760 862 omnium
780 804 893 862 artium
915 823 1034 880 semper
1053 810 1088 860 ut

88 895 201 956 doctior
226 899 303 970 risit,
325 901 522 979 contempsit,
549 901 689 960 obtrivit.
708 900 786 960 Cum
806 899 853 957 his
872 899 950 978 ipsis
972 898 1087 978 profes-

87 994 211 1065 soribuS,
225 995 311 1054 libris
327 995 376 1054 vel
388 997 576 1055 carminibus
588 998 720 1055 invicem
732 983 833 1068 editis,
850 1017 933 1076 saepe
944 996 1085 1054 certavit.

26 1117 27 1164 ᾗ
89 1089 122 1148 Et
147 1091 342 1150 Favorinus*
370 1093 507 1172 quidem,
529 1115 598 1153 cum
625 1095 752 1152 verbum
777 1095 844 1174 ejus
866 1093 1022 1165 quoddam
1048 1091 1087 1150 ab

26 1213 27 1236 i
89 1187 241 1248 Hadriano
253 1189 474 1269 reprehensum
491 1200 581 1263 esset,
597 1200 688 1270 atque
711 1191 762 1249 ille
782 1191 934 1260 cessisset,
956 1209 1088 1266 arguen-

26 1351 27 1356 .
87 1284 161 1344 tibus
177 1286 283 1344 amieis
300 1287 383 1366 quod
399 1287 477 1346 male
493 1289 615 1346 cederet
633 1288 801 1357 Hadriano,
827 1287 865 1345 de
886 1286 982 1345 verbo
1003 1284 1087 1366 quod

87 1381 184 1440 idonei
200 1389 343 1442 auctores
361 1393 570 1463 usurpassem,
588 1385 683 1443 risum
698 1384 959 1464 jucundissimum
977 1383 1084 1440 movit.

88 1479 136 1536 Ait
150 1479 231 1538 enim
250 1504 264 1536 «
279 1501 342 1539 non
369 1490 451 1540 recte
474 1482 621 1553 suadetiS,
648 1482 824 1552 familiares,
846 1481 898 1560 qui
923 1500 984 1538 non
1007 1480 1087 1558 pati-

86 1577 218 1635 minime
241 1577 327 1636 illum
344 1577 514 1636 doctiorem
531 1578 675 1637 omnibus
700 1578 823 1636 credere
849 1577 901 1657 qui
923 1576 1016 1635 habet
1033 1576 1087 1634 tri·

85 1672 163 1748 ginta
182 1674 319 1752 legiones
346 1699 373 1734 ».
401 1675 461 1733 Sed
487 1676 628 1754 quamvis
659 1683 740 1734 esset
766 1676 797 1732 in
827 1673 1087 1754 reprehendendis

25 1825 26 1828 ,
68 1760 215 1841 musicis,
233 1771 370 1850 tragicis,
387 1772 525 1844 comicis,
543 1772 763 1852 grammaticis,
781 1771 967 1844 rhetoribus,
985 1778 1086 1829 orato-

25 1871 26 1884 *
85 1867 163 1925 ribus
177 1867 287 1940 facilis,
305 1875 526 1927 tamenomnes
538 1870 727 1948 professores
740 1877 771 1928 et
783 1868 949 1926 honoravit
962 1874 992 1925 et
1007 1867 1087 1924 divi-

85 1970 124 2021 tes
147 1964 232 2033 fccit,
262 1965 335 2023 licet
359 1986 411 2024 eos
439 1966 664 2045 quaestionibus
692 1955 812 2045 semper
846 1964 1019 2042 agitaverit.
1050 1965 1085 2021 ln

85 2080 197 2119 summa
219 2061 429 2121 familiaritate
453 2063 648 2142 Epictetum*
670 2070 700 2121 et
724 2061 925 2121 Heliodorum
948 2061 1085 2140 philoso-

85 2157 166 2234 phos,
185 2166 216 2216 et
230 2161 460 2236 grammaticos,
477 2159 627 2230 rhetores
648 2160 793 2230 musicos,
818 2166 1000 2236 geometras,
1020 2158 1086 2236 pic-

83 2262 170 2327 tores,
186 2255 357 2334 astrologos
373 2255 503 2314 habuit*
522 2275 527 2316 :
546 2278 608 2335 prae
626 2257 737 2316 ceteris
752 2257 907 2314 eminente
919 2255 941 2312 F
943 2255 1082 2314 avorin0.

82 2351 226 2410 Doctores
242 2353 295 2432 qui
310 2352 493 2431 professioni
510 2374 572 2412 suae
589 2353 741 2411 inhabiles
756 2351 953 2425 videbantur,
970 2351 1085 2410 ditatos

82 2447 309 2527 honoratosque
327 2471 343 2508 a
359 2450 551 2528 professione
565 2450 714 2510 dimisit*.

105 2615 145 2664 N⁰
162 2615 226 2665 126
242 2629 250 2664 z
266 2614 460 2666 Hadrianus
472 2617 601 2678 (tit-138).
617 2637 627 2660 u
642 2615 737 2671 Quand
749 2617 773 2663 la
787 2617 869 2677 gloire
882 2617 928 2663 des
939 2616 1044 2677 princes
1055 2629 1084 2662 se

78 2691 209 2724 mesurera
223 2692 256 2724 au
269 2677 392 2724 bonheur
404 2677 480 2739 qu'ils
494 2682 541 2725 ont
553 2678 641 2725 donne
654 2680 668 2726 a
681 2680 751 2725 leurs
762 2679 882 2740 peuples,
895 2677 1013 2725 Hadrien
1024 2690 1084 2724 sera

77 2737 97 2784 fe
111 2741 228 2800 premier
243 2739 289 2786 des
303 2753 456 2800 empereurs
467 2741 584 2786 romains
600 2760 620 2800 n,
637 2741 677 2787 dit
689 2741 784 2801 Duruy
798 2739 876 2800 (trist.
891 2739 936 2786 des
949 2739 1033 2798 Rom,
1048 2737 1082 2800 V,

77 2803 138 2860 148).
162 2827 195 2834 -
218 2799 443 2850 Publicarent.
467 2802 505 2848 Cf.
529 2802 665 2848 Richelieu
685 2807 834 2863 proposant
858 2803 872 2848 a
897 2801 1027 2848 Corneille
1049 2800 1083 2847 de

76 2863 163 2923 signer
175 2862 199 2908 le
215 2862 272 2909 Cid.
287 2889 316 2896 -
330 2862 491 2913 Praetulit.
505 2864 525 2910 ll
539 2866 614 2924 yeut
624 2865 639 2910 a
651 2863 676 2910 la
691 2864 726 2910 fin
740 2865 775 2910 du
789 2871 815 2908 rt
828 2864 907 2910 siecle
921 2863 999 2970 apres
1010 2860 1082 2910 J.-C.

76 2938 124 2970 une
138 2925 256 2970 violente
271 2923 390 2970 riuction
403 2927 495 2972 contre
509 2925 620 2972 Cice'ron
632 2929 658 2970 et
670 2940 702 2970 en
716 2925 821 2986 general
834 2929 926 2972 contre
949 2939 964 2970 a
978 2922 1083 2971 litte'ra-

76 2988 130 3032 ture
144 2987 182 3032 du
198 2985 278 3032 siecle
292 2983 448 3046 d'Auguste.
466 2986 507 3034 On
525 3001 552 3033 se
568 2987 598 3033 fit
611 2987 754 3048 archalque
767 3002 816 3048 par
828 2987 1012 3048 denigrement
1026 2999 1031 3031 :
1048 2986 1082 3032 de

75 3051 157 3094 meme
180 3062 230 3094 nos
252 3049 437 3108 romantiques
458 3049 592 3095 imitaient
613 3048 735 3095 Ronsard
756 3052 783 3096 et
803 3049 828 3096 le
848 3049 946 3110 Moyen
963 3050 1028 3108 Age.
1050 3072 1082 3082 -

75 3107 269 3169 Favorinus,
288 3109 418 3170 sophista,
436 3110 488 3157 ami
506 3110 538 3156 de
561 3110 715 3170 Plutarque,
731 3137 760 3144 -
782 3109 978 3172 Epictetum,
997 3107 1082 3170 philo-

75 3173 154 3232 sophe
174 3171 299 3227 stoicien,
315 3171 382 3217 exile
396 3172 429 3217 de
443 3170 527 3218 Rome
539 3186 588 3232 par
600 3171 745 3219 Domitien.
761 3171 815 3219 Son
831 3172 943 3232 disciple
957 3171 1053 3217 Arrien
1066 3185 1082 3218 a

75 3232 171 3294 redige,
185 3231 291 3292 d'apr'es
306 3246 348 3279 ses
361 3231 444 3292 iddes,
458 3233 482 3279 le
496 3234 602 3279 fameux
615 3233 731 3294 Mannel,
744 3235 778 3280 ou
789 3248 817 3280 se
833 3234 960 3280 trouvent
975 3235 1034 3279 tant
1047 3231 1081 3278 de

75 3295 165 3342 nobles
183 3292 307 3372 pensees.
324 3320 354 3328 —-
371 3293 506 3344 Habuit.
525 3294 574 3342 Ces
595 3298 672 3355 gohts
690 3296 713 3342 si
730 3296 820 3342 divers
836 3295 953 3342 e'clatent
970 3295 1036 3340 dans
1055 3292 1082 3340 ta

79 3354 143 3404 t'itta
162 3354 319 3414 dHadrien,
340 3356 401 3416 pres
418 3356 502 3402 Tibur
518 3357 587 3416 (voir
603 3357 729 3414 Boissier,
746 3356 925 3404 Promenades
944 3353 1081 3402 arche'olo-

25 3417 26 3420 ’
74 3416 186 3480 piqnes).
201 3443 232 3452 -
247 3415 387 3466 Dimisit.
408 3437 418 3460 u
438 3417 556 3465 Hadrien
569 3419 671 3465 vouluit
685 3421 744 3465 tout
756 3419 823 3477 voir,
838 3419 856 3465 il
870 3416 1046 3465 s'interessait
1065 3417 1081 3464 a

75 3480 137 3540 tout,
157 3479 265 3527 voulait
304 3476 364 3524 u'on
384 3482 516 3526 restaurat
537 3483 596 3527 tout
611 3494 641 3526 ce
660 3481 705 3540 qui
723 3481 796 3527 avait
809 3479 903 3527 existe'.
922 3481 1029 3526 Autour
1046 3477 1080 3524 de

25 3567 26 3598 ,
74 3538 105 3586 lui
121 3493 339 3603 pullulaienfles
358 3541 539 3603 philosophes,
560 3542 597 3588 les
617 3541 747 3600 rheteurs,
766 3543 803 3589 les
824 3542 961 3602 critiques.
984 3538 1080 3587 C'etait

75 3600 167 3665 Neron,
182 3603 273 3650 moins
292 3601 318 3647 la
337 3602 407 3649 folie.
427 3602 448 3648 ll
467 3604 582 3650 favorisa
604 3618 655 3649 une
673 3604 842 3651 renuissance
860 3602 1022 3650 universelle
1043 3601 1078 3647 du

75 3667 165 3712 monde
187 3664 310 3724 antique,
329 3663 497 3712 renaissence
518 3665 651 3726 brillante,
673 3666 740 3713 mais
762 3681 813 3726 peu
835 3664 949 3725 sincere,
970 3678 1006 3710 un
1026 3676 1078 3725 peu

76 3725 197 3775 theatrale
209 3747 220 3769 u
232 3724 356 3787 (Rerum).

496 3861 654 3910 -rer-
