2696 4244
342 137 421 196 184.
443 139 601 196 Funeste
625 139 803 197 influence
823 142 1131 209 des'spectacles.

423 242 569 307 (Quantum
582 243 642 292 ludi
651 243 760 307 publici
777 244 899 292 moribus
917 244 1048 306 noceant.)

176 403 237 465 4⁰'
272 403 402 461 Interfui
441 403 589 483 principis
622 403 731 482 optimi
773 393 970 480 cognitioni*,
1005 404 1037 461 in
1059 403 1237 462 consilium*

232 507 416 579 assumptus.
433 500 602 579 Gymnicus
617 502 715 578 agon*
729 501 809 579 apud
821 501 1009 559 Viennenses
1027 521 1064 558 ex
1076 500 1237 579 cujusdam

232 604 415 656 testamento
455 596 678 658 celebrabatur.
720 597 810 655 Hunc
849 597 960 667 Rufus,
1009 597 1056 653 vir
1098 597 1238 674 egregius

231 693 516 772 nobisqueamicus,
528 693 785 752 induumviratu*
802 693 973 752 tollendum
990 693 1238 772 abolendumque

230 790 359 850 curavit.
385 789 563 866 Negabatur
582 811 620 848 ex
648 789 849 849 auctoritate*
873 789 997 869 publica
1021 791 1139 849 secisse.
1166 789 1238 866 Egit

231 886 295 966 ipse
312 907 434 945 causam
451 907 513 944 non
529 886 630 944 minus
643 885 774 945 feliciter
786 907 879 967 quam
893 886 1015 946 diserte.
1034 886 1239 945 Commenda-

231 983 284 1041 bat
294 983 456 1055 actionem,
468 982 550 1063 quod
564 991 721 1062 tamquam
732 984 825 1042 homo
837 983 995 1042 Romanus
1009 991 1040 1041 et
1050 983 1148 1042 bonus
1161 983 1238 1042 civis

231 1079 261 1137 in
275 1079 398 1157 negotio
413 1100 468 1138 suo
494 1086 612 1138 mature
636 1086 666 1137 et
689 1080 823 1158 graviter
846 1080 1040 1158 loquebatur.
1064 1079 1142 1138 Cum
1168 1100 1238 1137 sen-

233 1176 335 1234 tentiae
360 1183 608 1254 perrogarentur,
639 1175 716 1233 dixit
743 1175 853 1235 lunius
885 1176 1041 1235 Mauricus
1071 1177 1141 1255 (quo
1168 1176 1237 1234 viro

232 1273 306 1330 nihil
321 1273 447 1344 firmiuS,
466 1271 540 1329 nihil
556 1272 667 1346 verius)
684 1293 745 1330 non
762 1293 826 1330 esse
842 1272 1065 1331 restituendum
1082 1271 1237 1329 Viennen-

231 1369 314 1428 sibus
327 1387 441 1448 agona;
459 1369 572 1448 adjecit
589 1393 603 1423 o
618 1369 755 1428 Vellem*
770 1369 862 1428 etiam
878 1369 985 1427 Romae
1001 1368 1067 1427 tolli
1082 1375 1188 1448 posset
1205 1393 1232 1426 η.

231 1466 427 1537 Constanter,
442 1465 554 1544 inquiS,
570 1473 601 1523 et
616 1465 747 1525 sortiter.
766 1465 900 1532 Quidni?
914 1465 972 1524 Sed
989 1466 1076 1523 hoca
1096 1465 1236 1524 Maurico

231 1584 346 1622 novum
361 1584 422 1621 non
440 1570 496 1620 est.
515 1562 634 1622 Placuit
649 1584 722 1640 ergo
741 1582 838 1640 agona
860 1562 936 1633 tolli,
960 1563 1011 1640 qui
1028 1582 1128 1620 mores
1141 1562 1236 1619 Vien-

231 1660 370 1718 nensium
389 1660 545 1728 infecerat,
563 1667 597 1717 ut
611 1668 715 1718 noster
736 1659 786 1718 hic
808 1660 958 1717 omnium.
982 1660 1058 1717 Nam
1082 1659 1235 1716 Viennen-

231 1757 309 1815 sium
325 1757 399 1815 vitia
415 1758 496 1814 intra
510 1756 591 1835 ipsos
607 1755 756 1827 residunt,
771 1764 876 1814 nostra
889 1756 950 1838 late
963 1762 1125 1832 vagantur,
1140 1761 1236 1832 utque

172 1924 175 1930 ‚
231 1854 262 1911 in
277 1853 469 1932 corporibus,
487 1854 529 1911 sic
548 1853 582 1912 jn
597 1853 738 1932 imperio,
755 1852 955 1930 gravissimus
968 1860 1014 1910 est
1029 1852 1164 1923 morbuS,
1181 1851 1236 1930 qui

136 1976 140 1984 ·
231 1949 588 2028 acapitediliunditur*.

261 2090 301 2140 ΙΨ
318 2090 381 2141 184
395 2105 400 2138 ε
414 2088 730 2152 cognit10n1.v0irau
745 2090 849 2151 texique
863 2089 887 2136 le
897 2092 954 2136 mot
966 2087 1093 2150 cognitio.
1113 2089 1235 2150 Lorsqu'e

231 2149 1235 2214 lesconsuls,lespreteursjugeaientextraordinairement(cognoscebant),

231 2215 398 2262 c'est-b-dire
427 2229 488 2261 sans
509 2228 643 2274 renvoyer
666 2228 717 2260 aux
742 2214 830 2274 juges,
853 2213 886 2260 ils
913 2228 941 2259 se
973 2213 1098 2260 taisaient
1125 2212 1238 2258 assistet·

230 2277 378 2323 d'hommes
391 2275 558 2336 compdtents
570 2275 606 2335 (in
617 2275 759 2322 consilium
773 2274 963 2334 assumebant).
978 2275 1028 2320 Les
1037 2288 1191 2335 empereurs
1202 2288 1235 2320 en

231 2339 341 2384 usbrent
364 2337 396 2383 de
416 2339 501 2385 meme
527 2351 596 2397 pour
611 2337 648 2382 les
665 2351 758 2383 causes
774 2337 850 2397 qu'ils
870 2350 897 2382 se
920 2335 1094 2382 rdservaient.
1113 2335 1179 2381 Voir
1197 2335 1236 2382 les

232 2403 309 2447 notes
326 2398 372 2445 des
384 2399 505 2446 versions
516 2401 540 2444 81
558 2401 584 2444 et
597 2401 634 2444 94.
649 2425 679 2431 -
689 2397 875 2447 Consilium.
891 2397 956 2443 Voir
970 2412 1004 2443 au
1017 2397 1123 2458 lexique
1139 2396 1163 2443 le
1178 2401 1236 2444 mot

231 2459 390 2508 consiliarii.
409 2487 439 2495 -
455 2458 548 2521 Agon
568 2459 669 2506 :luttes
686 2460 853 2521 gymniqnes,
870 2458 1021 2520 hippiques,
1039 2473 1073 2505 ou
1092 2459 1237 2506 musicales

232 2523 346 2585 (comme
374 2521 412 2568 les
439 2522 504 2596 peuri
527 2521 867 2582 isthmiques,Pythiques,
887 2521 1071 2581 Olympiques,
1093 2519 1234 2577 Numicus,

232 2585 270 2631 les
292 2583 483 2642 Panathe'nees,
503 2583 574 2643 etc).
592 2583 631 2629 En
650 2586 702 2641 186,
726 2583 764 2630 les
788 2583 869 2629 luttes
893 2582 1054 2642 athletiques
1078 2582 1124 2628 des
1150 2581 1236 2628 Grecs

232 2647 321 2693 iurent
334 2646 494 2692 introduites
506 2646 521 2691 b
535 2644 626 2702 Rome,
637 2646 664 2690 et
676 2644 780 2690 bientbt
793 2645 879 2704 apres,
888 2643 926 2689 les
937 2657 1067 2689 concours
1081 2643 1235 2702 musicaux;

232 2708 299 2754 mais
323 2707 359 2753 les
377 2721 427 2752 uns
448 2708 476 2753 et
498 2706 535 2753 les
556 2709 646 2752 autres
670 2705 760 2753 iurent
784 2720 835 2767 peu
860 2704 954 2765 godte's
968 2705 1075 2765 jusqu'b
1099 2704 1233 2765 l'Empire.

232 2769 331 2825 Neron,
347 2782 380 2814 en
403 2773 441 2826 60,
468 2767 529 2814 crta
546 2769 560 2813 d
578 2765 662 2814 Rome
684 2767 730 2814 des
746 2767 811 2828 jeux
837 2766 925 2812 sacris
946 2768 1123 2812 entiirement
1146 2765 1237 2813 imitas

231 2832 265 2878 de
277 2843 344 2877 ceux
356 2830 403 2876 des
415 2829 507 2884 ¹Grecs
521 2830 600 2892 (agon
615 2829 773 2880 Neroneus'r.
792 2829 829 2874 En
845 2832 882 2885 86,
905 2828 992 2890 l'agon
1012 2827 1180 2888 Capitolinus
1202 2829 1235 2874 de

232 2891 370 2939 Domitian
391 2890 475 2946 eliaca
495 2905 544 2951 par
566 2905 613 2937 son
638 2889 707 2937 e¹clat
735 2888 823 2953 l'agon
851 2890 998 2936 Neroneus.
1025 2889 1079 2935 Dbs
1107 2890 1169 2946 lors,
1196 2889 1237 2936 les

250 2953 345 3001 randes
373 2951 450 2998 villes
478 2951 511 2998 de
559 2953 668 2998 rovince
698 2951 828 2998 suivirent
857 2951 996 3011 l'exemple
1027 2951 1059 2996 de
1089 2949 1180 2997 Rome.
1205 2976 1236 2985 —

231 2969 268 3064 in
287 3013 510 3063 duumviratu.
554 3028 581 3060 es
606 3013 754 3074 municipes
778 3013 885 3060 avaient
903 3013 973 3059 leurs
990 3013 1106 3070 consuls,
1124 3027 1188 3058 sous
1211 3013 1235 3059 le

232 3091 295 3123 nom
322 3076 355 3122 de
379 3073 527 3132 duumuiri,
552 3088 656 3122 comme
676 3075 708 3122 ils
727 3075 835 3122 avaient
869 3074 939 3120 leurs
975 3074 1111 3120 se'natours
1145 3073 1236 3134 (decu-

233 3137 340 3198 riones).
356 3163 387 3172 -
404 3137 455 3186 Ex
466 3135 670 3185 auctoritate
684 3150 690 3182 t
704 3139 747 3183 cet
760 3140 818 3182 acte
836 3136 931 3182 sortait
951 3136 983 3182 de
999 3150 1041 3182 ses
1059 3135 1236 3182 uttriliutions

231 3199 338 3260 legales.
360 3223 391 3234 -—
416 3197 549 3247 Vellem.
576 3197 641 3243 Voir
665 3199 690 3244 la
714 3198 819 3243 version
849 3197 1008 3258 precidente
1035 3199 1062 3243 et
1088 3198 1125 3242 les
1150 3201 1234 3244 notes.

232 3259 282 3307 Les
293 3259 427 3307 chritiens
440 3260 509 3322 (voir
520 3259 558 3306 les
572 3259 707 3306 derni'eres
720 3260 841 3305 versions
854 3260 887 3304 de
897 3273 927 3305 ce
940 3259 1071 3318 chapitrc}
1084 3259 1235 3318 appelaient

230 3336 298 3370 cess
318 3321 431 3369 ectacles
445 3341 455 3364 α
470 3321 620 3368 daemonum
633 3321 765 3368 matorum
774 3319 931 3367 consistoria
947 3339 967 3366 ».
979 3347 1009 3353 -
1021 3319 1237 3370 Diffunditur.
1269 3319 1272 3325 ’

232 3383 272 3433 cf.
308 3382 451 3444 hucydide,
463 3383 498 3440 ll,
511 3385 549 3430 49.
561 3382 600 3429 Ci.
613 3383 714 3441 Tacite,
726 3381 831 3445 Dialog.
847 3387 875 3427 ‘29
892 3397 898 3429 2
913 3402 923 3424 «
938 3382 997 3428 lam
1010 3396 1073 3428 vcro
1088 3383 1194 3442 propria
1209 3386 1237 3428 et

231 3445 376 3506 peculiaria
391 3443 471 3504 hujus
494 3444 569 3490 urbis
592 3444 657 3491 vitia
676 3457 761 3505 paene
786 3445 811 3490 in
834 3447 910 3490 utero
930 3444 1024 3490 matris
1044 3443 1148 3504 concipi
1171 3443 1236 3489 mihi

232 3507 366 3566 videntur,
388 3506 552 3553 histrionalis
575 3505 652 3552 favor
675 3508 702 3552 et
723 3506 899 3566 gladiatorum
919 3519 1102 3566 equorumque
1126 3506 1236 3554 studia:

232 3568 329 3630 quibus
343 3570 490 3629 occupatus
498 3571 525 3615 et
536 3567 663 3615 obsessus
675 3567 779 3614 animus
791 3568 949 3628 quantulum
969 3567 1019 3613 loci
1041 3567 1118 3612 bonis
1133 3567 1239 3613 artibus

163 3639 166 3646 '
232 3630 376 3690 relinquit?
412 3633 506 3677 uotum
526 3643 659 3690 quemque
687 3629 808 3676 invenies
831 3629 875 3690 qui
898 3629 970 3674 domi
995 3628 1141 3688 quidquam
1163 3628 1237 3674 aliud

231 3692 373 3752 loquatur?
393 3644 472 3746 ‹iluos
491 3691 557 3738 alios
579 3690 839 3738 adulescentulorum
869 3704 1005 3737 sermones
1035 3690 1192 3750 excipimus,
1215 3690 1237 3736 si

231 3753 339 3814 quando
352 3753 484 3800 auditoria
493 3752 669 3800 intravimus?
681 3771 702 3799 ι».

482 3826 490 3843 .

654 3892 811 3944 -186-
