2756 4238
219 150 304 207 314.
326 153 402 208 Une
424 149 583 208 sedition
596 153 691 208 dans
710 151 744 207 le
760 163 865 222 camp
886 153 930 208 de
948 141 1074 208 Cesar.

354 245 511 308 (Caesariani
525 245 624 295 milites
637 246 795 296 seditionem
809 246 934 311 movent.)
981 249 984 258 ’

208 361 329 420 Interea
347 361 471 420 domitis
484 362 588 421 Caesar
607 363 761 421 remeabat
775 363 907 434 Hiberis

205 459 353 516 Victrices
366 459 484 538 aquilas
499 459 592 518 alium
613 461 731 518 laturus
747 459 777 517 in
795 459 898 518 orbem
909 462 931 531 ¹²,

204 553 282 614 Cum
296 557 414 635 prope*
428 557 563 616 latorum
580 564 682 616 tantos
698 577 753 636 per
769 577 913 637 prospera
932 555 1061 615 cursus*

203 653 372 719 Averteref
386 653 445 712 dei.
464 653 556 712 Nullo
571 673 640 712 narn
656 654 755 712 Marte
769 654 924 726 subactus,

205 749 287 808 Intra
300 758 471 809 castrorum
486 751 589 836 timuit
603 751 735 810 tentoria
750 751 862 810 ductor

204 845 334 904 Perdere
350 868 508 906 successus
523 847 672 906 scelerum
682 849 704 920 *‚
720 869 790 906 cum
806 868 894 927 paene
906 847 1010 905 fideles

203 942 260 1000 Per
275 951 321 1001 tot
335 943 413 1003 bella
430 965 549 1019 manus,
564 945 682 1002 satiatae
698 945 856 1022 sanguine,
873 945 998 1003 tandem

202 1039 375 1099 Destituere
392 1043 500 1100 ducem
518 1063 525 1100 ε
546 1063 599 1100 seu
615 1049 722 1100 maesto
738 1041 862 1101 classica
880 1040 1005 1120 paulum

203 1137 379 1196 Intermissa
396 1159 482 1211 sono,
500 1138 682 1218 claususque
698 1146 728 1197 et
741 1138 890 1216 frigidus*
906 1137 985 1196 ensis

205 1233 390 1312 Expulerat*
406 1235 477 1294 belli
490 1235 607 1294 furias:
627 1256 691 1308 seu,
709 1236 834 1315 praemia
850 1235 937 1293 miles

200 1331 281 1389 Dum
298 1332 415 1411 majora
431 1331 518 1413 petit,
536 1332 662 1391 damnat
675 1353 861 1410 causamque
877 1331 1058 1409 ducemque,

200 1427 239 1485 Et
249 1428 363 1492 ¹scelere
379 1429 514 1488 imbutos
529 1430 621 1488 etiam
638 1450 720 1488 nunc
735 1427 890 1487 vindicat*
904 1447 1002 1486 enses.

201 1524 291 1582 Haud
305 1527 400 1603 magis
416 1535 560 1606 expertus
573 1525 747 1585 discrimine
761 1526 864 1584 Caesar
878 1525 909 1582 in
926 1523 987 1582 ullo
1003 1529 1058 1592 est,

199 1620 296 1687 Quam
311 1643 371 1680 non
388 1644 403 1681 e
422 1623 534 1693 stabili,
552 1623 683 1682 tremulo
699 1622 752 1681 sed
773 1622 905 1681 culmine
923 1627 1034 1679 cuncta

200 1717 378 1796 Despiceret
390 1721 411 1791 *‚
427 1727 582 1801 staretque
596 1741 688 1799 super
700 1719 864 1781 titubantia
879 1718 973 1776 tultus
991 1735 998 1776 t

198 1813 222 1869 T
224 1822 256 1872 ot
271 1821 366 1894 raptis
379 1819 526 1876 truncus*
541 1813 692 1889 manibus,
710 1815 873 1895 gladioque
888 1815 1011 1873 relictus

197 1909 288 1970 Paene
300 1933 367 1986 su0‚
385 1915 437 1994 qui
450 1921 496 1973 tot
510 1922 615 1992 gentes
631 1915 662 1971 in
677 1913 755 1972 bella
768 1912 919 1986 trahebat,

196 2009 261 2066 Scit
275 2030 334 2067 non
351 2032 416 2068 esse
430 2011 516 2069 ducis
529 2011 661 2082 strictos,
677 2011 728 2068 sed
745 2010 861 2077 militie,
880 2029 976 2067 enses.

196 2104 265 2162 Non
279 2107 422 2184 pavidum
435 2107 498 2186 jam
515 2128 653 2165 murmur
668 2114 743 2176 erat,
762 2128 817 2164 nec
834 2114 959 2186 pectore
974 2101 1077 2162 tecto*

196 2201 242 2260 lra
257 2202 354 2261 latens
372 2223 378 2264 :
394 2225 464 2263 nam
483 2225 551 2284 quae
567 2203 674 2263 dubias
688 2205 897 2280 constringere
913 2206 1030 2260 mentes

194 2296 294 2357 Causa
307 2301 394 2373 solet,
406 2301 478 2359 dum
494 2301 623 2380 quisque
634 2307 727 2379 pavet
744 2300 854 2378 quibus
876 2299 940 2378 ipse
957 2296 1061 2356 timori
1077 2300 1133 2369 est,

195 2395 294 2474 Seque
310 2405 398 2476 putat
413 2398 512 2456 solum
527 2417 692 2475 regnorum
709 2397 823 2477 injusta
841 2395 960 2473 gravari
972 2395 993 2464 *‚

196 2492 286 2551 Haud
305 2495 428 2554 retinet.

164 2649 205 2697 N⁰
226 2651 292 2700 314
310 2667 316 2700 :
334 2651 443 2702 Alium
463 2653 582 2711 orbem,
601 2668 633 2700 en
652 2641 731 2714 Epire
748 2654 775 2699 et
791 2666 823 2698 en
840 2647 1042 2705 Mace'd0Ine;il
1055 2661 1133 2708 passe

133 2709 290 2760 d'Occidcnt
303 2729 335 2761 en
354 2714 715 2764 01·ient.C'estaP1aisance
733 2712 861 2775 qu'c'clata
877 2715 947 2759 cette
964 2710 1088 2758 sedition.
1104 2729 1131 2743 -

135 2772 238 2834 Prope
249 2789 277 2822 se
290 2780 415 2838 rapporte
428 2777 443 2823 a
456 2777 583 2824 avertere.
597 2804 626 2811 -
639 2775 762 2825 Tantos
775 2789 834 2836 per
843 2785 1002 2837 prospera
1015 2782 1133 2821 cursus

134 2853 163 2875 =
174 2838 227 2881 tam
236 2850 397 2899 prosperum
412 2852 521 2885 cursum
533 2836 660 2898 satorum.
674 2864 704 2872 -
716 2837 879 2886 Avertere
893 2852 898 2883 :
913 2834 1035 2896 euplique
1047 2847 1096 2895 par
1107 2833 1133 2880 la

135 2896 227 2956 phrase
248 2899 378 2947 suivante.
400 2927 430 2934 —
449 2901 614 2950 Scelerum
638 2899 742 2946 :Cesar
762 2903 803 2946 est
825 2915 856 2946 en
876 2912 969 2960 guerre
988 2900 1081 2943 contre
1102 2909 1131 2940 sa

134 2958 227 3018 patrie·
241 2985 270 2993 -·
284 2961 438 3022 Frigidus
449 2982 480 3003 =
493 2961 568 3008 nutto
585 2960 716 3024 sanquine
735 2959 887 3021 calefactus.
904 2987 932 2995 —
948 2955 1132 3026 Expulerat

134 3033 161 3066 se
173 3026 299 3081 rnpporte
312 3024 325 3068 a
339 3023 410 3070 criste
423 3026 450 3070 et
464 3024 478 3070 a
491 3023 608 3070 classica.
624 3049 653 3058 -
666 3021 822 3072 Vindicat
835 3020 994 3070 :vindicat
1008 3019 1034 3066 in
1049 3017 1132 3065 leher-

135 3082 213 3127 tatem
227 3097 232 3129 :
247 3098 349 3131 comme
366 3083 419 3131 s'ils
431 3085 530 3132 etalent
543 3099 638 3131 encore
653 3085 742 3144 libres,
759 3085 835 3146 apres
849 3085 926 3131 s'ctre
939 3081 1051 3143 engages
1064 3081 1131 3126 dans

134 3143 157 3188 la
173 3157 266 3203 guerre
285 3147 371 3193 civile.
393 3173 424 3180 -
441 3145 637 3208 Despiceret.
660 3145 751 3200 Quelle
770 3147 902 3204 grandeur
920 3144 1046 3206 poetique
1064 3141 1130 3188 dans

133 3207 201 3252 cette
219 3205 277 3253 idee
290 3221 340 3267 que
350 3203 497 3254 I’ambiti0n
511 3208 554 3268 qui
566 3208 672 3254 domine
684 3211 744 3255 tout
757 3211 796 3254 est
808 3208 898 3268 place'e
912 3221 957 3253 sur
968 3221 1003 3252 un
1017 3204 1130 3251 sommet

133 3267 256 3313 ruineux!
271 3269 303 3315 Et
314 3283 366 3330 que
377 3270 401 3317 le
412 3269 576 3330 profondeur
589 3269 687 3316 morale
701 3271 766 3315 dans
785 3269 822 3315 les
843 3268 978 3315 derniercs
995 3267 1078 3327 lignes
1097 3265 1129 3310 dc

132 3342 162 3374 ce
175 3343 306 3389 morceau‚
316 3333 349 3377 ou
360 3345 427 3378 nous
439 3345 529 3394 voyon
538 3348 542 3373 a
550 3332 573 3377 la
582 3331 683 3379 craintc
695 3332 727 3377 de
739 3331 764 3377 la
774 3331 915 3377 multitude
926 3331 1057 3377 contanue
1067 3340 1130 3372 sous

133 3389 156 3435 le
166 3392 279 3450 pouvoir
291 3393 335 3452 qui
349 3393 372 3439 la
385 3394 506 3453 redoute,
518 3397 576 3440 tant
586 3408 637 3453 que
650 3394 751 3439 chacun
761 3392 832 3439 n'ose
845 3395 967 3452 compter
977 3405 1022 3437 sur
1031 3388 1128 3449 l'appui

134 3451 178 3497 des
190 3455 292 3500 autres!
310 3453 414 3502 Parcas
429 3456 515 3514 traits,
530 3455 627 3500 Lucain
640 3455 712 3515 e'gale
729 3454 863 3501 Tite-Live
877 3453 933 3515 (VI,
947 3457 990 3511 173
1005 3449 1128 3506 XXVIII,

134 3515 183 3572 27);
197 3514 287 3561 Tacite
300 3515 391 3575 (Auo,
406 3517 425 3574 I,
440 3517 487 3578 29),
499 3517 649 3563 ctLucr'cce
663 3517 705 3576 (V,
715 3516 783 3577 1131)
799 3531 804 3564 :
819 3515 922 3562 Inoidr'a
933 3513 1069 3577 quonia-m,
1082 3525 1128 3557 ceu

133 3572 253 3635 fulmine,
266 3591 368 3623 summa
381 3580 510 3639 vaporant
524 3577 687 3641 Plerumque
698 3578 723 3623 et
736 3592 796 3639 quae
809 3579 872 3624 surit
884 3575 945 3623 aliis
959 3575 1043 3638 magis
1058 3572 1128 3621 edita

134 3649 253 3700 rumque.
267 3663 292 3672 -
305 3639 471 3688 Truncus:
484 3639 562 3701 quasi
574 3642 700 3686 truncum
709 3653 805 3701 corpus
817 3637 942 3686 abscissis
956 3635 1087 3684 manilius.
1098 3659 1129 3670 -

133 3697 235 3756 Tecto,
256 3699 395 3761 hypallage
417 3715 422 3748 :
442 3715 470 3748 se
488 3704 614 3762 rapporte
627 3702 809 3761 logiquemcnt
826 3701 840 3748 a
859 3700 907 3748 ira.
927 3726 957 3734 -
974 3695 1128 3756 Granni,

132 3759 307 3820 deponent:
319 3761 490 3824 impatienter
503 3763 584 3823 serre.

551 3907 708 3956 -317-
