2696 4244
288 191 291 196 -
309 157 388 212 159.
415 157 487 212 Une
504 157 674 212 desceute
699 157 765 212 des
780 156 988 212 Normands
1004 168 1048 211 eu
1068 155 1181 214 Gaulo

602 257 650 300 au
682 248 726 300 v·
759 244 881 301 siecle.

353 347 514 420 (Normanni
527 348 642 396 Galliam
661 349 791 396 inuadunt
813 349 833 394 V
847 351 909 411 post
921 348 944 396 Ι.
965 347 992 396 C.
1008 346 1136 410 saeculo.)

190 473 231 535 3⁰
284 475 311 528 Α
327 473 489 529 Santonis*
506 473 682 532 nuntiatum
698 481 745 532 est
760 473 902 531 litoribus
918 471 1032 532 Oceani
1048 472 1151 530 curvis
1166 471 1246 529 iner-

245 588 312 626 rare
328 570 502 627 Saxonum*
523 570 641 648 pandos
668 571 901 650 myoparones‘,
914 590 1045 651 quorum
1064 575 1140 648 quot
1154 567 1247 626 remi-

245 685 296 742 ges
317 665 441 734 videris,
466 667 592 725 totidem
621 675 649 726 te
677 689 800 726 cernere
829 675 918 747 putes
941 667 1142 746 archipiratas
1169 682 1175 724 :
1202 665 1244 723 ila

244 762 335 820 simul
350 784 456 822 omnes
471 765 633 843 imperant,
651 773 770 844 parent,
786 765 909 836 docent,
921 764 1045 822 discunt
1055 762 1243 822 latrocinari.

247 859 352 917 Hostis
370 868 415 918 est
426 862 509 919 omni
524 863 609 920 hoste
622 862 836 921 truculentior.
852 862 1040 941 Improvisus
1054 858 1243 938 aggreditur,

243 957 393 1034 ,praevisus
415 957 563 1030 elabitur;
587 960 704 1037 spernit
726 960 875 1038 objectos,
902 958 1010 1018 sternit
1026 958 1176 1016 incautos
1197 955 1246 1014 Ad

246 1053 305 1110 hoc
321 1062 465 1113 exercent
483 1055 550 1114 illos
572 1055 806 1134 naufragiamon
827 1063 953 1115 terrent.
972 1056 1025 1113 Est
1046 1055 1089 1112 eis
1105 1051 1245 1133 quiedam

244 1172 314 1208 cum
330 1150 559 1210 discriminibus
578 1151 675 1232 pelagi
695 1174 756 1211 non
778 1153 886 1212 notitia
901 1153 999 1210 solum
1015 1151 1068 1209 sed
1086 1149 1247 1208 lamiliari-

247 1256 301 1306 tas.
318 1249 406 1319 Nam,
425 1249 570 1328 quoniam
584 1250 679 1328 ipsa*,
696 1251 720 1307 si
736 1272 795 1331 qua
811 1256 976 1328 tempestas
992 1256 1047 1319 est,
1068 1248 1140 1305 hinc
1159 1267 1245 1304 secu-

246 1366 295 1403 ros
309 1345 403 1403 elficit
418 1346 645 1424 occupandos*,
667 1347 739 1405 hine
757 1347 890 1426 prospici
909 1353 991 1405 vetat
1007 1351 1211 1424 occupaturos
1221 1345 1244 1414 *‚

246 1442 276 1500 in
304 1442 406 1500 medio
441 1444 589 1501 fluctuum
620 1444 877 1523 scopulorumque
908 1443 1159 1520 confragosorum
1192 1460 1246 1518 spe

245 1547 449 1619 superventus
474 1539 535 1597 laeti
568 1539 789 1619 periclitantur.
821 1540 969 1598 Praeterea
1002 1540 1180 1618 priusquam
1207 1535 1246 1594 de

244 1637 415 1694 continenti
432 1637 461 1693 in
476 1637 606 1715 patriam
619 1636 687 1696 vela
702 1625 838 1696 laxantes
852 1637 969 1696 hostico
985 1636 1142 1695 mordaces
1155 1653 1246 1692 anco-

246 1754 293 1792 ras
309 1733 389 1791 vado
405 1733 531 1804 vellant,
556 1754 621 1792 mos
641 1742 687 1792 est
714 1735 893 1793 remeaturis
915 1734 1068 1792 decimum
1092 1751 1246 1811 quemque

244 1838 404 1908 captorum
419 1851 473 1909 per
495 1831 657 1889 cruciarias
679 1852 794 1909 poenas
816 1831 884 1910 plus
904 1830 943 1889 ob
965 1830 1024 1889 hoc
1045 1829 1146 1888 tristi*
1161 1828 1247 1907 quod

245 1927 479 2005 superstitioso*
493 1928 553 1986 ritu
568 1948 687 1995 necare,
697 1948 849 2007 superque
865 1928 1023 1987 collectam
1035 1927 1154 1986 turbam
1167 1925 1246 2004 peri-

245 2029 384 2082 turorum
413 2025 520 2082 mortis
547 2025 740 2103 iniquitatem
767 2025 856 2082 sortis
874 2025 1042 2105 aequitate*
1059 2023 1244 2101 dispergere.

245 2119 369 2178 Talibus
393 2120 511 2197 eligunt
535 2123 625 2190 votis,
652 2122 809 2180 victimis*
836 2122 987 2181 solvunt:
1010 2128 1040 2179 et
1061 2141 1115 2199 per
1141 2119 1246 2198 hujus-

247 2216 328 2273 modi
347 2238 406 2275 uon
425 2225 485 2275 tarn
506 2219 655 2276 sacrificia
673 2219 795 2298 purgati
811 2239 901 2297 quam
927 2218 1085 2294 sacrilegia
1103 2215 1244 2295 polluti*,

245 2313 552 2392 religiosumputant,
572 2315 664 2374 caedis
683 2316 824 2374 infaustae
840 2323 1077 2395 perpetratores
1093 2313 1247 2392 decapite

245 2413 368 2489 captivo
381 2412 478 2488 magis
493 2413 613 2489 exigere
630 2420 782 2470 tormenta
801 2433 892 2492 quam
915 2411 1045 2491 pretia*.

276 2588 316 2637 N⁰
334 2588 397 2637 159
408 2603 412 2635 :
423 2587 578 2638 Santonis
597 2603 603 2636 ε
622 2588 661 2634 les
678 2588 802 2643 Santons,
815 2589 911 2649 peuple
930 2589 963 2636 de
982 2590 1007 2635 la
1020 2586 1104 2636 Gaule
1121 2587 1247 2646 celtique,

245 2650 290 2711 qui
306 2650 421 2698 habitait
434 2665 479 2696 sur
491 2651 516 2696 la
527 2652 587 2697 cote
599 2651 631 2697 de
644 2650 760 2697 l'Ocean.
774 2655 849 2696 entre
860 2652 883 2696 la
895 2651 1025 2697 Charonte
1038 2653 1065 2697 et
1074 2650 1099 2696 la
1111 2648 1247 2696 Garonne.

245 2737 274 2745 -—
288 2710 463 2761 Saxonum.
473 2712 574 2772 Depuis
585 2713 609 2759 le
619 2720 646 2757 v·
654 2712 733 2759 siecle
746 2713 783 2758 les
794 2713 910 2765 Frisons‚
920 2711 1030 2770 Saxons,
1039 2710 1149 2768 Danois,
1160 2709 1175 2756 J
1178 2713 1247 2760 utes,

246 2788 308 2820 sous
324 2774 348 2820 le
364 2788 424 2820 nom
438 2773 581 2835 gc'nerique
594 2774 626 2820 de
637 2775 788 2821 Normands
801 2775 807 2830 t
811 2775 931 2820 hommes
944 2775 980 2820 du
993 2773 1070 2834 nord)
1087 2771 1248 2832 ravagerent

246 2836 283 2881 les
296 2837 369 2882 cotes
382 2836 414 2882 dc
424 2836 449 2882 la
460 2836 597 2882 Britannis
617 2837 688 2882 etde
700 2837 725 2882 la
738 2835 822 2883 Gaule
835 2837 961 2882 ronraine.
975 2862 1006 2869 -
1017 2835 1248 2896 Myoparones,

244 2897 360 2958 barqucs
389 2897 499 2943 e'troites
522 2901 548 2943 et
571 2898 681 2958 longues
705 2899 719 2944 a
741 2898 839 2957 l'usage
856 2899 902 2943 des
922 2897 1021 2958 pirates
1045 2896 1129 2942 :elles
1146 2895 1249 2942 etaient

245 2958 404 3005 d'ordinaire
431 2959 534 3019 garnies
544 2973 576 3004 en
587 2961 694 3018 peaudc
707 2960 823 3020 phoque.
833 2959 872 3006 Cl.
882 2958 990 3005 Sidoine
1000 2957 1089 3018 Apoll.
1102 2955 1248 3020 (Panegyr.

246 3021 387 3080 d'Avitus„
399 3021 433 3067 ou
447 3021 464 3066 il
477 3023 518 3067 est
528 3021 652 3080 question
665 3022 697 3068 de
710 3037 754 3067 ces
765 3023 864 3068 memes
877 3021 985 3081 pirates.
999 3039 1010 3061 «
1021 3019 1091 3076 Quin
1102 3020 1127 3066 et
1137 3018 1249 3065 Aremo-

238 3083 320 3190 ¹girus
325 3083 444 3191 pirptagn
455 3081 556 3189 Saqona
568 3083 669 3190 tqactqs
677 3082 814 3144 Sperabat,
827 3082 870 3128 cui
879 3081 950 3190 pdctle
964 3080 1052 3190 egloga
1068 3081 1174 3189 sulcarq
1186 3079 1251 3125 Bri-

245 3143 1252 3267 aaran2aa.iifl-acaronitaanta}{natam

246 3268 324 3313 aune
349 3269 516 3328 proposition
540 3267 763 3314 conditiounelte:
777 3267 910 3313 antithese
924 3266 1064 3314 cherchee.
1086 3293 1117 3302 -
1134 3263 1251 3319 Tristi,

244 3327 476 3390 superstitioso
493 3343 498 3375 :
512 3327 626 3376 l'auteur
639 3329 767 3388 s'indigno
776 3343 878 3375 comme
891 3329 997 3375 homme
1010 3331 1037 3374 et
1049 3341 1153 3374 comme
1172 3325 1253 3372 chre-

246 3391 309 3438 tien.
319 3418 348 3424 -
359 3389 542 3453 AEquitate:
558 3391 710 3452 opposition
725 3390 825 3451 puerile
838 3405 902 3437 avec
914 3389 1093 3453 iniquitatem.
1107 3385 1252 3436 -Vieti-

246 3451 316 3510 mis,
341 3452 534 3499 sous-entendu
559 3451 666 3499 tatibus.
689 3479 718 3486 —-
742 3451 892 3501 Polluti...
926 3449 1040 3513 pretia.
1067 3450 1153 3497 Toute
1177 3451 1252 3496 cetto
1314 3465 1317 3475 ·

246 3516 340 3576 phrase
362 3520 403 3562 est
421 3529 452 3561 en
468 3514 617 3560 antitheses
631 3513 772 3560 cherchces
787 3528 791 3560 :
804 3528 853 3576 per
868 3513 999 3574 sacrificia
1018 3510 1134 3589 purqati
1155 3537 1184 3544 —
1197 3524 1253 3572 per·

245 3576 388 3638 sacriteqia
398 3575 499 3637 polluti
505 3592 514 3629 ,·
527 3576 633 3638 eripere
645 3576 816 3622 tormenta-
830 3575 936 3637 eaiqere
949 3575 1047 3636 pretia.
1062 3562 1132 3620 (lest
1142 3574 1253 3619 surtout

245 3639 293 3685 des
303 3639 434 3686 derivatus
442 3639 474 3684 de
484 3637 644 3694 decadem,
662 3651 766 3683 comme
783 3637 805 3684 le
826 3639 911 3696 notre,
930 3635 1009 3698 qu'on
1028 3637 1094 3696 peut
1109 3635 1166 3681 dire
1183 3648 1252 3680 avec

247 3701 339 3748 Pascal
362 3701 472 3757 (Article
490 3699 550 3751 Vll.
581 3704 619 3758 22,
635 3699 699 3746 e'dit.
722 3699 842 3758 Havett:
867 3699 951 3746 «leur
972 3697 1043 3760 regle
1061 3697 1129 3743 n'est
1147 3709 1196 3757 pas
1216 3696 1253 3741 de

247 3763 335 3823 parler
344 3763 425 3824 juste,
439 3763 505 3808 mais
516 3762 549 3822 de
561 3761 626 3808 taire
639 3761 685 3808 des
698 3760 795 3821 figures
803 3760 890 3821 justes
903 3779 924 3808 u.

685 3947 703 3958 —
723 3919 826 3971 -160-

94 4082 306 4222 A
