<?xml version="1.0" encoding="UTF-8"?>
<!DOCTYPE html PUBLIC "-//W3C//DTD XHTML 1.0 Transitional//EN"
    "http://www.w3.org/TR/xhtml1/DTD/xhtml1-transitional.dtd">
<html xmlns="http://www.w3.org/1999/xhtml" xml:lang="en" lang="en">
 <head>
  <title>
</title>
<meta http-equiv="Content-Type" content="text/html;charset=utf-8" />
  <meta name='ocr-system' content='tesseract 3.04.00' />
  <meta name='ocr-capabilities' content='ocr_page ocr_carea ocr_par ocr_line ocrx_word'/>
</head>
<body>
  <div class='ocr_page' id='page_1' title='image "./depublicaprivat01arnagoog_0205.png"; bbox 0 0 2718 4246; ppageno 0'>
   <div class='ocr_carea' id='block_1_1' title="bbox 277 149 942 244">
    <p class='ocr_par' dir='ltr' id='par_1_1' title="bbox 277 149 942 244">
     <span class='ocr_line' id='line_1_1' title="bbox 277 149 942 244; baseline -0.014 -5"><span class='ocrx_word' id='word_1_1' title='bbox 277 165 280 172; x_wconf 59' lang='grc'><em>’</em></span> <span class='ocrx_word' id='word_1_2' title='bbox 356 240 359 244; x_wconf 72' lang='grc'><strong>,</strong></span> <span class='ocrx_word' id='word_1_3' title='bbox 444 149 542 238; x_wconf 84' lang='lat'>¹157.</span> <span class='ocrx_word' id='word_1_4' title='bbox 564 180 704 236; x_wconf 84' lang='lat' dir='ltr'>Moeurs</span> <span class='ocrx_word' id='word_1_5' title='bbox 721 181 788 236; x_wconf 84' lang='lat' dir='ltr'>des</span> <span class='ocrx_word' id='word_1_6' title='bbox 803 178 942 239; x_wconf 84' lang='lat' dir='ltr'>Alains.</span> 
     </span>
    </p>
   </div>
   <div class='ocr_carea' id='block_1_2' title="bbox 430 272 954 338">
    <p class='ocr_par' dir='ltr' id='par_1_2' title="bbox 430 272 954 338">
     <span class='ocr_line' id='line_1_2' title="bbox 430 272 954 338; baseline -0.002 -16"><span class='ocrx_word' id='word_1_7' title='bbox 430 273 608 336; x_wconf 61' lang='lat' dir='ltr'>tatianorum</span> <span class='ocrx_word' id='word_1_8' title='bbox 631 289 718 323; x_wconf 80' lang='lat' dir='ltr'>mores</span> <span class='ocrx_word' id='word_1_9' title='bbox 740 272 954 338; x_wconf 77' lang='lat' dir='ltr'>describuntur.)</span> 
     </span>
    </p>
   </div>
   <div class='ocr_carea' id='block_1_3' title="bbox 126 380 1207 2398">
    <p class='ocr_par' dir='ltr' id='par_1_3' title="bbox 126 380 1207 2398">
     <span class='ocr_line' id='line_1_3' title="bbox 147 380 1207 464; baseline -0.002 -22"><span class='ocrx_word' id='word_1_10' title='bbox 147 386 188 450; x_wconf 68' lang='lat'>3*</span> <span class='ocrx_word' id='word_1_11' title='bbox 242 380 366 442; x_wconf 83' lang='lat' dir='ltr'>Proceri</span> <span class='ocrx_word' id='word_1_12' title='bbox 377 390 480 442; x_wconf 90' lang='lat' dir='ltr'>autem</span> <span class='ocrx_word' id='word_1_13' title='bbox 494 384 584 444; x_wconf 85' lang='lat' dir='ltr'>Alani</span> <span class='ocrx_word' id='word_1_14' title='bbox 597 386 608 408; x_wconf 80' lang='lat'><strong>*</strong></span> <span class='ocrx_word' id='word_1_15' title='bbox 623 405 710 464; x_wconf 84' lang='lat' dir='ltr'>paene</span> <span class='ocrx_word' id='word_1_16' title='bbox 723 392 803 455; x_wconf 70' lang='lat' dir='ltr'>¹sunt</span> <span class='ocrx_word' id='word_1_17' title='bbox 821 403 928 444; x_wconf 89' lang='lat' dir='ltr'>omnes</span> <span class='ocrx_word' id='word_1_18' title='bbox 949 390 981 443; x_wconf 88' lang='lat' dir='ltr'>et</span> <span class='ocrx_word' id='word_1_19' title='bbox 996 383 1127 463; x_wconf 82' lang='lat' dir='ltr'>pulchri,</span> <span class='ocrx_word' id='word_1_20' title='bbox 1146 381 1207 442; x_wconf 91' lang='lat' dir='ltr'>cri·</span> 
     </span>
     <span class='ocr_line' id='line_1_4' title="bbox 201 479 1206 562; baseline -0.004 -20"><span class='ocrx_word' id='word_1_21' title='bbox 201 479 292 558; x_wconf 86' lang='lat' dir='ltr'>nibus</span> <span class='ocrx_word' id='word_1_22' title='bbox 318 480 513 540; x_wconf 68' lang='lat' dir='ltr'>mediocriter</span> <span class='ocrx_word' id='word_1_23' title='bbox 536 481 634 553; x_wconf 78' lang='lat' dir='ltr'>flaviS,</span> <span class='ocrx_word' id='word_1_24' title='bbox 661 482 820 540; x_wconf 91' lang='lat' dir='ltr'>oculorum</span> <span class='ocrx_word' id='word_1_25' title='bbox 847 488 1016 562; x_wconf 90' lang='lat' dir='ltr'>temperata</span> <span class='ocrx_word' id='word_1_26' title='bbox 1040 480 1206 540; x_wconf 77' lang='lat' dir='ltr'>torvitate*</span> 
     </span>
     <span class='ocr_line' id='line_1_5' title="bbox 126 577 1205 657; baseline -0.002 -22"><span class='ocrx_word' id='word_1_27' title='bbox 126 609 129 624; x_wconf 42' lang='lat' dir='ltr'>r</span> <span class='ocrx_word' id='word_1_28' title='bbox 201 577 364 649; x_wconf 89' lang='lat' dir='ltr'>terribiles,</span> <span class='ocrx_word' id='word_1_29' title='bbox 388 585 419 636; x_wconf 90' lang='lat' dir='ltr'>et</span> <span class='ocrx_word' id='word_1_30' title='bbox 442 579 616 637; x_wconf 83' lang='lat' dir='ltr'>armorum*</span> <span class='ocrx_word' id='word_1_31' title='bbox 637 577 761 637; x_wconf 85' lang='lat' dir='ltr'>levitate</span> <span class='ocrx_word' id='word_1_32' title='bbox 787 578 919 650; x_wconf 78' lang='lat' dir='ltr'>veloceS,</span> <span class='ocrx_word' id='word_1_33' title='bbox 946 578 1127 657; x_wconf 90' lang='lat' dir='ltr'>Hunnisque</span> <span class='ocrx_word' id='word_1_34' title='bbox 1149 583 1205 656; x_wconf 84' lang='lat' dir='ltr'>per</span> 
     </span>
     <span class='ocr_line' id='line_1_6' title="bbox 201 673 1205 754; baseline -0.001 -22"><span class='ocrx_word' id='word_1_35' title='bbox 201 675 304 733; x_wconf 92' lang='lat' dir='ltr'>omnia</span> <span class='ocrx_word' id='word_1_36' title='bbox 322 695 481 754; x_wconf 78' lang='lat' dir='ltr'>suppares,</span> <span class='ocrx_word' id='word_1_37' title='bbox 504 695 612 734; x_wconf 91' lang='lat' dir='ltr'>verum</span> <span class='ocrx_word' id='word_1_38' title='bbox 628 675 713 734; x_wconf 90' lang='lat' dir='ltr'>victu</span> <span class='ocrx_word' id='word_1_39' title='bbox 735 675 873 734; x_wconf 84' lang='lat' dir='ltr'>mitiores</span> <span class='ocrx_word' id='word_1_40' title='bbox 903 683 935 734; x_wconf 90' lang='lat' dir='ltr'>et</span> <span class='ocrx_word' id='word_1_41' title='bbox 958 675 1058 747; x_wconf 88' lang='lat' dir='ltr'>cultu;</span> <span class='ocrx_word' id='word_1_42' title='bbox 1080 673 1205 732; x_wconf 87' lang='lat' dir='ltr'>latroci-</span> 
     </span>
     <span class='ocr_line' id='line_1_7' title="bbox 201 770 1203 851; baseline -0.001 -23"><span class='ocrx_word' id='word_1_43' title='bbox 201 770 303 830; x_wconf 93' lang='lat' dir='ltr'>nando</span> <span class='ocrx_word' id='word_1_44' title='bbox 315 778 346 829; x_wconf 87' lang='lat' dir='ltr'>et</span> <span class='ocrx_word' id='word_1_45' title='bbox 356 770 497 831; x_wconf 90' lang='lat' dir='ltr'>venando</span> <span class='ocrx_word' id='word_1_46' title='bbox 508 771 645 851; x_wconf 90' lang='lat' dir='ltr'>adusque</span> <span class='ocrx_word' id='word_1_47' title='bbox 657 773 819 831; x_wconf 79' lang='lat' dir='ltr'>Maeotica*</span> <span class='ocrx_word' id='word_1_48' title='bbox 837 780 943 850; x_wconf 88' lang='lat' dir='ltr'>stagna</span> <span class='ocrx_word' id='word_1_49' title='bbox 956 779 987 830; x_wconf 92' lang='lat' dir='ltr'>et</span> <span class='ocrx_word' id='word_1_50' title='bbox 1002 770 1203 830; x_wconf 91' lang='lat' dir='ltr'>Cimmerium</span> 
     </span>
     <span class='ocr_line' id='line_1_8' title="bbox 202 867 1202 949; baseline -0.001 -24"><span class='ocrx_word' id='word_1_51' title='bbox 202 867 397 946; x_wconf 86' lang='lat' dir='ltr'>Bosphoron,</span> <span class='ocrx_word' id='word_1_52' title='bbox 416 868 585 949; x_wconf 84' lang='lat' dir='ltr'>itidemque</span> <span class='ocrx_word' id='word_1_53' title='bbox 602 869 764 927; x_wconf 90' lang='lat' dir='ltr'>Armenios</span> <span class='ocrx_word' id='word_1_54' title='bbox 784 869 991 927; x_wconf 81' lang='lat' dir='ltr'>discurrentes</span> <span class='ocrx_word' id='word_1_55' title='bbox 1010 876 1042 927; x_wconf 88' lang='lat' dir='ltr'>et</span> <span class='ocrx_word' id='word_1_56' title='bbox 1056 867 1202 927; x_wconf 88' lang='lat' dir='ltr'>Mediam.</span> 
     </span>
     <span class='ocr_line' id='line_1_9' title="bbox 204 963 1202 1046; baseline -0.002 -24"><span class='ocrx_word' id='word_1_57' title='bbox 204 963 306 1045; x_wconf 88' lang='lat' dir='ltr'>thue</span> <span class='ocrx_word' id='word_1_58' title='bbox 317 963 493 1023; x_wconf 91' lang='lat' dir='ltr'>hominibus</span> <span class='ocrx_word' id='word_1_59' title='bbox 510 965 621 1046; x_wconf 88' lang='lat' dir='ltr'>quietis</span> <span class='ocrx_word' id='word_1_60' title='bbox 634 972 664 1024; x_wconf 90' lang='lat' dir='ltr'>et</span> <span class='ocrx_word' id='word_1_61' title='bbox 683 964 811 1044; x_wconf 89' lang='lat' dir='ltr'>placidis</span> <span class='ocrx_word' id='word_1_62' title='bbox 824 965 922 1023; x_wconf 88' lang='lat' dir='ltr'>otium</span> <span class='ocrx_word' id='word_1_63' title='bbox 938 972 984 1023; x_wconf 90' lang='lat' dir='ltr'>est</span> <span class='ocrx_word' id='word_1_64' title='bbox 1000 963 1202 1043; x_wconf 81' lang='lat' dir='ltr'>voluptabile,</span> 
     </span>
     <span class='ocr_line' id='line_1_10' title="bbox 202 1061 1204 1141; baseline 0 -23"><span class='ocrx_word' id='word_1_65' title='bbox 202 1061 245 1120; x_wconf 90' lang='lat' dir='ltr'>ita</span> <span class='ocrx_word' id='word_1_66' title='bbox 257 1061 325 1119; x_wconf 89' lang='lat' dir='ltr'>illos</span> <span class='ocrx_word' id='word_1_67' title='bbox 344 1061 479 1140; x_wconf 91' lang='lat' dir='ltr'>pericula</span> <span class='ocrx_word' id='word_1_68' title='bbox 490 1061 601 1141; x_wconf 85' lang='lat' dir='ltr'>juvant</span> <span class='ocrx_word' id='word_1_69' title='bbox 618 1068 649 1119; x_wconf 91' lang='lat' dir='ltr'>et</span> <span class='ocrx_word' id='word_1_70' title='bbox 662 1061 750 1122; x_wconf 90' lang='lat' dir='ltr'>bella.</span> <span class='ocrx_word' id='word_1_71' title='bbox 775 1061 938 1120; x_wconf 86' lang='lat' dir='ltr'>Judicatur</span> <span class='ocrx_word' id='word_1_72' title='bbox 957 1061 999 1119; x_wconf 95' lang='lat' dir='ltr'>ibi</span> <span class='ocrx_word' id='word_1_73' title='bbox 1018 1061 1134 1131; x_wconf 73' lang='lat' dir='ltr'>beatuS,</span> <span class='ocrx_word' id='word_1_74' title='bbox 1151 1061 1204 1141; x_wconf 90' lang='lat' dir='ltr'>qui</span> 
     </span>
     <span class='ocr_line' id='line_1_11' title="bbox 202 1157 1204 1238; baseline -0.001 -23"><span class='ocrx_word' id='word_1_75' title='bbox 202 1158 233 1216; x_wconf 95' lang='lat' dir='ltr'>in</span> <span class='ocrx_word' id='word_1_76' title='bbox 255 1157 364 1237; x_wconf 89' lang='lat' dir='ltr'>proelio</span> <span class='ocrx_word' id='word_1_77' title='bbox 379 1157 552 1238; x_wconf 80' lang='lat' dir='ltr'>profuderit</span> <span class='ocrx_word' id='word_1_78' title='bbox 571 1158 704 1216; x_wconf 90' lang='lat' dir='ltr'>animam</span> <span class='ocrx_word' id='word_1_79' title='bbox 720 1177 725 1228; x_wconf 92' lang='lat'>;</span> <span class='ocrx_word' id='word_1_80' title='bbox 750 1167 942 1232; x_wconf 84' lang='lat' dir='ltr'>senescentes</span> <span class='ocrx_word' id='word_1_81' title='bbox 957 1157 1038 1217; x_wconf 88' lang='lat' dir='ltr'>enim</span> <span class='ocrx_word' id='word_1_82' title='bbox 1051 1163 1082 1216; x_wconf 86' lang='lat' dir='ltr'>et</span> <span class='ocrx_word' id='word_1_83' title='bbox 1093 1157 1204 1215; x_wconf 88' lang='lat' dir='ltr'>lortui-</span> 
     </span>
     <span class='ocr_line' id='line_1_12' title="bbox 202 1253 1205 1334; baseline -0.001 -21"><span class='ocrx_word' id='word_1_84' title='bbox 202 1255 241 1314; x_wconf 91' lang='lat' dir='ltr'>tis</span> <span class='ocrx_word' id='word_1_85' title='bbox 264 1255 416 1313; x_wconf 91' lang='lat' dir='ltr'>mortibus</span> <span class='ocrx_word' id='word_1_86' title='bbox 440 1255 576 1313; x_wconf 86' lang='lat' dir='ltr'>mundo*</span> <span class='ocrx_word' id='word_1_87' title='bbox 598 1255 751 1333; x_wconf 88' lang='lat' dir='ltr'>digressos</span> <span class='ocrx_word' id='word_1_88' title='bbox 776 1263 810 1313; x_wconf 92' lang='lat' dir='ltr'>ut</span> <span class='ocrx_word' id='word_1_89' title='bbox 832 1255 997 1334; x_wconf 84' lang='lat' dir='ltr'>degeneres</span> <span class='ocrx_word' id='word_1_90' title='bbox 1025 1261 1055 1313; x_wconf 88' lang='lat' dir='ltr'>et</span> <span class='ocrx_word' id='word_1_91' title='bbox 1077 1253 1205 1332; x_wconf 89' lang='lat' dir='ltr'>ignavos</span> 
     </span>
     <span class='ocr_line' id='line_1_13' title="bbox 202 1349 1204 1432; baseline -0.002 -23"><span class='ocrx_word' id='word_1_92' title='bbox 202 1351 350 1410; x_wconf 91' lang='lat' dir='ltr'>conviciis</span> <span class='ocrx_word' id='word_1_93' title='bbox 374 1350 528 1410; x_wconf 77' lang='lat' dir='ltr'>atrocibus</span> <span class='ocrx_word' id='word_1_94' title='bbox 550 1352 757 1424; x_wconf 89' lang='lat' dir='ltr'>insectantur;</span> <span class='ocrx_word' id='word_1_95' title='bbox 784 1372 840 1410; x_wconf 89' lang='lat' dir='ltr'>nec</span> <span class='ocrx_word' id='word_1_96' title='bbox 864 1351 1032 1432; x_wconf 88' lang='lat' dir='ltr'>quidquam</span> <span class='ocrx_word' id='word_1_97' title='bbox 1059 1349 1204 1429; x_wconf 92' lang='lat' dir='ltr'>estquod</span> 
     </span>
     <span class='ocr_line' id='line_1_14' title="bbox 202 1447 1205 1528; baseline -0.001 -22"><span class='ocrx_word' id='word_1_98' title='bbox 202 1448 312 1506; x_wconf 88' lang='lat' dir='ltr'>elatius</span> <span class='ocrx_word' id='word_1_99' title='bbox 326 1447 469 1527; x_wconf 87' lang='lat' dir='ltr'>jactitent</span> <span class='ocrx_word' id='word_1_100' title='bbox 490 1469 580 1528; x_wconf 87' lang='lat' dir='ltr'>quam</span> <span class='ocrx_word' id='word_1_101' title='bbox 606 1449 730 1508; x_wconf 94' lang='lat' dir='ltr'>homine</span> <span class='ocrx_word' id='word_1_102' title='bbox 754 1449 910 1528; x_wconf 83' lang='lat' dir='ltr'>quolibet*</span> <span class='ocrx_word' id='word_1_103' title='bbox 937 1448 1065 1507; x_wconf 88' lang='lat' dir='ltr'>occiso:</span> <span class='ocrx_word' id='word_1_104' title='bbox 1087 1467 1205 1526; x_wconf 88' lang='lat' dir='ltr'>proque</span> 
     </span>
     <span class='ocr_line' id='line_1_15' title="bbox 202 1543 1206 1624; baseline -0.002 -20"><span class='ocrx_word' id='word_1_105' title='bbox 202 1544 322 1604; x_wconf 87' lang='lat' dir='ltr'>exuviis</span> <span class='ocrx_word' id='word_1_106' title='bbox 341 1544 493 1623; x_wconf 87' lang='lat' dir='ltr'>gloriosis,</span> <span class='ocrx_word' id='word_1_107' title='bbox 511 1545 744 1604; x_wconf 85' lang='lat' dir='ltr'>interfectorum</span> <span class='ocrx_word' id='word_1_108' title='bbox 768 1544 881 1604; x_wconf 84' lang='lat' dir='ltr'>avulsis</span> <span class='ocrx_word' id='word_1_109' title='bbox 904 1544 1067 1624; x_wconf 89' lang='lat' dir='ltr'>capitibus,</span> <span class='ocrx_word' id='word_1_110' title='bbox 1085 1543 1206 1602; x_wconf 85' lang='lat' dir='ltr'>detrac-</span> 
     </span>
     <span class='ocr_line' id='line_1_16' title="bbox 201 1640 1203 1722; baseline -0.001 -21"><span class='ocrx_word' id='word_1_111' title='bbox 201 1642 267 1701; x_wconf 86' lang='lat' dir='ltr'>tas*</span> <span class='ocrx_word' id='word_1_112' title='bbox 279 1641 373 1722; x_wconf 88' lang='lat' dir='ltr'>pelles</span> <span class='ocrx_word' id='word_1_113' title='bbox 383 1661 437 1720; x_wconf 92' lang='lat' dir='ltr'>pro</span> <span class='ocrx_word' id='word_1_114' title='bbox 452 1641 598 1720; x_wconf 86' lang='lat' dir='ltr'>phaleris*</span> <span class='ocrx_word' id='word_1_115' title='bbox 607 1641 757 1720; x_wconf 87' lang='lat' dir='ltr'>jumentis</span> <span class='ocrx_word' id='word_1_116' title='bbox 771 1640 1203 1700; x_wconf 83' lang='lat' dir='ltr'>accommodant*bellatoriis.</span> 
     </span>
     <span class='ocr_line' id='line_1_17' title="bbox 203 1737 1205 1817; baseline -0.001 -20"><span class='ocrx_word' id='word_1_117' title='bbox 203 1739 267 1798; x_wconf 92' lang='lat' dir='ltr'>Nec</span> <span class='ocrx_word' id='word_1_118' title='bbox 291 1737 440 1817; x_wconf 88' lang='lat' dir='ltr'>templum</span> <span class='ocrx_word' id='word_1_119' title='bbox 462 1738 545 1817; x_wconf 94' lang='lat' dir='ltr'>apud</span> <span class='ocrx_word' id='word_1_120' title='bbox 567 1759 618 1796; x_wconf 93' lang='lat' dir='ltr'>eos</span> <span class='ocrx_word' id='word_1_121' title='bbox 635 1739 756 1810; x_wconf 89' lang='lat' dir='ltr'>visitur,</span> <span class='ocrx_word' id='word_1_122' title='bbox 773 1746 826 1797; x_wconf 91' lang='lat' dir='ltr'>aut</span> <span class='ocrx_word' id='word_1_123' title='bbox 842 1739 1015 1806; x_wconf 92' lang='lat' dir='ltr'>delubrum,</span> <span class='ocrx_word' id='word_1_124' title='bbox 1034 1758 1090 1796; x_wconf 94' lang='lat' dir='ltr'>nec</span> <span class='ocrx_word' id='word_1_125' title='bbox 1113 1745 1205 1816; x_wconf 87' lang='lat' dir='ltr'>tugu-</span> 
     </span>
     <span class='ocr_line' id='line_1_18' title="bbox 202 1833 1204 1914; baseline -0.002 -21"><span class='ocrx_word' id='word_1_126' title='bbox 202 1836 282 1895; x_wconf 91' lang='lat' dir='ltr'>rium</span> <span class='ocrx_word' id='word_1_127' title='bbox 304 1835 428 1914; x_wconf 90' lang='lat' dir='ltr'>quidem</span> <span class='ocrx_word' id='word_1_128' title='bbox 449 1834 551 1893; x_wconf 90' lang='lat' dir='ltr'>culmo</span> <span class='ocrx_word' id='word_1_129' title='bbox 576 1841 692 1894; x_wconf 88' lang='lat' dir='ltr'>tectum</span> <span class='ocrx_word' id='word_1_130' title='bbox 723 1835 806 1893; x_wconf 91' lang='lat' dir='ltr'>cerni</span> <span class='ocrx_word' id='word_1_131' title='bbox 829 1855 957 1914; x_wconf 85' lang='lat' dir='ltr'>usquam</span> <span class='ocrx_word' id='word_1_132' title='bbox 984 1842 1116 1914; x_wconf 89' lang='lat' dir='ltr'>potest:</span> <span class='ocrx_word' id='word_1_133' title='bbox 1150 1833 1204 1892; x_wconf 90' lang='lat' dir='ltr'>sed</span> 
     </span>
     <span class='ocr_line' id='line_1_19' title="bbox 203 1930 1206 2011; baseline -0.001 -22"><span class='ocrx_word' id='word_1_134' title='bbox 203 1932 342 2009; x_wconf 85' lang='lat' dir='ltr'>gladius*</span> <span class='ocrx_word' id='word_1_135' title='bbox 363 1932 522 1990; x_wconf 90' lang='lat' dir='ltr'>barbarico</span> <span class='ocrx_word' id='word_1_136' title='bbox 541 1931 603 1990; x_wconf 90' lang='lat' dir='ltr'>ritu</span> <span class='ocrx_word' id='word_1_137' title='bbox 629 1931 713 1990; x_wconf 90' lang='lat' dir='ltr'>humi</span> <span class='ocrx_word' id='word_1_138' title='bbox 743 1932 847 2009; x_wconf 84' lang='lat' dir='ltr'>figitur</span> <span class='ocrx_word' id='word_1_139' title='bbox 870 1930 982 2003; x_wconf 77' lang='lat' dir='ltr'>nuduS,</span> <span class='ocrx_word' id='word_1_140' title='bbox 1013 1952 1144 2011; x_wconf 88' lang='lat' dir='ltr'>eumque</span> <span class='ocrx_word' id='word_1_141' title='bbox 1170 1937 1206 1988; x_wconf 92' lang='lat' dir='ltr'>ut</span> 
     </span>
     <span class='ocr_line' id='line_1_20' title="bbox 203 2028 1205 2108; baseline -0.001 -21"><span class='ocrx_word' id='word_1_142' title='bbox 203 2029 346 2099; x_wconf 85' lang='lat' dir='ltr'>Martem,</span> <span class='ocrx_word' id='word_1_143' title='bbox 370 2029 529 2105; x_wconf 88' lang='lat' dir='ltr'>regionum</span> <span class='ocrx_word' id='word_1_144' title='bbox 554 2049 629 2108; x_wconf 91' lang='lat' dir='ltr'>quas</span> <span class='ocrx_word' id='word_1_145' title='bbox 656 2029 891 2087; x_wconf 89' lang='lat' dir='ltr'>circumcircant</span> <span class='ocrx_word' id='word_1_146' title='bbox 917 2028 1089 2107; x_wconf 80' lang='lat' dir='ltr'>praesulem,</span> <span class='ocrx_word' id='word_1_147' title='bbox 1116 2047 1205 2086; x_wconf 85' lang='lat' dir='ltr'>vere-</span> 
     </span>
     <span class='ocr_line' id='line_1_21' title="bbox 203 2124 1205 2204; baseline -0.002 -20"><span class='ocrx_word' id='word_1_148' title='bbox 203 2125 333 2184; x_wconf 89' lang='lat' dir='ltr'>cundius</span> <span class='ocrx_word' id='word_1_149' title='bbox 349 2125 465 2184; x_wconf 91' lang='lat' dir='ltr'>colunt.</span> <span class='ocrx_word' id='word_1_150' title='bbox 484 2125 622 2184; x_wconf 89' lang='lat' dir='ltr'>Servitus</span> <span class='ocrx_word' id='word_1_151' title='bbox 633 2125 707 2204; x_wconf 92' lang='lat' dir='ltr'>quid</span> <span class='ocrx_word' id='word_1_152' title='bbox 730 2125 770 2184; x_wconf 92' lang='lat' dir='ltr'>sit</span> <span class='ocrx_word' id='word_1_153' title='bbox 784 2124 977 2202; x_wconf 81' lang='lat' dir='ltr'>ignorabant,</span> <span class='ocrx_word' id='word_1_154' title='bbox 994 2145 1101 2184; x_wconf 88' lang='lat' dir='ltr'>omnes</span> <span class='ocrx_word' id='word_1_155' title='bbox 1114 2141 1205 2203; x_wconf 87' lang='lat' dir='ltr'>gene-</span> 
     </span>
     <span class='ocr_line' id='line_1_22' title="bbox 202 2221 1206 2302; baseline 0 -22"><span class='ocrx_word' id='word_1_156' title='bbox 202 2243 273 2280; x_wconf 89' lang='lat' dir='ltr'>roso</span> <span class='ocrx_word' id='word_1_157' title='bbox 293 2221 408 2280; x_wconf 88' lang='lat' dir='ltr'>semine</span> <span class='ocrx_word' id='word_1_158' title='bbox 430 2222 582 2301; x_wconf 89' lang='lat' dir='ltr'>procreati</span> <span class='ocrx_word' id='word_1_159' title='bbox 607 2221 835 2302; x_wconf 86' lang='lat' dir='ltr'>:judicesque*</span> <span class='ocrx_word' id='word_1_160' title='bbox 860 2222 952 2280; x_wconf 89' lang='lat' dir='ltr'>etiam</span> <span class='ocrx_word' id='word_1_161' title='bbox 981 2242 1063 2280; x_wconf 91' lang='lat' dir='ltr'>nunc</span> <span class='ocrx_word' id='word_1_162' title='bbox 1086 2222 1206 2298; x_wconf 87' lang='lat' dir='ltr'>eligunt</span> 
     </span>
     <span class='ocr_line' id='line_1_23' title="bbox 203 2318 749 2398; baseline 0.004 -21"><span class='ocrx_word' id='word_1_163' title='bbox 203 2318 350 2377; x_wconf 85' lang='lat' dir='ltr'>diuturno</span> <span class='ocrx_word' id='word_1_164' title='bbox 366 2318 500 2377; x_wconf 90' lang='lat' dir='ltr'>bellandi</span> <span class='ocrx_word' id='word_1_165' title='bbox 513 2339 571 2377; x_wconf 93' lang='lat' dir='ltr'>usu</span> <span class='ocrx_word' id='word_1_166' title='bbox 582 2326 749 2398; x_wconf 73' lang='lat' dir='ltr'>spectatos·</span> 
     </span>
    </p>
   </div>
   <div class='ocr_carea' id='block_1_4' title="bbox 203 2479 1210 3836">
    <p class='ocr_par' dir='ltr' id='par_1_4' title="bbox 203 2479 1210 3836">
     <span class='ocr_line' id='line_1_24' title="bbox 234 2479 1208 2544; baseline -0.004 -12"><span class='ocrx_word' id='word_1_167' title='bbox 234 2481 275 2531; x_wconf 71' lang='grc' dir='ltr'>111ο</span> <span class='ocrx_word' id='word_1_168' title='bbox 292 2481 356 2532; x_wconf 76' lang='lat'>157</span> <span class='ocrx_word' id='word_1_169' title='bbox 370 2495 376 2530; x_wconf 90' lang='lat'>:</span> <span class='ocrx_word' id='word_1_170' title='bbox 389 2480 499 2531; x_wconf 78' lang='lat' dir='ltr'>Alani.</span> <span class='ocrx_word' id='word_1_171' title='bbox 512 2481 563 2530; x_wconf 83' lang='lat' dir='ltr'>Les</span> <span class='ocrx_word' id='word_1_172' title='bbox 575 2481 676 2541; x_wconf 87' lang='lat' dir='ltr'>Alains,</span> <span class='ocrx_word' id='word_1_173' title='bbox 686 2481 783 2544; x_wconf 88' lang='lat' dir='ltr'>peuplc</span> <span class='ocrx_word' id='word_1_174' title='bbox 791 2481 905 2530; x_wconf 88' lang='lat' dir='ltr'>nomade</span> <span class='ocrx_word' id='word_1_175' title='bbox 917 2479 1044 2544; x_wconf 85' lang='lat' dir='ltr'>d&#39;origine</span> <span class='ocrx_word' id='word_1_176' title='bbox 1056 2481 1208 2543; x_wconf 89' lang='lat' dir='ltr'>scythique,</span> 
     </span>
     <span class='ocr_line' id='line_1_25' title="bbox 203 2542 1209 2605; baseline -0.002 -14"><span class='ocrx_word' id='word_1_177' title='bbox 203 2544 321 2591; x_wconf 85' lang='lat' dir='ltr'>erraient</span> <span class='ocrx_word' id='word_1_178' title='bbox 339 2557 406 2590; x_wconf 87' lang='lat' dir='ltr'>avec</span> <span class='ocrx_word' id='word_1_179' title='bbox 419 2543 491 2590; x_wconf 87' lang='lat' dir='ltr'>leurs</span> <span class='ocrx_word' id='word_1_180' title='bbox 504 2545 654 2605; x_wconf 83' lang='lat' dir='ltr'>troupeaux</span> <span class='ocrx_word' id='word_1_181' title='bbox 670 2543 737 2591; x_wconf 88' lang='lat' dir='ltr'>dans</span> <span class='ocrx_word' id='word_1_182' title='bbox 752 2544 790 2590; x_wconf 90' lang='lat' dir='ltr'>les</span> <span class='ocrx_word' id='word_1_183' title='bbox 807 2545 896 2590; x_wconf 83' lang='lat' dir='ltr'>vastes</span> <span class='ocrx_word' id='word_1_184' title='bbox 913 2547 1023 2604; x_wconf 89' lang='lat' dir='ltr'>steppes</span> <span class='ocrx_word' id='word_1_185' title='bbox 1040 2543 1076 2590; x_wconf 89' lang='lat' dir='ltr'>du</span> <span class='ocrx_word' id='word_1_186' title='bbox 1093 2542 1159 2589; x_wconf 90' lang='lat' dir='ltr'>nord</span> <span class='ocrx_word' id='word_1_187' title='bbox 1171 2544 1209 2589; x_wconf 93' lang='lat' dir='ltr'>du</span> 
     </span>
     <span class='ocr_line' id='line_1_26' title="bbox 204 2604 1209 2666; baseline -0.002 -14"><span class='ocrx_word' id='word_1_188' title='bbox 204 2605 331 2662; x_wconf 88' lang='lat' dir='ltr'>Caucase,</span> <span class='ocrx_word' id='word_1_189' title='bbox 350 2618 384 2651; x_wconf 86' lang='lat' dir='ltr'>au</span> <span class='ocrx_word' id='word_1_190' title='bbox 397 2604 458 2652; x_wconf 78' lang='lat' dir='ltr'>dela</span> <span class='ocrx_word' id='word_1_191' title='bbox 476 2605 512 2651; x_wconf 92' lang='lat' dir='ltr'>du</span> <span class='ocrx_word' id='word_1_192' title='bbox 536 2605 630 2666; x_wconf 82' lang='lat' dir='ltr'>Volga,</span> <span class='ocrx_word' id='word_1_193' title='bbox 651 2606 766 2666; x_wconf 88' lang='lat' dir='ltr'>lorsque,</span> <span class='ocrx_word' id='word_1_194' title='bbox 785 2619 846 2652; x_wconf 89' lang='lat' dir='ltr'>vers</span> <span class='ocrx_word' id='word_1_195' title='bbox 867 2607 920 2662; x_wconf 78' lang='lat'>375,</span> <span class='ocrx_word' id='word_1_196' title='bbox 940 2605 979 2651; x_wconf 87' lang='lat' dir='ltr'>les</span> <span class='ocrx_word' id='word_1_197' title='bbox 997 2605 1074 2651; x_wconf 89' lang='lat' dir='ltr'>Huns</span> <span class='ocrx_word' id='word_1_198' title='bbox 1090 2604 1129 2650; x_wconf 90' lang='lat' dir='ltr'>les</span> <span class='ocrx_word' id='word_1_199' title='bbox 1145 2618 1209 2650; x_wconf 91' lang='lat' dir='ltr'>sou-</span> 
     </span>
     <span class='ocr_line' id='line_1_27' title="bbox 204 2664 1210 2715; baseline -0.001 -2"><span class='ocrx_word' id='word_1_200' title='bbox 204 2667 302 2714; x_wconf 90' lang='lat' dir='ltr'>mirent</span> <span class='ocrx_word' id='word_1_201' title='bbox 315 2669 342 2714; x_wconf 85' lang='lat' dir='ltr'>et</span> <span class='ocrx_word' id='word_1_202' title='bbox 358 2666 396 2712; x_wconf 90' lang='lat' dir='ltr'>les</span> <span class='ocrx_word' id='word_1_203' title='bbox 409 2665 592 2715; x_wconf 77' lang='lat' dir='ltr'>entralntrent</span> <span class='ocrx_word' id='word_1_204' title='bbox 604 2667 619 2713; x_wconf 77' lang='lat' dir='ltr'>a</span> <span class='ocrx_word' id='word_1_205' title='bbox 631 2666 689 2713; x_wconf 90' lang='lat' dir='ltr'>leur</span> <span class='ocrx_word' id='word_1_206' title='bbox 704 2668 772 2714; x_wconf 91' lang='lat' dir='ltr'>suite</span> <span class='ocrx_word' id='word_1_207' title='bbox 785 2667 851 2714; x_wconf 84' lang='lat' dir='ltr'>dans</span> <span class='ocrx_word' id='word_1_208' title='bbox 864 2666 934 2713; x_wconf 88' lang='lat' dir='ltr'>leurs</span> <span class='ocrx_word' id='word_1_209' title='bbox 947 2679 979 2712; x_wconf 86' lang='lat' dir='ltr'>ex</span> <span class='ocrx_word' id='word_1_210' title='bbox 1001 2665 1123 2713; x_wconf 80' lang='lat' dir='ltr'>editions.</span> <span class='ocrx_word' id='word_1_211' title='bbox 1142 2664 1210 2712; x_wconf 94' lang='lat' dir='ltr'>Voir</span> 
     </span>
     <span class='ocr_line' id='line_1_28' title="bbox 203 2681 1207 2788; baseline -0.002 -13"><span class='ocrx_word' id='word_1_212' title='bbox 203 2730 229 2775; x_wconf 89' lang='lat' dir='ltr'>la</span> <span class='ocrx_word' id='word_1_213' title='bbox 246 2733 279 2776; x_wconf 79' lang='lat'>1¹·</span> <span class='ocrx_word' id='word_1_214' title='bbox 297 2730 360 2775; x_wconf 88' lang='lat' dir='ltr'>note</span> <span class='ocrx_word' id='word_1_215' title='bbox 372 2728 406 2774; x_wconf 93' lang='lat' dir='ltr'>de</span> <span class='ocrx_word' id='word_1_216' title='bbox 419 2729 444 2775; x_wconf 90' lang='lat' dir='ltr'>la</span> <span class='ocrx_word' id='word_1_217' title='bbox 461 2728 568 2775; x_wconf 88' lang='lat' dir='ltr'>version</span> <span class='ocrx_word' id='word_1_218' title='bbox 582 2728 714 2776; x_wconf 82' lang='lat' dir='ltr'>salvante.</span> <span class='ocrx_word' id='word_1_219' title='bbox 732 2755 760 2763; x_wconf 90' lang='lat'>-</span> <span class='ocrx_word' id='word_1_220' title='bbox 779 2681 1207 2788; x_wconf 74' lang='lat' dir='ltr'>rorvitate.·dr.1·expressi0n</span> 
     </span>
     <span class='ocr_line' id='line_1_29' title="bbox 205 2787 1207 2862; baseline -0.002 -26"><span class='ocrx_word' id='word_1_221' title='bbox 205 2791 282 2838; x_wconf 82' lang='lat' dir='ltr'>torua</span> <span class='ocrx_word' id='word_1_222' title='bbox 302 2790 345 2850; x_wconf 75' lang='lat' dir='ltr'>(de</span> <span class='ocrx_word' id='word_1_223' title='bbox 368 2789 473 2862; x_wconf 84' lang='lat' dir='ltr'>taurus)</span> <span class='ocrx_word' id='word_1_224' title='bbox 493 2788 574 2838; x_wconf 80' lang='lat' dir='ltr'>tueri.</span> <span class='ocrx_word' id='word_1_225' title='bbox 593 2816 624 2824; x_wconf 92' lang='lat'>-</span> <span class='ocrx_word' id='word_1_226' title='bbox 642 2787 826 2848; x_wconf 86' lang='lat' dir='ltr'>Armorum,</span> <span class='ocrx_word' id='word_1_227' title='bbox 847 2790 880 2836; x_wconf 93' lang='lat' dir='ltr'>de</span> <span class='ocrx_word' id='word_1_228' title='bbox 900 2787 978 2848; x_wconf 84' lang='lat' dir='ltr'>armi,</span> <span class='ocrx_word' id='word_1_229' title='bbox 994 2804 1048 2836; x_wconf 89' lang='lat' dir='ltr'>non</span> <span class='ocrx_word' id='word_1_230' title='bbox 1068 2790 1100 2836; x_wconf 90' lang='lat' dir='ltr'>de</span> <span class='ocrx_word' id='word_1_231' title='bbox 1121 2803 1207 2835; x_wconf 82' lang='lat' dir='ltr'>arma.</span> 
     </span>
     <span class='ocr_line' id='line_1_30' title="bbox 205 2849 1208 2909; baseline -0.003 -10"><span class='ocrx_word' id='word_1_232' title='bbox 205 2851 314 2899; x_wconf 84' lang='lat' dir='ltr'>Comme</span> <span class='ocrx_word' id='word_1_233' title='bbox 326 2852 365 2898; x_wconf 90' lang='lat' dir='ltr'>les</span> <span class='ocrx_word' id='word_1_234' title='bbox 374 2851 450 2898; x_wconf 89' lang='lat' dir='ltr'>Huns</span> <span class='ocrx_word' id='word_1_235' title='bbox 462 2851 494 2898; x_wconf 82' lang='lat' dir='ltr'>ils</span> <span class='ocrx_word' id='word_1_236' title='bbox 506 2851 627 2898; x_wconf 85' lang='lat' dir='ltr'>savaient</span> <span class='ocrx_word' id='word_1_237' title='bbox 639 2852 730 2898; x_wconf 90' lang='lat' dir='ltr'>lancer</span> <span class='ocrx_word' id='word_1_238' title='bbox 740 2852 765 2898; x_wconf 86' lang='lat' dir='ltr'>le</span> <span class='ocrx_word' id='word_1_239' title='bbox 779 2852 856 2898; x_wconf 85' lang='lat' dir='ltr'>lasso.</span> <span class='ocrx_word' id='word_1_240' title='bbox 869 2877 897 2885; x_wconf 95' lang='lat'><em>-</em></span> <span class='ocrx_word' id='word_1_241' title='bbox 911 2850 1067 2900; x_wconf 74' lang='lat' dir='ltr'>Maeotica</span> <span class='ocrx_word' id='word_1_242' title='bbox 1080 2865 1086 2897; x_wconf 78' lang='lat' dir='ltr'>z</span> <span class='ocrx_word' id='word_1_243' title='bbox 1101 2849 1208 2909; x_wconf 80' lang='lat' dir='ltr'>aujour-</span> 
     </span>
     <span class='ocr_line' id='line_1_31' title="bbox 204 2910 1206 2972; baseline -0.001 -12"><span class='ocrx_word' id='word_1_244' title='bbox 204 2911 276 2960; x_wconf 91' lang='lat' dir='ltr'>d‘hui</span> <span class='ocrx_word' id='word_1_245' title='bbox 303 2913 327 2959; x_wconf 87' lang='lat' dir='ltr'>la</span> <span class='ocrx_word' id='word_1_246' title='bbox 353 2927 410 2959; x_wconf 89' lang='lat' dir='ltr'>mer</span> <span class='ocrx_word' id='word_1_247' title='bbox 435 2912 543 2962; x_wconf 81' lang='lat' dir='ltr'>d’Azov‚</span> <span class='ocrx_word' id='word_1_248' title='bbox 567 2939 597 2947; x_wconf 99' lang='lat'>-</span> <span class='ocrx_word' id='word_1_249' title='bbox 620 2912 741 2963; x_wconf 82' lang='lat' dir='ltr'>Mundo</span> <span class='ocrx_word' id='word_1_250' title='bbox 766 2928 771 2960; x_wconf 92' lang='lat'>:</span> <span class='ocrx_word' id='word_1_251' title='bbox 791 2914 872 2971; x_wconf 86' lang='lat' dir='ltr'>terra,</span> <span class='ocrx_word' id='word_1_252' title='bbox 897 2911 959 2960; x_wconf 86' lang='lat' dir='ltr'>vita.</span> <span class='ocrx_word' id='word_1_253' title='bbox 978 2940 1008 2947; x_wconf 92' lang='lat'>—</span> <span class='ocrx_word' id='word_1_254' title='bbox 1026 2910 1177 2972; x_wconf 79' lang='lat' dir='ltr'>Quolibet</span> <span class='ocrx_word' id='word_1_255' title='bbox 1200 2925 1206 2959; x_wconf 91' lang='lat'>:</span> 
     </span>
     <span class='ocr_line' id='line_1_32' title="bbox 205 2973 1209 3036; baseline -0.001 -16"><span class='ocrx_word' id='word_1_256' title='bbox 205 2975 239 3022; x_wconf 88' lang='lat' dir='ltr'>ils</span> <span class='ocrx_word' id='word_1_257' title='bbox 250 2976 328 3022; x_wconf 90' lang='lat' dir='ltr'>tuent</span> <span class='ocrx_word' id='word_1_258' title='bbox 344 2988 414 3035; x_wconf 91' lang='lat' dir='ltr'>pour</span> <span class='ocrx_word' id='word_1_259' title='bbox 428 2977 496 3022; x_wconf 87' lang='lat' dir='ltr'>tuer.</span> <span class='ocrx_word' id='word_1_260' title='bbox 509 2999 539 3009; x_wconf 94' lang='lat'>-</span> <span class='ocrx_word' id='word_1_261' title='bbox 556 2973 737 3024; x_wconf 75' lang='lat' dir='ltr'>Detractas</span> <span class='ocrx_word' id='word_1_262' title='bbox 751 2989 756 3022; x_wconf 89' lang='lat'>:</span> <span class='ocrx_word' id='word_1_263' title='bbox 771 2975 802 3022; x_wconf 90' lang='lat' dir='ltr'>ils</span> <span class='ocrx_word' id='word_1_264' title='bbox 815 2974 934 3036; x_wconf 85' lang='lat' dir='ltr'>scalpent</span> <span class='ocrx_word' id='word_1_265' title='bbox 946 2974 984 3021; x_wconf 91' lang='lat' dir='ltr'>les</span> <span class='ocrx_word' id='word_1_266' title='bbox 1000 2973 1125 3028; x_wconf 69' lang='lat' dir='ltr'>vaineus,</span> <span class='ocrx_word' id='word_1_267' title='bbox 1142 2988 1209 3020; x_wconf 87' lang='lat' dir='ltr'>cou-</span> 
     </span>
     <span class='ocr_line' id='line_1_33' title="bbox 206 3033 1207 3097; baseline -0.001 -15"><span class='ocrx_word' id='word_1_268' title='bbox 206 3039 281 3082; x_wconf 90' lang='lat' dir='ltr'>tume</span> <span class='ocrx_word' id='word_1_269' title='bbox 294 3050 345 3097; x_wconf 91' lang='lat' dir='ltr'>que</span> <span class='ocrx_word' id='word_1_270' title='bbox 357 3033 409 3082; x_wconf 88' lang='lat' dir='ltr'>l&#39;on</span> <span class='ocrx_word' id='word_1_271' title='bbox 427 3037 552 3082; x_wconf 87' lang='lat' dir='ltr'>retrouve</span> <span class='ocrx_word' id='word_1_272' title='bbox 569 3036 632 3082; x_wconf 89' lang='lat' dir='ltr'>chez</span> <span class='ocrx_word' id='word_1_273' title='bbox 648 3036 686 3082; x_wconf 88' lang='lat' dir='ltr'>les</span> <span class='ocrx_word' id='word_1_274' title='bbox 703 3051 831 3097; x_wconf 84' lang='lat' dir='ltr'>sauvages</span> <span class='ocrx_word' id='word_1_275' title='bbox 848 3036 881 3082; x_wconf 90' lang='lat' dir='ltr'>de</span> <span class='ocrx_word' id='word_1_276' title='bbox 898 3034 1060 3097; x_wconf 85' lang='lat' dir='ltr'>l&#39;Ame&#39;rique</span> <span class='ocrx_word' id='word_1_277' title='bbox 1075 3035 1110 3081; x_wconf 91' lang='lat' dir='ltr'>du</span> <span class='ocrx_word' id='word_1_278' title='bbox 1124 3035 1207 3081; x_wconf 90' lang='lat' dir='ltr'>Nord.</span> 
     </span>
     <span class='ocr_line' id='line_1_34' title="bbox 203 3096 1208 3158; baseline -0.004 -12"><span class='ocrx_word' id='word_1_279' title='bbox 203 3123 235 3135; x_wconf 84' lang='lat'><em>-</em></span> <span class='ocrx_word' id='word_1_280' title='bbox 243 3096 403 3146; x_wconf 74' lang='lat' dir='ltr'>Phalaris.</span> <span class='ocrx_word' id='word_1_281' title='bbox 415 3097 482 3144; x_wconf 92' lang='lat' dir='ltr'>Voir</span> <span class='ocrx_word' id='word_1_282' title='bbox 493 3111 524 3144; x_wconf 88' lang='lat' dir='ltr'>ce</span> <span class='ocrx_word' id='word_1_283' title='bbox 541 3102 597 3144; x_wconf 90' lang='lat' dir='ltr'>mot</span> <span class='ocrx_word' id='word_1_284' title='bbox 609 3112 643 3144; x_wconf 86' lang='lat' dir='ltr'>au</span> <span class='ocrx_word' id='word_1_285' title='bbox 651 3098 763 3158; x_wconf 84' lang='lat' dir='ltr'>lexique.</span> <span class='ocrx_word' id='word_1_286' title='bbox 777 3125 805 3132; x_wconf 94' lang='lat'><em>-</em></span> <span class='ocrx_word' id='word_1_287' title='bbox 819 3097 1085 3146; x_wconf 76' lang='lat' dir='ltr'>Accommodant.</span> <span class='ocrx_word' id='word_1_288' title='bbox 1097 3097 1166 3144; x_wconf 84' lang='lat' dir='ltr'>C&#39;est</span> <span class='ocrx_word' id='word_1_289' title='bbox 1177 3110 1208 3143; x_wconf 92' lang='lat' dir='ltr'>ce</span> 
     </span>
     <span class='ocr_line' id='line_1_35' title="bbox 206 3157 1207 3221; baseline -0.001 -16"><span class='ocrx_word' id='word_1_290' title='bbox 206 3173 258 3220; x_wconf 89' lang='lat' dir='ltr'>que</span> <span class='ocrx_word' id='word_1_291' title='bbox 279 3159 401 3205; x_wconf 84' lang='lat' dir='ltr'>saisaient</span> <span class='ocrx_word' id='word_1_292' title='bbox 421 3159 460 3205; x_wconf 93' lang='lat' dir='ltr'>les</span> <span class='ocrx_word' id='word_1_293' title='bbox 481 3158 555 3205; x_wconf 84' lang='lat' dir='ltr'>chefs</span> <span class='ocrx_word' id='word_1_294' title='bbox 574 3159 694 3221; x_wconf 85' lang='lat' dir='ltr'>mongols</span> <span class='ocrx_word' id='word_1_295' title='bbox 714 3159 885 3220; x_wconf 80' lang='lat' dir='ltr'>Gengiskhan</span> <span class='ocrx_word' id='word_1_296' title='bbox 900 3160 928 3204; x_wconf 91' lang='lat' dir='ltr'>et</span> <span class='ocrx_word' id='word_1_297' title='bbox 946 3157 1085 3206; x_wconf 88' lang='lat' dir='ltr'>Tamerlan</span> <span class='ocrx_word' id='word_1_298' title='bbox 1103 3158 1142 3220; x_wconf 85' lang='lat' dir='ltr'>(ce</span> <span class='ocrx_word' id='word_1_299' title='bbox 1161 3158 1207 3218; x_wconf 93' lang='lat' dir='ltr'>qui</span> 
     </span>
     <span class='ocr_line' id='line_1_36' title="bbox 205 3217 1207 3282; baseline 0.001 -16"><span class='ocrx_word' id='word_1_300' title='bbox 205 3220 306 3282; x_wconf 82' lang='lat' dir='ltr'>semble</span> <span class='ocrx_word' id='word_1_301' title='bbox 325 3234 442 3281; x_wconf 91' lang='lat' dir='ltr'>prouver</span> <span class='ocrx_word' id='word_1_302' title='bbox 458 3220 577 3281; x_wconf 84' lang='lat' dir='ltr'>l’origine</span> <span class='ocrx_word' id='word_1_303' title='bbox 594 3221 726 3281; x_wconf 84' lang='lat' dir='ltr'>asiatique</span> <span class='ocrx_word' id='word_1_304' title='bbox 746 3222 778 3267; x_wconf 90' lang='lat' dir='ltr'>de</span> <span class='ocrx_word' id='word_1_305' title='bbox 797 3234 841 3267; x_wconf 91' lang='lat' dir='ltr'>ces</span> <span class='ocrx_word' id='word_1_306' title='bbox 859 3219 990 3281; x_wconf 88' lang='lat' dir='ltr'>peuples).</span> <span class='ocrx_word' id='word_1_307' title='bbox 1010 3245 1040 3255; x_wconf 89' lang='lat'>-</span> <span class='ocrx_word' id='word_1_308' title='bbox 1061 3217 1207 3269; x_wconf 76' lang='lat' dir='ltr'>Gladius,</span> 
     </span>
     <span class='ocr_line' id='line_1_37' title="bbox 205 3282 1209 3358; baseline -0.001 -30"><span class='ocrx_word' id='word_1_309' title='bbox 205 3283 349 3342; x_wconf 88' lang='lat' dir='ltr'>Beaucoup</span> <span class='ocrx_word' id='word_1_310' title='bbox 363 3282 395 3328; x_wconf 91' lang='lat' dir='ltr'>de</span> <span class='ocrx_word' id='word_1_311' title='bbox 410 3282 530 3344; x_wconf 87' lang='lat' dir='ltr'>peuples,</span> <span class='ocrx_word' id='word_1_312' title='bbox 543 3285 633 3329; x_wconf 87' lang='lat' dir='ltr'>autres</span> <span class='ocrx_word' id='word_1_313' title='bbox 650 3297 702 3344; x_wconf 90' lang='lat' dir='ltr'>que</span> <span class='ocrx_word' id='word_1_314' title='bbox 714 3283 753 3330; x_wconf 89' lang='lat' dir='ltr'>les</span> <span class='ocrx_word' id='word_1_315' title='bbox 766 3282 909 3338; x_wconf 86' lang='lat' dir='ltr'>Barbares‚</span> <span class='ocrx_word' id='word_1_316' title='bbox 923 3284 971 3329; x_wconf 91' lang='lat' dir='ltr'>ont</span> <span class='ocrx_word' id='word_1_317' title='bbox 984 3282 1039 3342; x_wconf 87' lang='lat' dir='ltr'>pris</span> <span class='ocrx_word' id='word_1_318' title='bbox 1053 3295 1124 3358; x_wconf 91' lang='lat' dir='ltr'>pour</span> <span class='ocrx_word' id='word_1_319' title='bbox 1136 3295 1209 3342; x_wconf 88' lang='lat' dir='ltr'>sym-</span> 
     </span>
     <span class='ocr_line' id='line_1_38' title="bbox 206 3343 1208 3404; baseline 0.001 -15"><span class='ocrx_word' id='word_1_320' title='bbox 206 3343 266 3390; x_wconf 87' lang='lat' dir='ltr'>bole</span> <span class='ocrx_word' id='word_1_321' title='bbox 277 3344 309 3390; x_wconf 91' lang='lat' dir='ltr'>de</span> <span class='ocrx_word' id='word_1_322' title='bbox 320 3344 560 3400; x_wconf 82' lang='lat' dir='ltr'>commendement,</span> <span class='ocrx_word' id='word_1_323' title='bbox 570 3346 597 3391; x_wconf 91' lang='lat' dir='ltr'>et</span> <span class='ocrx_word' id='word_1_324' title='bbox 605 3345 690 3390; x_wconf 74' lang='lat' dir='ltr'>meme</span> <span class='ocrx_word' id='word_1_325' title='bbox 702 3344 735 3390; x_wconf 91' lang='lat' dir='ltr'>de</span> <span class='ocrx_word' id='word_1_326' title='bbox 747 3343 867 3400; x_wconf 86' lang='lat' dir='ltr'>divinite&#39;,</span> <span class='ocrx_word' id='word_1_327' title='bbox 879 3357 931 3389; x_wconf 89' lang='lat' dir='ltr'>une</span> <span class='ocrx_word' id='word_1_328' title='bbox 941 3343 1033 3391; x_wconf 90' lang='lat' dir='ltr'>hache.</span> <span class='ocrx_word' id='word_1_329' title='bbox 1043 3343 1081 3389; x_wconf 81' lang='lat' dir='ltr'>bn</span> <span class='ocrx_word' id='word_1_330' title='bbox 1116 3344 1208 3404; x_wconf 84' lang='lat' dir='ltr'>gypte,</span> 
     </span>
     <span class='ocr_line' id='line_1_39' title="bbox 205 3403 1208 3466; baseline -0.001 -15"><span class='ocrx_word' id='word_1_331' title='bbox 205 3419 239 3451; x_wconf 90' lang='lat' dir='ltr'>en</span> <span class='ocrx_word' id='word_1_332' title='bbox 259 3406 378 3466; x_wconf 77' lang='lat' dir='ltr'>Assyria,</span> <span class='ocrx_word' id='word_1_333' title='bbox 404 3405 469 3452; x_wconf 89' lang='lat' dir='ltr'>dans</span> <span class='ocrx_word' id='word_1_334' title='bbox 488 3405 512 3452; x_wconf 89' lang='lat' dir='ltr'>la</span> <span class='ocrx_word' id='word_1_335' title='bbox 540 3403 625 3453; x_wconf 74' lang='lat' dir='ltr'>Grtce</span> <span class='ocrx_word' id='word_1_336' title='bbox 644 3407 775 3466; x_wconf 78' lang='lat' dir='ltr'>asiatique</span> <span class='ocrx_word' id='word_1_337' title='bbox 797 3404 937 3466; x_wconf 75' lang='lat' dir='ltr'>(Tenedos,</span> <span class='ocrx_word' id='word_1_338' title='bbox 955 3419 1005 3464; x_wconf 87' lang='lat' dir='ltr'>par</span> <span class='ocrx_word' id='word_1_339' title='bbox 1027 3403 1165 3464; x_wconf 78' lang='lat' dir='ltr'>exemplet,</span> <span class='ocrx_word' id='word_1_340' title='bbox 1183 3404 1208 3451; x_wconf 85' lang='lat' dir='ltr'>la</span> 
     </span>
     <span class='ocr_line' id='line_1_40' title="bbox 206 3464 1209 3528; baseline -0.002 -16"><span class='ocrx_word' id='word_1_341' title='bbox 206 3466 289 3513; x_wconf 87' lang='lat' dir='ltr'>hache</span> <span class='ocrx_word' id='word_1_342' title='bbox 303 3467 369 3513; x_wconf 82' lang='lat' dir='ltr'>e&#39;tait</span> <span class='ocrx_word' id='word_1_343' title='bbox 386 3481 421 3512; x_wconf 91' lang='lat' dir='ltr'>un</span> <span class='ocrx_word' id='word_1_344' title='bbox 434 3467 508 3528; x_wconf 83' lang='lat' dir='ltr'>signe</span> <span class='ocrx_word' id='word_1_345' title='bbox 521 3467 554 3513; x_wconf 86' lang='lat' dir='ltr'>de</span> <span class='ocrx_word' id='word_1_346' title='bbox 567 3467 679 3528; x_wconf 75' lang='lat' dir='ltr'>royaute</span> <span class='ocrx_word' id='word_1_347' title='bbox 693 3481 726 3514; x_wconf 82' lang='lat' dir='ltr'>ou</span> <span class='ocrx_word' id='word_1_348' title='bbox 737 3471 769 3514; x_wconf 84' lang='lat' dir='ltr'>de</span> <span class='ocrx_word' id='word_1_349' title='bbox 788 3465 909 3513; x_wconf 76' lang='lat' dir='ltr'>divinite.</span> <span class='ocrx_word' id='word_1_350' title='bbox 925 3466 997 3513; x_wconf 87' lang='lat' dir='ltr'>Dans</span> <span class='ocrx_word' id='word_1_351' title='bbox 1010 3466 1141 3513; x_wconf 85' lang='lat' dir='ltr'>l&#39;e&#39;criture</span> <span class='ocrx_word' id='word_1_352' title='bbox 1152 3464 1209 3511; x_wconf 73' lang='lat' dir='ltr'>hie-</span> 
     </span>
     <span class='ocr_line' id='line_1_41' title="bbox 206 3525 1210 3590; baseline 0 -18"><span class='ocrx_word' id='word_1_353' title='bbox 206 3528 390 3590; x_wconf 81' lang='lat' dir='ltr'>rogtvphique,</span> <span class='ocrx_word' id='word_1_354' title='bbox 403 3527 428 3574; x_wconf 91' lang='lat' dir='ltr'>le</span> <span class='ocrx_word' id='word_1_355' title='bbox 446 3529 520 3588; x_wconf 85' lang='lat' dir='ltr'>signe</span> <span class='ocrx_word' id='word_1_356' title='bbox 533 3529 565 3575; x_wconf 88' lang='lat' dir='ltr'>de</span> <span class='ocrx_word' id='word_1_357' title='bbox 582 3528 607 3574; x_wconf 94' lang='lat' dir='ltr'>la</span> <span class='ocrx_word' id='word_1_358' title='bbox 619 3528 703 3574; x_wconf 91' lang='lat' dir='ltr'>bache</span> <span class='ocrx_word' id='word_1_359' title='bbox 721 3529 839 3588; x_wconf 80' lang='lat' dir='ltr'>exprime</span> <span class='ocrx_word' id='word_1_360' title='bbox 852 3527 876 3574; x_wconf 90' lang='lat' dir='ltr'>le</span> <span class='ocrx_word' id='word_1_361' title='bbox 889 3530 946 3574; x_wconf 86' lang='lat' dir='ltr'>mot</span> <span class='ocrx_word' id='word_1_362' title='bbox 958 3527 1018 3573; x_wconf 88' lang='lat' dir='ltr'>dieu</span> <span class='ocrx_word' id='word_1_363' title='bbox 1032 3528 1074 3584; x_wconf 74' lang='lat' dir='ltr'>(de</span> <span class='ocrx_word' id='word_1_364' title='bbox 1088 3525 1210 3588; x_wconf 77' lang='lat' dir='ltr'>Longpe-</span> 
     </span>
     <span class='ocr_line' id='line_1_42' title="bbox 206 3587 1210 3651; baseline 0.001 -16"><span class='ocrx_word' id='word_1_365' title='bbox 206 3589 267 3648; x_wconf 81' lang='lat' dir='ltr'>rier,</span> <span class='ocrx_word' id='word_1_366' title='bbox 282 3589 408 3646; x_wconf 79' lang='lat' dir='ltr'>OEuvrcs,</span> <span class='ocrx_word' id='word_1_367' title='bbox 425 3590 443 3645; x_wconf 86' lang='lat'>1,</span> <span class='ocrx_word' id='word_1_368' title='bbox 457 3603 524 3650; x_wconf 86' lang='lat' dir='ltr'>page</span> <span class='ocrx_word' id='word_1_369' title='bbox 539 3589 602 3651; x_wconf 84' lang='lat'>170).</span> <span class='ocrx_word' id='word_1_370' title='bbox 617 3589 655 3636; x_wconf 89' lang='lat' dir='ltr'>En</span> <span class='ocrx_word' id='word_1_371' title='bbox 674 3589 798 3650; x_wconf 84' lang='lat' dir='ltr'>Pologne‚</span> <span class='ocrx_word' id='word_1_372' title='bbox 812 3590 836 3636; x_wconf 90' lang='lat' dir='ltr'>la</span> <span class='ocrx_word' id='word_1_373' title='bbox 854 3589 938 3635; x_wconf 88' lang='lat' dir='ltr'>hache</span> <span class='ocrx_word' id='word_1_374' title='bbox 952 3589 1018 3635; x_wconf 77' lang='lat' dir='ltr'>etait</span> <span class='ocrx_word' id='word_1_375' title='bbox 1033 3603 1068 3634; x_wconf 91' lang='lat' dir='ltr'>un</span> <span class='ocrx_word' id='word_1_376' title='bbox 1086 3587 1210 3649; x_wconf 77' lang='lat' dir='ltr'>symbolo</span> 
     </span>
     <span class='ocr_line' id='line_1_43' title="bbox 206 3650 1210 3712; baseline 0 -15"><span class='ocrx_word' id='word_1_377' title='bbox 206 3651 239 3698; x_wconf 91' lang='lat' dir='ltr'>de</span> <span class='ocrx_word' id='word_1_378' title='bbox 256 3651 368 3712; x_wconf 79' lang='lat' dir='ltr'>royautd</span> <span class='ocrx_word' id='word_1_379' title='bbox 385 3651 513 3698; x_wconf 79' lang='lat' dir='ltr'>conserve</span> <span class='ocrx_word' id='word_1_380' title='bbox 528 3651 595 3698; x_wconf 85' lang='lat' dir='ltr'>dans</span> <span class='ocrx_word' id='word_1_381' title='bbox 607 3651 645 3697; x_wconf 89' lang='lat' dir='ltr'>les</span> <span class='ocrx_word' id='word_1_382' title='bbox 658 3665 745 3698; x_wconf 87' lang='lat' dir='ltr'>armes</span> <span class='ocrx_word' id='word_1_383' title='bbox 762 3652 808 3698; x_wconf 92' lang='lat' dir='ltr'>des</span> <span class='ocrx_word' id='word_1_384' title='bbox 825 3651 938 3712; x_wconf 86' lang='lat' dir='ltr'>grandes</span> <span class='ocrx_word' id='word_1_385' title='bbox 953 3650 1066 3697; x_wconf 82' lang='lat' dir='ltr'>familles</span> <span class='ocrx_word' id='word_1_386' title='bbox 1081 3650 1210 3697; x_wconf 84' lang='lat' dir='ltr'>autrefois</span> 
     </span>
     <span class='ocr_line' id='line_1_44' title="bbox 206 3710 1210 3773; baseline -0.001 -14"><span class='ocrx_word' id='word_1_387' title='bbox 206 3713 386 3760; x_wconf 88' lang='lat' dir='ltr'>souveraines.</span> <span class='ocrx_word' id='word_1_388' title='bbox 400 3739 430 3748; x_wconf 95' lang='lat'>-</span> <span class='ocrx_word' id='word_1_389' title='bbox 442 3711 580 3762; x_wconf 82' lang='lat' dir='ltr'>Judices</span> <span class='ocrx_word' id='word_1_390' title='bbox 595 3726 600 3760; x_wconf 95' lang='lat'><strong>:</strong></span> <span class='ocrx_word' id='word_1_391' title='bbox 614 3712 684 3759; x_wconf 91' lang='lat' dir='ltr'>leurs</span> <span class='ocrx_word' id='word_1_392' title='bbox 694 3713 768 3760; x_wconf 84' lang='lat' dir='ltr'>chess</span> <span class='ocrx_word' id='word_1_393' title='bbox 783 3727 817 3759; x_wconf 93' lang='lat' dir='ltr'>ou</span> <span class='ocrx_word' id='word_1_394' title='bbox 832 3713 886 3759; x_wconf 94' lang='lat' dir='ltr'>rois</span> <span class='ocrx_word' id='word_1_395' title='bbox 898 3711 954 3773; x_wconf 91' lang='lat' dir='ltr'>(qui</span> <span class='ocrx_word' id='word_1_396' title='bbox 969 3715 1031 3758; x_wconf 91' lang='lat' dir='ltr'>sont</span> <span class='ocrx_word' id='word_1_397' title='bbox 1043 3710 1081 3758; x_wconf 91' lang='lat' dir='ltr'>les</span> <span class='ocrx_word' id='word_1_398' title='bbox 1093 3710 1210 3758; x_wconf 85' lang='lat' dir='ltr'>arbitres</span> 
     </span>
     <span class='ocr_line' id='line_1_45' title="bbox 206 3773 1093 3836; baseline 0 -16"><span class='ocrx_word' id='word_1_399' title='bbox 206 3775 239 3822; x_wconf 86' lang='lat' dir='ltr'>de</span> <span class='ocrx_word' id='word_1_400' title='bbox 251 3776 322 3822; x_wconf 88' lang='lat' dir='ltr'>leurs</span> <span class='ocrx_word' id='word_1_401' title='bbox 333 3773 477 3831; x_wconf 76' lang='lat' dir='ltr'>destinees,</span> <span class='ocrx_word' id='word_1_402' title='bbox 494 3775 540 3836; x_wconf 92' lang='lat' dir='ltr'>qui</span> <span class='ocrx_word' id='word_1_403' title='bbox 554 3775 602 3821; x_wconf 89' lang='lat' dir='ltr'>ont</span> <span class='ocrx_word' id='word_1_404' title='bbox 614 3789 660 3821; x_wconf 87' lang='lat' dir='ltr'>sur</span> <span class='ocrx_word' id='word_1_405' title='bbox 671 3788 723 3822; x_wconf 83' lang='lat' dir='ltr'>eux</span> <span class='ocrx_word' id='word_1_406' title='bbox 736 3775 809 3822; x_wconf 91' lang='lat' dir='ltr'>droit</span> <span class='ocrx_word' id='word_1_407' title='bbox 819 3775 852 3820; x_wconf 90' lang='lat' dir='ltr'>de</span> <span class='ocrx_word' id='word_1_408' title='bbox 864 3775 907 3820; x_wconf 89' lang='lat' dir='ltr'>vie</span> <span class='ocrx_word' id='word_1_409' title='bbox 922 3774 991 3821; x_wconf 85' lang='lat' dir='ltr'>etde</span> <span class='ocrx_word' id='word_1_410' title='bbox 1004 3775 1093 3834; x_wconf 80' lang='lat' dir='ltr'>mort).</span> 
     </span>
    </p>
   </div>
   <div class='ocr_carea' id='block_1_5' title="bbox 628 3933 785 3984">
    <p class='ocr_par' dir='ltr' id='par_1_5' title="bbox 628 3933 785 3984">
     <span class='ocr_line' id='line_1_46' title="bbox 628 3933 785 3984; baseline -0.006 0"><span class='ocrx_word' id='word_1_411' title='bbox 628 3933 785 3984; x_wconf 76' lang='lat'>-158-</span> 
     </span>
    </p>
   </div>
   <div class='ocr_carea' id='block_1_6' title="bbox 0 0 1370 4246">
    <p class='ocr_par' dir='ltr' id='par_1_6' title="bbox 0 0 1370 4246">
     <span class='ocr_line' id='line_1_47' title="bbox 0 0 1370 4246; baseline 0 0"><span class='ocrx_word' id='word_1_412' title='bbox 0 0 1370 4246; x_wconf 95' lang='lat' dir='ltr'> </span> 
     </span>
    </p>
   </div>
  </div>
 </body>
</html>
