2696 4244
140 195 225 252 217.
251 198 308 253 Un
331 197 473 254 homme
497 209 665 254 nouveau
686 195 864 253 remercie
886 195 920 250 le
944 194 1074 262 peuple
1098 193 1143 247 de

448 283 582 342 l'avolr
603 284 674 342 fait
696 285 834 342 consul.

138 386 233 452 (Homo
248 402 332 438 novus
345 390 418 453 apud
434 389 570 453 poputum
590 388 695 454 pretias
707 388 764 454 agit
777 388 850 452 quod
863 387 959 436 consul
971 386 1077 435 creatus
1089 384 1145 447 sit.)

180 511 234 571 Est
249 513 308 572 hoc
327 511 359 571 in
379 533 463 572 more
481 514 627 593 positum,
646 513 791 586 Quirites,
813 512 1037 590 institutoque*
1050 509 1145 588 majo·
1171 505 1213 568 3θ

139 629 219 680 rum,
233 616 267 668 ut
280 609 310 682 ii,
325 610 376 690 qui
391 609 542 669 beneficio
553 617 656 670 vestro
672 611 838 689 imagines*
850 609 976 668 familiae
992 627 1055 666 suae
1070 626 1144 664 con-

140 706 238 764 secuti
253 715 336 780 sunt,
354 727 420 766 eam
439 708 567 786 primam
583 707 717 766 habeant
734 708 922 778 contionem,
940 725 1000 785 qua
1016 703 1144 782 gratiam

141 802 280 862 beneficii
292 805 388 863 vestri
404 825 474 863 cum
490 825 614 864 suorum
630 804 720 886 laude
735 803 936 884 conjungant.
952 802 1018 869 Qua
1032 801 1063 859 in
1078 821 1145 858 ora-

141 899 225 960 tione
242 901 383 960 nonnulli
399 901 567 982 aliquando
582 901 667 979 digni
682 901 833 981 majorum
846 900 913 959 loeo
931 899 1142 978 repe1·iuntur;

140 995 279 1078 plerique
295 1006 397 1057 antem
414 997 472 1057 hoc
485 999 651 1078 perliciunt
665 1005 700 1057 ut
714 1005 835 1057 tantum
852 997 1020 1078 majoribus
1036 1014 1144 1054 eorum

140 1092 278 1153 debitum
295 1116 360 1154 esse
375 1096 526 1167 videatur,
544 1095 625 1155 unde
642 1096 734 1154 etiam
757 1096 840 1176 quod
858 1095 997 1174 *posteris
1013 1093 1145 1150 solvere-

142 1199 194 1275 tur
208 1191 423 1252 redundaret*.
441 1193 518 1250 Mihi
532 1192 657 1272 quidem
673 1193 755 1273 apud
764 1213 819 1251 vos
835 1192 873 1250 de
888 1192 963 1250 meis
976 1188 1145 1270 majoribus

141 1288 264 1347 dicendi
277 1289 406 1348 facultas
426 1311 486 1349 non
508 1290 617 1350 datur*
641 1308 648 1350 ι
669 1311 732 1348 non
747 1290 831 1369 quod
849 1310 911 1348 non
927 1288 1002 1347 tales
1020 1285 1144 1358 luerint,

143 1386 249 1464 quales
268 1407 324 1445 nos
340 1386 463 1446 illorum
480 1388 628 1466 sangnine
641 1393 760 1446 creatos
775 1386 1009 1466 disciplinisque
1025 1385 1147 1442 institu-

141 1486 208 1541 tos*
223 1483 353 1556 videtis,
370 1484 420 1543 sed
438 1486 520 1564 quod
542 1485 632 1543 laude
646 1484 787 1564 populari
805 1492 897 1562 atquc
912 1481 1038 1541 honoris
1054 1479 1147 1538 vestri

141 1579 210 1638 luce
226 1588 403 1642 caruerunt.
420 1581 466 1640 De
490 1603 539 1641 me
564 1588 667 1640 autem
694 1581 761 1661 ipso
784 1568 892 1638 vereor
911 1601 949 1638 ne
974 1569 1148 1656 arrogantis

141 1677 182 1734 sit
203 1677 284 1757 apud
300 1699 355 1737 vos
378 1678 496 1751 dicere,
516 1678 639 1757 ingrati,
661 1685 774 1738 tacere.
796 1679 884 1748 Nam,
905 1686 935 1735 et
952 1677 1064 1756 quibus
1081 1683 1145 1733 stu-

140 1773 219 1833 diis*
239 1775 436 1834 consulatum
459 1782 644 1835 consecutus
674 1777 731 1834 sim
756 1775 991 1854 memetipsum*
1014 1793 1167 1835 comme-.

141 1891 260 1930 morare
280 1892 427 1952 perquam
447 1893 539 1952 grave
553 1880 610 1946 est,
627 1881 658 1931 et
672 1873 760 1931 silere
778 1873 815 1930 de
829 1873 922 1930 tantis
934 1871 1042 1930 vestris
1057 1871 1148 1928 bene·

142 1967 221 2027 ficiis
239 1969 325 2028 nullo
347 1970 440 2029 modo
462 1991 600 2050 possum.
629 1969 728 2036 Quare
750 1969 946 2028 adhibebitur
965 1990 981 2028 a
999 1989 1047 2026 me
1065 1974 1148 2026 certa

141 2066 220 2124 ratio
244 2065 476 2145 moderatioque
510 2067 649 2140 dicendi,
680 2066 807 2146 utquid
827 2089 843 2125 a
866 2066 955 2125 vobis
978 2065 1147 2143 acceperim

141 2183 400 2237 commemorem;
418 2184 513 2243 quare
532 2164 642 2243 dignus
658 2185 777 2222 summo
792 2171 895 2223 vestro
911 2163 1026 2221 honore
1043 2163 1149 2240 singu-

142 2258 263 2340 larique
278 2260 397 2340 judicio
413 2261 482 2333 sim,
507 2261 572 2341 ipse
590 2262 709 2320 modice
725 2260 835 2332 dicam,
851 2261 875 2319 si
894 2281 1016 2318 necesse
1030 2259 1099 2319 erit.

173 2409 214 2458 111ο
227 2410 294 2462 217
308 2425 314 2459 :
328 2409 558 2472 Institutoque.
569 2410 697 2458 Instituta
710 2410 819 2471 designo
832 2408 990 2457 d'ordinaire
1006 2409 1044 2456 les
1056 2409 1150 2470 preec-

141 2471 231 2529 dents‚
245 2472 270 2518 la
287 2473 423 2520 tradition.
435 2499 465 2507 —
477 2471 650 2534 Imagines.
666 2473 715 2519 Les
726 2472 839 2519 tamilles
851 2472 883 2518 de
896 2486 962 2518 ceux
980 2472 1034 2532 qui.
1043 2472 1149 2518 avaient

142 2533 237 2580 exerce'
250 2534 288 2580 les
297 2533 393 2581 hautes
404 2534 607 2595 magistratures
620 2535 771 2592 (dictature,
783 2547 903 2587 censure,
917 2533 1035 2594 preture,
1049 2532 1148 2593 edilite)

142 2595 251 2642 avaient
261 2597 347 2642 seules
360 2596 384 2642 le
395 2597 467 2643 droit
480 2597 512 2642 dc
526 2610 668 2642 conserver
680 2597 746 2642 dans
758 2597 816 2642 leur
830 2596 927 2642 atrium
940 2596 987 2641 dcs
999 2595 1098 2654 images
1115 2609 1149 2640 ou

142 2669 267 2716 musques
276 2673 307 2703 en
314 2658 367 2704 cire
376 2657 489 2714 eolorde,
497 2657 686 2717 reproduisant
694 2659 731 2704 les
739 2658 816 2704 traits
830 2658 876 2703 des
885 2657 1036 2716 magistrats
1042 2657 1149 2702 ddlunts

142 2720 171 2764 ct
183 2718 206 2764 le
218 2719 280 2765 titre
291 2720 337 2765 des
348 2719 481 2766 fonctions
490 2720 566 2810 qu'ils
584 2721 691 2766 avaient
703 2719 834 2780 remplies.
848 2717 889 2765 Un
904 2719 1009 2764 homme
1018 2733 1148 2776 noussen,

162 2780 223 2826 arle
234 2781 282 2828 tait
292 2783 377 2827 menie
386 2781 419 2828 de
432 2796 479 2826 son
492 2781 627 2828 clevation
639 2781 713 2828 dunc
722 2782 754 2827 de
767 2795 811 2826 ces
819 2781 1029 2841 magistraturcs,
1046 2779 1149 2826 obtient

142 2794 166 2888 lb
177 2841 249 2888 droit
261 2843 380 2903 d'image.
391 2869 421 2877 -
430 2842 653 2893 Redundaret.
669 2842 779 2890 Ciceron
791 2843 830 2889 dit
839 2842 1037 2902 ironiqucment
1045 2856 1096 2902 qne
1105 2856 1150 2888 ces

143 2903 236 2950 nobles
245 2904 365 2951 donnent
377 2905 526 2950 dentendrc
535 2919 568 2950 au
581 2905 677 2965 penple
691 2904 801 2965 qu'iln'a
812 2919 859 2965 pas
869 2911 905 2965 'pu
913 2902 1069 2964 s'aeqnitter
1079 2903 1111 2950 dc
1122 2903 1147 2950 la

142 2965 217 3011 dette
229 2965 261 3012 de
275 2965 493 3012 reconnaissance
504 2964 567 3026 qn'il
580 2966 651 3012 avait
660 2966 813 3013 eontraetde
826 2980 921 3013 envers
932 2966 1003 3012 leurs
1015 2966 1144 3022 ancetres,

143 3029 170 3072 et
183 3027 246 3087 qn'il
269 3041 302 3072 en
324 3027 381 3074 doit
396 3028 420 3074 le
438 3027 543 3088 surptus
563 3028 577 3073 d
596 3029 666 3074 leurs
687 3028 873 3075 descendants.
890 3027 929 3075 cf.
948 3027 1015 3074 dans
1030 3026 1146 3074 Salluste

144 3087 299 3149 (Iugurtha,
311 3088 350 3150 85)
363 3089 386 3136 le
396 3089 504 3149 langage
515 3090 547 3135 de
557 3089 657 3136 Marius
667 3105 718 3136 aux
727 3090 820 3136 nobles
829 3109 840 3132 (ι
854 3088 918 3146 Quis
930 3087 1058 3136 nobilitas
1068 3087 1148 3148 freta,

143 3147 201 3257 {psa
214 3148 356 3196 dissimilis
374 3145 503 3257 morilgus,
521 3165 567 3259 qps
586 3150 706 3259 ittorqng)
714 3150 994 3260 Ιεἱειηιιὶοεἕρηὶθιηιίιριι,
1015 3150 1040 3196 et
1059 3163 1149 3260 affines

164 3225 259 3257 oneres
273 3225 325 3258 non
339 3225 370 3258 co
383 3227 449 3258 meri
464 3227 487 3268 o,
503 3225 529 3259 sc
583 3228 640 3260 uasa
675 3228 687 3259 e
709 3227 828 3260 rosave
851 3228 873 3260 is
886 3226 914 3259 rc
936 3227 1017 3259 ei.»
1035 3238 1065 3246 -
1109 3225 1149 3261 on

143 3272 252 3322 datur.
264 3272 410 3334 Comparer
422 3288 452 3320 ce
467 3227 585 3335 ungarii,
599 3274 707 3321 moderat
721 3290 753 3321 cn
767 3290 877 3332 somme,
898 3228 1014 3335 qiioique
1027 3274 1098 3334 plein
1116 3275 1149 3320 de

142 3333 255 3394 dignitd,
267 3348 319 3384 anx
331 3335 396 3382 detis
409 3336 532 3382 hauteins
545 3337 578 3384 de
589 3337 689 3383 Marius
701 3351 734 3384 an
748 3337 845 3406 peuple
858 3335 992 3398 (Salluste,
1003 3335 1076 3398 Iup,
1087 3337 1125 3396 85)
1141 3349 1147 3384 :

144 3415 155 3437 o
170 3395 230 3444 tl'on
241 3410 351 3456 possum
359 3395 424 3458 (idei
436 3411 515 3444 causa
529 3396 658 3460 imagines
672 3413 758 3460 neque
774 3399 925 3459 triumphos
937 3399 984 3444 ant
993 3397 1150 3444 consulatus

143 3457 280 3519 majorum
294 3471 414 3505 meorum
427 3460 574 3514 ostentare;
587 3460 623 3517 at,
645 3458 669 3507 si
687 3475 728 3507 res
747 3460 875 3523 postulet,
896 3460 993 3516 hastas,
1012 3459 1147 3520 phaleras,

141 3517 197 3566 alia
209 3517 339 3566 militaria
351 3520 429 3575 dona,
437 3521 578 3581 praeterea
591 3520 729 3569 cicatrices
739 3523 852 3569 advorso
865 3533 986 3583 corpore.
1003 3521 1072 3567 Haec
1085 3522 1149 3568 sunt

143 3594 216 3627 meae
228 3579 366 3642 imagines,
381 3581 444 3628 haec
459 3581 585 3630 nobilitas
598 3602 618 3629 o.
631 3610 662 3619 -
671 3583 853 3635 Institutas.
864 3584 900 3630 Le
933 3583 976 3630 dre
989 3583 1022 3628 de
1036 3582 1148 3629 Cice'ron

142 3642 209 3690 etan
226 3657 261 3689 un
274 3642 353 3690 lettre
370 3643 475 3702 ddlieat,
496 3643 530 3690 lid
547 3644 663 3694 d'amitid
681 3660 745 3692 avec
767 3646 890 3693 l'oratour
926 3659 1023 3691 rassus.
1039 3644 1060 3690 ll
1075 3659 1149 3691 nese

142 3703 211 3750 mela
225 3718 273 3778 pas
284 3704 299 3750 d
311 3704 336 3751 la
354 3705 486 3768 potitique
499 3706 565 3752 dans
578 3720 606 3754 sa
613 3707 703 3816 pptite
718 3708 778 3754 ville
798 3707 966 3768 d'Arpinum.
980 3732 1010 3741 -
1023 3705 1148 3766 Quibus

142 3764 309 3816 studiis:
319 3780 437 3828 quorum
449 3765 556 3814 studiis.
570 3795 600 3802 —
649 3768 852 3831 emetipsum,
867 3769 937 3830 sujet
947 3768 980 3814 de
991 3781 1149 3821 commemo-

142 3841 215 3875 rare.

566 3963 705 4012 -alss
