2664 4234
278 129 363 189 491.
383 131 480 188 c'est
494 131 534 188 la
545 130 597 188 toi
611 130 672 200 qut
687 130 758 188 tait
772 132 813 188 la
827 131 929 188 force
942 132 1009 188 des
1024 127 1220 188 ehi-ettens

492 258 540 303 au
555 246 635 303 sein
649 247 716 303 des
728 243 997 316 persecutione.

210 399 214 408 .
287 357 374 420 (Fides
388 355 558 408 Christianos
570 359 698 408 adversus
708 361 915 424 persecutorum
929 360 1014 408 minas
1027 359 1212 418 corroborat.)

176 503 218 566 4⁰
284 517 316 577 Si
331 525 362 578 et
378 539 435 578 nos
448 519 541 579 dicati
553 539 588 580 ac
600 519 703 579 devoti
717 521 937 594 Deovivimus,
952 521 977 580 si
992 541 1085 601 supra
1093 521 1253 602 justorum
1324 563 1325 586 ,

245 614 371 695 antiqua
407 623 438 675 et
473 624 578 676 sancta
619 617 749 695 vestigia
787 618 846 677 iter
878 618 1018 690 tacimus,
1053 639 1109 696 per
1143 617 1254 675 endem

244 709 430 771 documenta
448 735 620 794 poenarum,
638 735 692 794 per
704 714 810 774 eadem
828 716 1004 795 passionum
1018 713 1167 793 martyria
1185 733 1255 792 per-

245 827 373 886 gamus:
406 807 483 868 hoe*
511 811 689 891 ampliorem
713 812 841 891 gloriam
866 820 1080 892 computantes
1100 810 1254 889 temporis

244 905 353 978 nostri,
365 907 459 986 quod,
476 928 545 968 cum
560 914 665 968 vetera
682 910 819 990 exempla
838 917 1048 980 numerentur,
1061 909 1255 967 exuberante

245 1003 443 1082 postmodum
459 1005 547 1085 copia
561 1006 686 1065 virtutis
703 1027 737 1065 ac
754 1006 837 1077 fidei,
853 1006 1025 1065 numerari*
1043 1026 1104 1064 non
1118 1010 1254 1084 possunt

245 1107 398 1180 martyres
410 1101 578 1162 christiani.
596 1103 671 1170 Quis
687 1124 747 1161 non
767 1103 911 1162 omnibus
925 1104 1043 1162 viribus
1057 1102 1199 1161 elaboret
1216 1101 1253 1159 an
1324 1125 1325 1176 3

246 1201 361 1256 tantam
379 1198 548 1260 claritatem
566 1202 739 1280 pervenire,
767 1208 802 1259 ut
822 1201 938 1259 amicus
955 1200 1011 1259 Dei
1036 1202 1101 1272 fiat,
1128 1207 1164 1258 ut
1180 1218 1252 1256 cum
1324 1205 1325 1220 ¹

245 1293 370 1353 Christo
389 1298 491 1356 statim
509 1298 651 1375 gaudeat,
665 1306 709 1369 ut,
726 1306 796 1378 post
810 1305 961 1358 tormenta
978 1306 1008 1356 et
1024 1297 1179 1376 supplicia
1191 1305 1254 1354 ter·

244 1412 329 1465 rena,
355 1395 479 1472 praemia
500 1395 605 1454 divina
624 1397 797 1475 percipiat?
822 1396 863 1454 Si·
881 1395 1028 1454 militibus
1050 1393 1255 1452 saecularibus
1324 1397 1325 1406 ’

245 1490 414 1568 gloriosum
430 1499 476 1550 est
493 1499 538 1562 ut,
553 1494 640 1552 hoste
655 1493 788 1564 devicto,
806 1493 933 1552 redeant
944 1493 975 1550 in
991 1491 1122 1572 patriam
1138 1491 1254 1549 trium·
1324 1533 1325 1574 t

246 1587 377 1669 phantes
391 1607 398 1649 :
412 1596 527 1668 quanto
542 1591 662 1669 potior*
676 1598 706 1650 et
718 1591 817 1671 major
829 1596 876 1649 est
886 1589 992 1668 gloria,
1009 1589 1094 1647 victo
1111 1587 1251 1660 diabole,
1324 1641 1325 1660 ,

246 1685 283 1745 ad
305 1686 480 1766 paradisum
506 1687 732 1767 triumphantes
753 1686 863 1761 redire,
887 1689 995 1746 ollerre
1015 1688 1080 1745 Deo
1104 1685 1254 1765 acceptis·
1324 1677 1325 1724 l

246 1782 356 1842 simum
381 1805 504 1854 munus,
533 1785 742 1865 incorruptam
771 1785 874 1856 fidem,
903 1791 935 1844 et
960 1785 1107 1843 virtutem
1137 1783 1254 1841 mentis
1324 1777 1325 1820 l

245 1879 443 1953 incolumem,
467 1881 588 1941 laudem
608 1881 801 1941 devotionis*
823 1882 989 1956 illustrem3
1015 1881 1158 1940 comitari
1182 1899 1253 1938 eum
1324 1889 1325 1932 ὲ

245 1998 316 2036 cum
337 1978 461 2037 venire*
480 1981 619 2060 coeperit,
635 1979 824 2039 vindictam*
846 1978 883 2038 de
904 1979 1035 2038 inimicis
1051 1984 1253 2057 recepturus3

246 2074 333 2133 lateri
353 2075 419 2155 ejus
441 2077 591 2148 assistere,
620 2098 690 2136 cum
708 2077 822 2136 sederit
838 2077 1049 2157 judicaturus3
1075 2073 1255 2134 cohaeredes
1324 2069 1325 2138 l

247 2171 364 2231 Christi
377 2173 458 2248 tieri;
474 2174 591 2251 angelis
605 2175 774 2254 adaequari3
789 2195 858 2234 cum
870 2173 1065 2254 patriarchis,
1080 2193 1151 2232 cum
1165 2191 1255 2250 apos·
1324 2161 1325 2208 3

246 2269 328 2340 tolis,
340 2291 409 2328 curn
423 2271 585 2351 prophetis
601 2272 731 2331 caelestis
745 2273 830 2351 regni
841 2272 1034 2352 possessione
1047 2269 1173 2329 laetari‘t
1190 2268 1255 2326 Has
1324 2255 1325 2268 ¹

246 2367 448 2444 cogitationes
462 2389 531 2449 quae
545 2368 719 2448 persecutio
734 2377 837 2450 potest
848 2369 993 2430 vincere*
1003 2368 1018 2426 t
1029 2367 1104 2434 Quae
1120 2373 1256 2446 possunt
1324 2391 1325 2412 ÷

248 2469 401 2522 tormenta
416 2485 560 2544 superare
571 2466 586 2524 t
1324 2467 1325 2476 ’

278 2624 319 2674 N⁰
331 2625 395 2675 491
408 2639 414 2672 t
425 2625 504 2684 Hoc,
514 2625 674 2674 antecedent
682 2627 714 2674 de
723 2626 804 2689 quod.
816 2623 1040 2676 -Numerari
1052 2623 1092 2674 Cf.
1104 2623 1255 2672 Tertullien
1324 2623 1325 2650 ³

247 2685 463 2750 (Apotope'tique,
475 2688 514 2749 37)
529 2701 534 2734 ε
550 2707 560 2729 α
574 2688 699 2735 Hesterni
711 2703 812 2744 sumus,
825 2690 850 2736 et
864 2689 951 2736 vestra
964 2685 1053 2736 omnia
1071 2685 1255 2749 implevimus

248 2748 338 2806 urbes,
353 2748 463 2808 insutas,
475 2748 592 2809 castelle,
604 2749 759 2822 municipia,
770 2749 959 2807 conciliabuta,
969 2750 1057 2797 eastra
1070 2746 1138 2811 ipsa,
1153 2746 1255 2804 tribus,

248 2809 380 2868 decurias,
392 2809 533 2873 petatium,
545 2814 676 2870 senatum,
691 2812 782 2872 torum
799 2831 819 2860 n.
833 2813 867 2859 Et
879 2811 986 2858 ailleurs
1001 2825 1030 2859 :u
1045 2808 1182 2865 Cruciate,
1198 2811 1256 2856 tor·

247 2874 335 2936 quote,
350 2873 481 2932 damnate,
490 2873 598 2921 atterite
612 2889 673 2928 nos;
684 2873 809 2936 probatio
820 2877 858 2922 est
868 2872 1027 2920 innocentiae
1039 2873 1139 2920 nostrae
1152 2869 1257 2934 iniqui·
1324 2885 1325 2930 ᾖ

249 2937 288 2982 tas
310 2936 406 2983 vestra.
431 2935 523 2982 Semen
545 2937 584 2983 est
604 2936 715 2999 sanquis
736 2935 995 2983 Christianorum».
1016 2961 1044 2970 -
1066 2932 1189 2983 Potior.
1214 2931 1253 2979 Cf.
1324 2943 1325 2966 ³

249 2997 402 3058 Polyeucte‚
417 2998 485 3043 Acte
498 2995 543 3055 IV,
557 3012 594 3046 sc.
606 3001 619 3043 3
634 3012 639 3044 :
655 3018 665 3040 «
680 2998 709 3045 te
722 2997 781 3045 dois
794 3013 835 3045 ma
853 2997 894 3045 vie
909 3011 943 3044 au
954 2997 1061 3068 peupte,
1072 3009 1106 3043 au
1117 2993 1256 3062 prinoe,i
1324 3019 1325 3022 ¹

248 3073 276 3106 aa
289 3072 440 3114 couronne,·
452 3059 517 3106 Mais
524 3058 554 3121 je
568 3059 592 3107 ta
604 3059 662 3106 dois
679 3059 740 3107 bien
756 3059 820 3122 ptus
836 3075 870 3108 au
888 3058 953 3107 Dieu
964 3075 1012 3123 qui
1025 3072 1066 3106 me
1079 3057 1105 3106 ta
1116 3057 1217 3105 donne.
1228 3056 1255 3105 Si
1324 3091 1325 3128 ,

249 3120 354 3168 mourir
364 3135 436 3182 pour
448 3135 496 3168 son
508 3120 602 3184 prince
619 3123 658 3168 est
674 3136 710 3169 un
726 3121 834 3170 ittustre
847 3124 912 3181 sort,
928 3121 1021 3178 Quand
1034 3136 1068 3169 on
1080 3121 1170 3168 meurt
1179 3133 1255 3182 pour
1324 3129 1325 3184 ᾗ

247 3197 296 3230 son
312 3183 389 3258 Dieu,
404 3183 494 3263 quelle
512 3197 570 3230 sera
584 3183 608 3230 ta
625 3184 713 3230 mort!
727 3202 749 3233 n,
772 3210 799 3220 -
817 3183 1016 3234 Devotionis,
1035 3181 1107 3232 C'est
1123 3195 1154 3229 ce
1171 3180 1254 3253 qu'on
1324 3187 1325 3240 ᾖ

248 3246 375 3353 sitiit
388 3243 1254 3356 l„¹intirimit„iiftttinttnbtltinttitio
1324 3347 1325 3378 ,

248 3369 369 3429 palenne,
378 3369 423 3429 qui
436 3369 579 3416 de'tacbent
590 3368 713 3416 l'homme
722 3371 754 3418 de
764 3371 788 3416 la
799 3374 868 3418 terre
879 3373 905 3418 et
913 3369 1070 3430 produisent
1080 3368 1113 3415 de
1123 3366 1257 3414 sublimes
1324 3397 1325 3412 i

248 3429 441 3478 dtvouements
453 3447 484 3478 en
503 3432 526 3478 le
539 3433 653 3478 rendunt
666 3446 811 3479 umoureux
823 3434 855 3479 de
873 3433 897 3479 la
909 3433 988 3479 mort.
999 3457 1029 3466 —
1041 3428 1171 3479 Venire.
1185 3429 1254 3476 Voir
1324 3443 1325 3486 t

249 3494 319 3538 cette
331 3492 390 3538 ideo
404 3491 567 3554 de'veloppee
582 3494 648 3540 dans
661 3494 685 3540 la
698 3493 767 3540 belle
780 3497 807 3541 ct
820 3494 926 3541 sombre
934 3507 1013 3556 prose
1026 3493 1062 3539 du
1076 3489 1137 3538 Dies
1152 3489 1210 3537 irae
1221 3491 1254 3538 de
1324 3491 1325 3554 l

249 3553 364 3600 Thomas
376 3555 409 3600 de
422 3553 533 3602 celano:
548 3574 558 3596 «
572 3553 660 3602 tuden
673 3568 737 3618 erpo
750 3570 811 3601 cum
824 3554 934 3612 sedebit,
948 3554 1016 3611 Quid
1039 3552 1085 3602 uid
1097 3553 1163 3600 latet
1174 3566 1255 3624 appa·
1324 3559 1325 3612 ᾗ

250 3614 328 3673 rebit,
348 3615 393 3663 b'it
411 3615 529 3664 inultum
549 3615 697 3663 remanebit
713 3635 734 3663 ».
749 3643 777 3651 -
795 3615 992 3667 Vindictam.
1014 3569 1081 3664 iou
1098 3615 1125 3663 la
1143 3629 1253 3663 version
1324 3615 1325 3676 l

249 3680 302 3735 489,
317 3679 344 3724 et
355 3677 393 3724 les
407 3681 491 3725 notes.
502 3705 531 3712 -
544 3677 691 3728 Vincere.
706 3678 744 3725 Cs.
758 3679 827 3725 saint
837 3679 912 3738 Jean,
929 3679 978 3741 Ep.
993 3677 1004 3726 l
1026 3692 1053 3726 v.
1066 3680 1080 3724 t
1094 3691 1099 3725 :
1115 3693 1127 3724 o
1140 3677 1177 3724 Et
1189 3675 1254 3723 baec

249 3739 288 3785 est
297 3738 407 3786 victoria
418 3753 486 3801 quae
498 3739 578 3786 vincit
590 3739 729 3796 mundum,
735 3739 803 3801 fides
816 3742 907 3788 nostra
920 3759 942 3788 n.
985 3751 987 3754 ·

671 3926 705 3938 .-
723 3899 776 3948 non
794 3929 826 3937 -
