2696 4244
223 133 306 193 145.
323 141 517 218 Triumphe
527 120 614 204 uun
627 149 819 217 empereur
829 147 853 205 e
863 147 903 202 ra
915 138 1220 226 anuu1vesieere

615 237 727 304 apres
743 237 830 294 a-c.

301 339 483 410 (Describitur
494 340 685 405 imperatorius
696 340 851 403 triumphus
859 341 870 362 ⁴
881 342 993 388 coeunte
1005 339 1149 388 admodum

535 422 633 485 quarto
640 422 703 483 post
715 419 780 469 J.-C.
795 419 912 483 saecuto.)

166 535 206 602 2⁰
260 535 451 611 Altrinseeus
476 536 687 615 preeuntibus
707 535 830 612 signis*,
852 534 1005 594 insidebat
1029 555 1122 594 aureo
1140 534 1221 592 solus

218 630 284 714 ipse
312 640 471 713 carpente,
501 633 630 710 fulgenti
669 631 850 692 claritudine
883 632 1018 712 lapidum
1055 632 1223 698 variorum;

219 751 352 810 eumque
381 730 545 810 purpureis
566 729 792 788 subteminibus
812 730 887 788 texti
908 729 1137 788 circumdedere
1158 728 1227 786 dra-

219 828 339 899 cones*,
369 827 527 885 hastarum
550 827 649 885 aureis
670 827 893 906 gemmatisque
912 827 1142 885 summitatibus
1168 825 1225 882 illi-

221 925 294 1002 gati‚
315 923 400 982 hiatu
412 931 500 982 vasto
517 923 702 1003 perflabiles,
718 932 748 981 et
761 923 829 982 ideo
849 923 935 982 velut
959 923 1001 980 ira
1026 923 1135 1002 perciti
1155 922 1226 980 sibi-

221 1021 331 1093 lanteS,
351 1020 590 1100 caudarumque
617 1021 775 1079 volumina
799 1020 1014 1100 relinquentes-
1032 1020 1064 1078 in
1085 1027 1223 1078 ventum.

222 1117 261 1175 Et
275 1117 437 1176 incedebat
454 1117 599 1176 hincinde
613 1117 689 1175 ordo
707 1117 846 1196 geminus
859 1125 1059 1190 armatorum,
1076 1117 1224 1195 clipeatus

222 1222 313 1292 atque
338 1215 492 1284 cristatae,
526 1235 655 1273 corusco
684 1214 798 1272 lumine
825 1214 956 1287 radians,
986 1213 1090 1286 nitidis
1123 1213 1226 1271 loricis

221 1311 364 1384 1ndutus;
380 1311 538 1390 sparsique
552 1311 763 1392 cataphracti*
778 1311 906 1391 equitcS,
926 1331 1004 1392 quos
1024 1310 1227 1368 clibanarios*

222 1407 366 1466 dictitant
386 1408 499 1479 Persae,
517 1408 679 1468 thoracum
701 1408 831 1467 muniti*
852 1408 1049 1486 tegminibus,
1074 1414 1105 1465 et
1126 1406 1227 1464 limbis

221 1505 328 1563 ferreis
342 1505 446 1576 cincti,
460 1512 494 1563 ut
510 1505 670 1564 Praxitelis
686 1525 779 1564 manu
795 1505 891 1584 polita
904 1505 1044 1563 crederes
1052 1504 1224 1574 simulacra,

222 1622 284 1674 non
299 1601 383 1660 viros
406 1620 413 1662 ε
440 1623 516 1682 quos
535 1602 718 1662 laminarum
743 1602 849 1660 circuli
874 1610 982 1660 tenues
1007 1601 1070 1680 apti
1088 1601 1228 1681 corporis

221 1698 350 1756 flexibus
364 1699 551 1770 ambiebant,
570 1720 624 1778 per
636 1699 739 1758 omnia
754 1699 891 1757 membra
917 1698 1065 1758 deducti:
1083 1706 1127 1769 ut,
1148 1718 1225 1778 quo-

222 1816 352 1875 cumque
368 1804 452 1854 artus
467 1797 633 1856 necessitas
646 1797 873 1867 commovisset,
890 1796 1020 1854 vestitus
1037 1803 1222 1871 congrueret

170 1888 172 1892 ’
218 1891 363 1971 junctura
379 1892 571 1952 cohaerenter
581 1900 696 1972 aptata.
710 1896 868 1970 Augustus
882 1893 985 1971 itaque
1007 1891 1114 1951 faustis
1139 1891 1226 1949 voci*

221 1989 278 2047 bus
304 1989 487 2068 appellatuS,
516 1991 668 2048 montium
689 1988 878 2068 litorumque
908 1990 1068 2046 intonante
1103 1989 1224 2066 fragore

221 2087 391 2159 cohorruit,
409 2087 501 2144 talem
518 2107 549 2145 se
563 2094 687 2166 tamque
707 2086 906 2156 immobilem,
927 2086 1025 2165 qualis
1050 2085 1080 2143 in
1101 2085 1229 2164 provin-

221 2183 277 2242 ciis
301 2183 364 2242 suis
388 2183 556 2256 visebatur,
577 2183 754 2243 ostendens
777 2183 854 2242 Nam
872 2190 902 2241 et
920 2204 1032 2261 corpus
1052 2182 1227 2260 perhumile

221 2280 369 2338 curvabat
380 2289 485 2359 portas
506 2280 681 2356 ingrediens
703 2280 810 2352 celsas,
833 2288 864 2338 et
886 2280 973 2338 velut
999 2279 1079 2338 collo
1107 2279 1229 2338 munito

221 2385 335 2436 rectam
351 2377 447 2436 aciem
462 2377 612 2437 luminum
637 2378 778 2451 tendenS,
804 2397 860 2436 nec
882 2378 989 2436 dextra
1011 2377 1143 2450 vultum,
1169 2396 1228 2436 nec

222 2473 298 2532 laeva
314 2474 457 2532 flectebat
475 2493 480 2534 ε
497 2482 653 2552 tamquam
669 2474 850 2551 figmentum
863 2474 1026 2532 hominis*.

221 2615 340 2663 decorait
348 2616 385 2662 les
396 2631 457 2662 rues
471 2618 497 2662 et
509 2616 548 2661 les
561 2615 659 2675 places,
677 2629 711 2662 on
727 2614 825 2663 e'levait
838 2616 886 2662 des
902 2629 962 2662 arcs
977 2615 1010 2661 de
1031 2615 1173 2675 triomphe.
1191 2615 1230 2664 Le

221 2677 303 2726 Se'nat
316 2680 342 2724 et
360 2678 397 2724 les
420 2678 573 2738 magistrats
593 2677 701 2724 allaient
726 2677 872 2724 au-devant
893 2678 928 2724 du
946 2677 1143 2738 triomphateur
1171 2679 1228 2737 qui,

221 2739 334 2802 precede
347 2739 382 2784 du
398 2739 475 2786 butio
493 2741 525 2786 de
538 2753 640 2800 guerre,
652 2739 685 2784 de
698 2737 824 2785 tableaux
842 2742 869 2786 et
886 2737 1088 2800 d'inscriptions
1111 2739 1231 2786 relatant

221 2817 263 2848 ses
281 2801 403 2870 cxploits,
425 2802 472 2848 des
491 2801 583 2870 roislet
597 2801 644 2846 des
666 2799 740 2846 chefs
760 2800 879 2846 ennemis
899 2801 1049 2857 enchaines,
1073 2801 1137 2847 vetu
1154 2800 1186 2846 de
1203 2800 1230 2846 la

222 2865 282 2926 topa
294 2863 366 2924 picta
379 2865 406 2908 et
417 2863 483 2908 dela
497 2865 587 2909 tunica
597 2861 726 2923 palmata,
754 2861 856 2908 debout
869 2877 914 2908 sur
936 2877 970 2908 un
986 2861 1050 2908 char
1068 2861 1153 2908 tratne
1178 2875 1232 2922 par

220 2928 315 2986 quatre
332 2923 452 2970 chevaux
476 2924 568 2970 blancs
590 2924 705 2970 montait
726 2938 759 2969 eu
778 2923 898 2983 Capitole
924 2938 992 2984 pour
1022 2923 1164 2970 remercier
1188 2923 1231 2972 les

220 2987 308 3033 dieux.
322 3013 351 3020 -
364 2983 482 3046 Signls.
497 2985 531 3031 Ce
549 2989 605 3032 mot
625 2985 734 3046 de'signe
751 2985 789 3032 les
807 2984 948 3032 etendards
965 2985 1009 3045 qui
1022 2985 1231 3046 appartenaient

221 3049 236 3095 d
260 3048 362 3108 chaque
384 3047 453 3094 muni
476 3047 526 3106 ule,
551 3048 566 3093 a
586 3047 688 3108 chaque
707 3046 818 3093 cohorte
847 3046 955 3108 separee
973 3047 1093 3107 (d'abo1d
1113 3047 1231 3107 poiande

220 3111 253 3156 de
281 3109 345 3164 toln,
366 3109 426 3170 puis
468 3123 545 3168 gui-es
567 3108 726 3167 d'animaux,
750 3109 811 3216 puis
828 3107 1126 3184 hampes'surmontdeq
1146 3106 1231 3154 d'une

220 3186 355 3218 couronne
379 3171 535 3216 au-dessous
560 3171 592 3217 de
614 3170 727 3231 laquelle
766 3173 851 3216 tarent
869 3171 916 3216 des
941 3183 1068 3217 ecussons
1089 3184 1121 3215 en
1144 3169 1230 3217 mdtal

220 3231 404 3294 representant
415 3233 461 3278 des
471 3232 566 3292 figures
575 3232 607 3278 de
618 3233 744 3278 divinites
754 3246 789 3278 ou
799 3231 1001 3293 d'empereurs);
1012 3230 1077 3278 mais
1089 3231 1107 3276 il
1117 3231 1232 3293 designa

219 3295 291 3342 aussi
305 3292 415 3356 l’aquila
427 3294 471 3354 qui
490 3294 557 3341 etait
573 3291 714 3354 l’enselgne
735 3307 875 3340 commune
891 3294 923 3340 de
944 3297 1019 3340 toute
1037 3294 1062 3340 la
1078 3293 1176 3353 legion.
1199 3320 1233 3335 .-

220 3357 414 3406 Dracones:
435 3357 457 3402 le
477 3355 566 3413 draco,
585 3355 725 3417 emprunte
744 3369 796 3402 aux
812 3353 931 3414 Parthes,
953 3359 994 3402 est
1015 3356 1047 3401 de
1070 3355 1109 3401 uis
1122 3355 1233 3417 'Trajan

220 3417 362 3479 l'enseigne
374 3415 452 3483 d'unc
465 3418 584 3464 cohorte.
603 3444 632 3452 -
650 3415 878 3479 cataphracti,
897 3371 1121 3466 clibanarios:
1136 3416 1234 3464 soldat

218 3480 253 3527 de
270 3481 294 3528 la
310 3480 440 3527 cavalerie
465 3481 632 3540 pesamment
650 3479 747 3536 arme'e,
766 3481 792 3525 et
807 3478 873 3525 dont
895 3478 919 3526 le
944 3479 1046 3532 cheval,
1069 3478 1139 3524 aussi
1164 3479 1234 3526 bien
1332 3501 1333 3504 ¹

221 3557 272 3603 que
294 3542 436 3599 lui—meme,
462 3541 528 3588 etait
547 3545 659 3588 couvert
676 3539 754 3586 d'une
776 3554 880 3586 armure
903 3539 1237 3601 completoresscmblant
1332 3577 1333 3580 η

220 3617 254 3650 au
271 3604 320 3649 dos
341 3603 432 3649 ecaille
445 3603 507 3649 d'un
521 3603 663 3649 crocodilo.
677 3600 847 3651 -Munitt
861 3601 899 3649 cf.
918 3602 943 3649 la
958 3603 1037 3662 garde
1051 3603 1097 3648 des
1113 3602 1236 3650 Immor-
1332 3601 1333 3664 j

220 3665 271 3711 tels
289 3665 350 3710 che'z
373 3665 410 3710 les
431 3665 523 3710 Perses
537 3664 613 3724 (Voir
629 3664 654 3710 la
669 3663 731 3710 frise
747 3663 936 3724 rapporteeau
950 3664 1053 3709 Louvre
1073 3677 1122 3723 par
1141 3663 1239 3712 Dieu-
1332 3671 1333 3690 ³

219 3726 311 3787 lal'oy).
333 3752 362 3759 —
381 3725 537 3774 Hominis.
550 3725 746 3786 Remarquerle
763 3725 930 3786 pittoresque
948 3725 1027 3772 sobre
1047 3728 1075 3772 et
1094 3729 1242 3786 expressis
1332 3747 1333 3750 ¹

221 3787 254 3832 de
264 3801 308 3834 ces
323 3788 457 3833 dernieres
471 3787 563 3849 lignes.
1332 3793 1333 3802 ²

645 3910 803 3960 -146-
