2658 4244
22 447 24 502 1

22 757 24 800 1

22 821 24 886 1

21 987 23 1024 i

21 1031 23 1110 1

21 1291 23 1350 1

20 2971 22 2976 ’
88 2962 152 3007 12ζα

20 3093 21 3132 t
88 3083 202 3134 flatterie.
217 3086 284 3132 Voir
296 3086 321 3131 ta
331 3085 438 3132 version
452 3085 584 3131 suivante.
600 3111 626 3118 -
641 3082 779 3132 Crassos
793 3097 798 3130 z
813 3083 924 3130 Crassus
938 3081 963 3128 le
974 3082 1038 3190 pere
1052 3081 1086 3142 (le

154 202 211 258 84.
230 201 288 256 Un
307 199 414 266 poete
434 194 570 251 otiante
589 193 629 248 la
648 190 764 262 gleire
785 190 997 259 u’Auguste.

342 301 432 364 (Poeta
443 296 562 362 Augusti
576 296 668 345 laudes
678 294 815 356 celebrat.)

120 427 175 488 Sed
191 436 313 507 tempus
329 426 458 485 lustrare
474 423 540 482 aliis
557 421 706 481 Helicona
722 419 871 490 choreis*,

195 526 234 584 Et
249 543 392 603 campum
412 519 602 580 Haemonio*
614 519 678 598 jam
693 517 765 574 dare
782 524 902 597 tempus
917 537 1007 596 equo.

117 623 184 682 tam
198 622 273 680 libet
290 629 321 679 et
338 621 433 679 sortes
446 635 615 677 memorare
633 615 670 672 ad
689 614 825 693 proelia*
839 622 964 683 turmas,

196 719 234 778 Et
250 718 392 776 Romana
407 715 467 774 mei
481 714 581 772 dicere
596 720 696 771 castra
712 712 831 770 ducis*.

120 816 206 883 Quod
222 817 246 874 si
261 814 408 873 deficiant
424 812 514 883 vires,
531 809 658 868 audacia
674 818 755 867 certe

193 913 273 972 Laus
291 911 350 969 erit
367 928 374 970 ε
392 911 423 968 in
436 908 555 986 magnis
571 914 601 964 et
614 907 747 965 voluisse
765 913 812 964 sat
825 912 879 964 est.

120 1009 226 1088 Surge,
244 1009 355 1079 anime,
371 1028 408 1065 ex
425 1004 555 1065 humili*
570 1021 576 1064 :
594 1002 669 1083 jam,
685 1003 831 1072 carmina,
849 1002 960 1060 sumite
973 1001 1053 1059 vires
1071 1027 1078 1071 :

195 1105 344 1176 Pierides,
363 1103 465 1180 magni
482 1122 564 1160 nunc
581 1101 639 1158 erit
654 1101 715 1158 oris
733 1121 810 1179 opus
820 1100 842 1158 *.

118 1202 183 1261 tam
201 1204 314 1280 negat*
330 1201 502 1279 Euphrates
518 1198 652 1277 equitem
668 1204 739 1276 post
752 1205 836 1274 terga
852 1193 930 1255 tueri

193 1299 390 1368 Parthorum,
406 1306 436 1355 et
452 1296 600 1355 Crassos*
615 1316 646 1352 se
662 1295 796 1352 tenuisse
812 1294 906 1352 dolet.

21 1435 23 1468 3
121 1397 204 1456 ludia
225 1397 311 1476 quin,
328 1397 479 1473 Auguste,
497 1400 551 1452 tuo
567 1392 619 1450 dat
634 1391 712 1450 colla
730 1390 896 1470 triumpho,

157 1494 195 1552 Et
209 1493 320 1552 domus
331 1493 343 1516 *
359 1493 492 1550 intactae
507 1497 537 1548 te
550 1489 655 1547 tremit
669 1489 799 1547 Arabiae
817 1507 823 1547 ε

122 1589 166 1661 Et,
184 1591 210 1649 si
226 1608 286 1669 qua
302 1589 446 1647 extremis
462 1586 553 1646 tellus
568 1607 599 1644 se
615 1585 768 1645 subtrahit
783 1586 855 1658 oris,

194 1688 314 1747 Sentiet
329 1686 379 1744 illa
395 1694 461 1743 tuas
473 1683 644 1764 postmodo
660 1691 749 1760 capta
763 1703 881 1741 manus.

122 1783 204 1842 Haec
220 1804 276 1861 ego
292 1790 390 1842 castra
409 1783 556 1862 sequar*;
575 1788 661 1838 vates
677 1786 728 1838 tua
743 1787 843 1837 castra
855 1778 993 1837 canendo

195 1881 330 1958 Magnus
347 1900 400 1937 ero
418 1897 424 1939 :
442 1885 567 1937 servent
585 1877 666 1935 hunc
682 1877 757 1939 mibi
773 1878 835 1934 sata
850 1875 950 1935 diem!

122 1976 177 2035 Ut*
191 1984 285 2057 caput
301 1977 330 2034 in
345 1976 462 2053 magnis
481 1975 533 2033 ubi
547 1994 608 2033 non
627 1980 673 2032 est
687 1981 811 2051 tangere
834 1961 939 2050 signia,

196 2074 325 2133 Ponitur
338 2073 387 2132 hic
404 2073 481 2131 imos
496 2078 566 2130 ante
582 2091 695 2130 corona
709 2070 801 2149 pedes
817 2088 823 2130 :

120 2171 168 2229 Sic
181 2192 249 2242 nos,
265 2191 347 2228 nunc
360 2171 467 2248 inopes
484 2168 605 2228 laudis*
622 2167 849 2226 conscendere*
863 2187 996 2240 carmen,

196 2267 388 2346 Pauperibus
410 2267 526 2324 sacris*
541 2265 614 2323 vilia
632 2271 700 2322 tura
718 2263 837 2322 damus.

111 2406 149 2456 N⁰
166 2407 210 2459 84
223 2421 229 2456 τ
243 2407 398 2457 choreis:
416 2407 455 2454 les
473 2407 578 2463 denses,
599 2419 669 2466 pour
685 2404 724 2452 les
744 2405 839 2452 chants
860 2406 905 2465 qui
925 2406 962 2452 tes
982 2419 1086 2451 accom-

88 2472 205 2530 pagnent.
219 2497 250 2504 -
261 2468 451 2518 Haemonio.
461 2467 501 2516 On
510 2468 584 2515 tirait
596 2467 628 2514 de
638 2466 774 2514 Thessalie
782 2466 953 2513 d'excellents
964 2466 1085 2513 chevaux

86 2529 115 2576 de
126 2546 225 2592 guerre.
239 2531 276 2578 Le
289 2531 369 2592 poete
386 2532 451 2578 veut
468 2530 524 2577 dire
561 2528 666 2589 u'apres
683 2529 758 2575 avoir
774 2527 871 2574 chante'
887 2527 1005 2585 l'amour,
1020 2528 1085 2575 ilva

86 2590 189 2660 chanter
204 2593 230 2641 la
243 2607 346 2652 guerre.
365 2593 487 2654 Auguste
499 2545 622 2638 meditait
638 2590 709 2646 ¹alors
722 2591 760 2651 (24
773 2604 815 2636 av.
829 2590 844 2636 J
848 2589 906 2643 .—C.t
920 2590 966 2636 des
979 2589 1085 2649 expedi-

87 2655 151 2700 uons
163 2668 194 2701 en
206 2654 310 2708 Orient,
325 2657 352 2701 et
364 2656 472 2700 surtout
484 2656 576 2700 contre
589 2652 628 2699 les
641 2649 753 2698 Parthes
764 2665 770 2709 ;
783 2651 875 2698 Aelius
887 2651 980 2698 Gallus
992 2651 1086 2711 prepa-

87 2715 132 2760 rait
140 2716 205 2763 celle
216 2715 279 2777 qu'il
291 2715 427 2763 conduisit
437 2714 584 2762 enArabie.
592 2712 679 2762 -Ao
690 2713 825 2774 proelia,
835 2713 940 2774 depend
949 2714 981 2759 de
990 2711 1083 2772 sortes.

86 2800 112 2810 -
123 2777 186 2826 Mei
199 2775 334 2827 ducis:
347 2775 400 2823 mei
410 2775 589 2839 imperatoris.
597 2803 628 2810 -
638 2775 689 2824 Ex
699 2773 822 2824 humili.
833 2774 872 2822 Cf.
883 2775 966 2835 Virg.,
978 2773 1084 2836 Θεοῖς,

88 2835 128 2905 111,
142 2843 154 2885 8
168 2853 173 2886 :
187 2865 217 2874 -
231 2859 241 2881 «
257 2839 394 2886 Tentanda
405 2837 448 2886 via
461 2838 500 2884 est
518 2851 572 2900 qua
586 2851 625 2883 me
639 2850 747 2899 quoque
755 2836 857 2898 poesim
876 2835 980 2883 Tollere
994 2835 1084 2895 humo,

87 2901 165 2947 uictor
188 2915 218 2947 ue
235 2900 326 2948 virum
340 2898 455 2947 volitare
464 2913 515 2961 per
527 2913 582 2946 ora.
597 2918 607 2940 »ι
617 2898 753 2959 -opus
768 2898 807 2946 Cf.
822 2898 935 2955 Horace,
949 2896 1012 2955 sat,
1028 2896 1047 2954 1,
1062 2898 1085 2954 1,

166 2915 311 3025 ingenium
328 2961 374 3008 cui
388 2960 432 3019 eit,
447 2960 492 3008 c'ui
507 2975 580 3008 mens
594 2959 712 3007 divinior
724 2960 806 3022 atque
821 2974 849 3007 os
866 2959 962 3022 Mapna
975 2960 1086 3005 sonatu-

88 3035 149 3082 rum,
168 3024 214 3072 dee
233 3023 349 3070 nominis
363 3022 446 3084 hujus
463 3022 600 3070 honorem.
617 3041 628 3064 »
641 3049 669 3056 -
686 3022 803 3082 Negat,
821 3021 1024 3068 sous-entendez
1038 3033 1085 3067 se:

87 3220 114 3252 en
127 3211 154 3254 53
166 3212 248 3256 avant
266 3208 332 3256 J.-C.
347 3210 389 3254 Au
407 3211 528 3254 moment
544 3208 579 3253 ou
599 3210 669 3253 cette
689 3207 764 3267 piece
785 3210 826 3253 est
846 3205 936 3263 e'crite,
957 3142 1086 3265 l'opiiriildd

88 3268 206 3376 Γὲὴϋῳε
226 3271 240 3342 1
264 3265 348 3344 Rome
368 3268 523 3340 s'uttendait
542 3270 556 3315 1
576 3269 623 3315 des
644 3269 790 3344 conquetes
812 3268 859 3356 qui
876 3267 1053 3338 donneraient
1072 3269 1086 3313 a

123 3346 204 3392 mprre
218 3331 327 3378 lOceau
340 3345 409 3391 pour
421 3334 549 3389 ceinture,
564 3330 596 3376 de
612 3333 683 3376 sorte
697 3344 732 3390 qu
742 3329 759 3374 rl
776 3343 795 3392 y
811 3332 898 3376 aurait
916 3341 961 3374 sur
973 3329 998 3375 la
1016 3330 1086 3376 terre

88 3145 210 3208 triumvir)
224 3149 251 3194 et
263 3162 312 3193 son
325 3146 367 3193 fils
380 3145 499 3207 perirent
510 3147 576 3192 dans
590 3159 640 3191 une
653 3144 806 3206 expedition
820 3148 911 3192 contre
922 3143 960 3190 les

88 3404 118 3437 un
130 3395 219 3453 prince
233 3393 296 3440 chef
307 3394 354 3439 des
368 3393 483 3449 nations,
496 3405 599 3438 comme
612 3391 658 3498 ilp
671 3391 744 3437 avait
755 3405 789 3437 au
801 3391 850 3437 ciel
862 3405 896 3436 un
909 3389 978 3436 Dieu
991 3393 1087 3437 mettre

20 3475 22 3484 ι
87 3457 202 3514 supreme
220 3455 253 3501 de
265 3454 398 3516 l'Olympe
410 3454 533 3514 (Horace,
547 3453 604 3511 Od,
617 3451 641 3498 11
657 3487 664 3508 ,
678 3456 707 3509 ὃς
721 3451 754 3504 11.
768 3457 822 3496 9-
834 3452 917 3511 Virg,
931 3451 1037 3514 Georp„
1052 3451 1085 3506 11,

87 3517 199 3574 1723111,
212 3517 261 3575 16).
273 3517 398 3577 Auguste
410 3525 438 3563 se
455 3517 582 3562 contenta
599 3513 714 3574 d'exiger
725 3513 750 3560 la
763 3513 916 3561 restitution
929 3513 976 3560 des
989 3513 1087 3573 captits

86 3579 110 3622 et
121 3578 166 3626 des
183 3580 322 3638 drapeaux
340 3578 373 3624 de
392 3576 498 3624 l'arme'e
516 3577 549 3622 de
569 3576 689 3623 Crassus
711 3601 739 3608 —
758 3574 880 3624 Domus
902 3595 932 3616 =
950 3573 1033 3637 repio.
1057 3600 1087 3609 -

88 3635 208 3700 Sequar
220 3653 367 3688 zeonem.
386 3666 416 3673 —
432 3639 486 3689 Ut.
505 3638 674 3685 Construisez
689 3651 694 3683 :
712 3637 743 3683 ut
764 3636 791 3683 in
810 3635 914 3698 mapuis
932 3635 1020 3700 siquis
1040 3634 1088 3682 ubi

87 3703 185 3750 nonest
201 3703 312 3764 tenpore
325 3716 352 3747 ca
375 3703 413 3760 ut,
429 3699 543 3762 ponitur
563 3698 606 3745 bic
623 3699 657 3745 ad
674 3697 741 3744 imos
755 3698 836 3760 podes
854 3712 969 3752 corona,·
981 3696 1018 3744 sie
1039 3711 1087 3744 nos

87 3774 151 3810 nunc
155 3801 200 3811 .....
220 3789 251 3798 -
269 3762 342 3811 Lau
366 3761 396 3812 is
417 3781 447 3803 =
466 3761 640 3808 laudativum.
665 3787 692 3795 -
710 3759 941 3809 Conscendere.
963 3758 1001 3806 Cf.
1026 3759 1088 3819 plus

87 3821 146 3872 haut
165 3838 247 3889 surge
265 3837 298 3870 ea
318 3821 425 3871 humili.
448 3848 477 3857 -
495 3821 623 3872 Sacris:
637 3822 676 3869 les
689 3837 766 3869 sacra
778 3822 813 3868 du
825 3821 904 3883 poete
922 3835 951 3869 ce
969 3823 1031 3867 sont
1044 3835 1087 3866 ses

87 3897 149 3933 vers.

507 3975 542 3984 -
561 3945 593 3998 35
615 3977 649 3986 -

1095 417 1135 481 3ο
