2664 4234
213 93 298 152 492.
317 95 388 152 Les
403 92 591 152 chretiens
607 96 631 152 a
644 95 746 151 leurs
762 91 1038 163 persecuteurs.

417 180 578 244 (Christiani
588 181 622 230 ad
630 180 838 244 perseculoresl.

165 295 339 370 Cruciate*‚
364 303 517 376 torquete,
541 297 696 368 damnate,
724 297 847 357 atterite
869 315 943 370 nos;
971 295 1134 376 probatio*
1150 306 1190 368 3·

126 400 172 451 est
186 393 369 453 innocentiae
391 402 505 452 nostrae
526 394 672 474 iniquitas
694 402 805 452 vestra.
827 394 900 452 ldeo
919 414 975 452 nos
990 393 1055 452 baec
1069 393 1132 472 pati

126 489 210 548 Deus
234 490 362 569 patitur.
392 490 470 550 Nam
500 498 531 550 et
557 491 696 570 proxime
724 491 762 550 ad
786 491 927 549 lenonem
957 490 1132 549 damnando

125 587 324 646 christianam
343 588 446 668 potius
464 609 554 667 quam
571 589 608 646 ad
625 588 776 661 leonem*‚
794 587 926 645 confessi
943 588 1017 646 estis
1032 587 1132 645 labem
1190 654 1199 662 „

126 684 284 763 pudicitiae
299 685 381 764 apud
402 706 458 743 nos
473 685 654 744 atrociorem
676 685 759 743 omni
780 705 871 764 prena
889 691 918 743 et
935 685 1018 742 omni
1036 692 1133 742 morte

126 781 273 860 reputari.
286 780 353 839 Ned
368 782 539 861 quidquam
551 788 653 841 tamen
669 782 789 861 proficit
807 781 989 860 exquisitior
1003 801 1133 860 quaeque

127 877 294 937 crudelitas
310 887 413 937 vestra
434 904 439 936 ι
462 879 624 938 illecebra*
644 887 691 938 est
710 879 806 956 magis
827 886 928 936 sectae.
952 878 1057 936 Plures
1071 877 1134 935 clli-

128 975 237 1047 cimur,
254 976 377 1055 quoties
392 977 537 1034 metimur
554 997 570 1034 a
584 976 672 1034 vobis
689 995 696 1034 :
716 996 818 1034 semen
833 982 880 1034 est
892 975 1016 1052 sanguis
1030 974 1133 1033 ClrriS.

124 1072 290 1134 tianorum.
307 1072 401 1132 Multi
418 1073 500 1152 apud
515 1094 568 1132 vos
584 1072 621 1131 ad
639 1072 831 1131 tolerantiam
847 1072 963 1131 doloris
976 1080 1007 1131 et
1024 1072 1132 1130 mortis

124 1169 304 1243 hortantum
323 1190 386 1228 non
414 1177 514 1250 lamen
532 1177 635 1248 tantos
652 1170 815 1228 inveniunt
832 1169 925 1227 verba
949 1168 1130 1248 discipulos,

123 1274 256 1345 quantos
286 1265 454 1326 Christiani
481 1266 568 1326 lactis
593 1267 764 1327 docend0*.
789 1266 840 1324 llla
862 1257 925 1346 ipsa
950 1265 1129 1340 obstinatio,

123 1384 215 1443 quam
231 1364 436 1442 exprobratis
450 1365 596 1441 magistra
611 1371 668 1424 est.
684 1364 758 1430 Quis
771 1364 852 1420 cuim
865 1383 926 1421 non
942 1363 1131 1442 contempla·

123 1461 208 1519 tione
224 1459 290 1540 ejus
303 1461 482 1519 concutitur
499 1461 536 1520 ad
555 1461 773 1540 requirendum
790 1459 862 1539 quid
879 1460 962 1518 intus
978 1460 1007 1518 in
1021 1480 1053 1518 re
1067 1460 1130 1518 sit?

121 1557 196 1624 Quis
213 1577 285 1628 non,
304 1557 356 1616 ubi
377 1558 552 1637 requisivit,
572 1557 706 1628 accedit;
729 1557 780 1615 ubi
800 1558 939 1628 accessit,
959 1556 1021 1636 pati
1037 1577 1128 1636 exop-

124 1653 197 1726 tat*‚
219 1662 254 1713 ut
275 1662 372 1712 totam
396 1655 452 1713 Dci
476 1655 605 1732 gratiam
626 1652 767 1713 redimat.
791 1653 935 1712 Hesterni
956 1674 1072 1724 sumus
1098 1660 1130 1712 et

124 1757 226 1810 vestra
241 1751 346 1810 omnia
360 1751 568 1831 implevimus,
586 1750 687 1822 urbes,
704 1750 829 1822 insulas,
848 1749 982 1821 castella,
998 1750 1130 1808 munici-

121 1847 184 1929 pia,
200 1847 415 1922 conciliabula,
432 1856 531 1907 castra
545 1848 620 1927 ipsa,
636 1847 746 1918 tribue,
764 1847 934 1918 decurias*,
947 1846 1127 1926 palatium*‚

120 1952 272 2019 senatum,
288 1943 409 2019 forum;
436 1945 498 2004 sola
516 1944 605 2003 vobis
626 1944 806 2024 reliquimus
826 1943 951 2024 templa.
971 1942 1030 2003 Cui
1048 1943 1129 2003 bello

120 2062 182 2101 non
202 2039 319 2115 idonei,
335 2060 397 2100 non
413 2042 548 2121 prompti
563 2041 740 2114 fuissemus
758 2043 849 2100 etiam
871 2040 1004 2120 impares
1017 2040 1126 2119 copiis,

119 2138 172 2220 qui
193 2145 255 2198 tam
277 2137 411 2198 libenter
427 2139 630 2210 trucidamur,
647 2138 672 2196 si
692 2158 754 2196 non
777 2137 859 2217 apud
882 2137 972 2196 istam
991 2135 1129 2218 discipli-

92 2267 95 2272 ·
122 2255 193 2294 nam
208 2233 307 2313 magis
324 2233 424 2295 occidi
439 2233 545 2294 liceret
559 2255 650 2314 quam
666 2233 830 2293 occidere?

149 2367 191 2418 ΙΨ
198 2367 266 2418 492
276 2366 455 2418 :cruciate
464 2366 500 2415 Le
508 2380 633 2415 morceau
642 2364 796 2415 suivantest
803 2363 1128 2428 unevtritebleprovoca·

119 2430 186 2478 tion.
196 2429 298 2492 Depuis
307 2428 464 2488 Tertullien‚
474 2443 590 2491 presque
601 2430 662 2476 tous
669 2428 708 2476 les
717 2427 797 2475 Ptres
805 2428 839 2475 de
849 2424 953 2489 l’Eglise
961 2429 1010 2474 ont
1019 2426 1127 2475 adressd

117 2506 170 2540 eux
177 2490 312 2539 chrdtiens
320 2490 382 2565 ddy'ri
392 2489 515 2553 designes
527 2505 596 2552 pour
604 2490 628 2537 le
638 2491 757 2598 martyre
766 2491 813 2537 des
820 2489 1038 2548 Exhortationes‚
1052 2489 1087 2536 ou
1094 2489 1127 2537 ile

118 2553 244 2600 defiaient
258 2552 297 2600 les
313 2553 412 2614 paiens,
427 2555 454 2600 et
471 2551 650 2610 s'etlorqaient
662 2552 705 2600 d'a
727 2552 807 2599 ermir
820 2552 846 2599 le
863 2565 975 2611 courage
989 2551 1036 2597 des
1050 2549 1128 2598 chre·

117 2617 188 2662 tiens
198 2628 231 2662 en
243 2615 301 2663 leur
316 2614 458 2676 rappelant
470 2615 517 2661 des
535 2614 612 2661 traits
629 2611 788 2660 d'he'roieme
806 2612 960 2674 empruntes
972 2611 1126 2659 ril'histoire

117 2673 1126 2785 tssitlltttttttl?l‘ttltlttltttlttnttlt‘llttillst¹33

118 2815 161 2848 ces
174 2777 390 2847 dehortationes.
404 2825 434 2834 -
444 2752 611 2849 ploratio.
623 2752 665 2846 Gi
676 2797 700 2844 le
714 2800 770 2845 mot
782 2795 843 2845 d'un
857 2801 961 2860 martyr
972 2798 988 2844 a
998 2812 1033 2844 un
1046 2797 1125 2858 palen

117 2862 162 2923 qui
174 2860 294 2908 assisteit
305 2860 371 2907 dans
384 2861 408 2908 la
419 2861 511 2922 prison
524 2860 539 2906 d
552 2872 600 2907 son
613 2859 720 2907 dernier
737 2873 835 2922 repes:
849 2878 861 2901 r
874 2859 1050 2920 regende-moi
1062 2859 1124 2906 bien

117 2939 150 2970 au
164 2923 255 2983 visage
271 2937 340 2983 pour
356 2936 398 2968 me
412 2923 580 2969 reconnaltre
592 2935 626 2968 au
640 2921 781 2983 jugement
794 2921 901 2968 dernier
916 2939 937 2968 r.
951 2920 1017 2967 Voir
1027 2921 1051 2967 la
1064 2934 1126 2967 ver·

117 2986 175 3032 sion
188 2986 242 3032 489,
256 3010 285 3019 -
297 2983 454 3033 Leonem:
467 2983 491 3030 le
504 2982 550 3054 jeu
569 2983 603 3030 de
617 2985 689 3030 mots
704 2984 746 3030 est
761 2982 824 3030 bien
842 2981 960 3043 de'plact.
975 3008 1004 3017 —
1015 2982 1125 3031 Illeoe·

117 3047 189 3096 bra.
202 3044 273 3094 C'est
284 3043 402 3092 l'ivresse
413 3045 447 3091 du
460 3044 544 3103 divin,
556 3041 731 3102 l'exaltation,
742 3043 767 3091 le
778 3042 962 3091 ravissement.
976 3042 1016 3090 Cl.
1031 3044 1054 3090 le
1067 3044 1125 3091 mot

117 3109 151 3154 du
164 3110 268 3168 martyr
278 3106 373 3168 lgnace
385 3121 438 3154 aux
448 3105 575 3154 Romains
583 3105 628 3166 qui
641 3105 763 3152 euraient
774 3106 855 3154 voulu
867 3106 892 3152 le
903 3119 1000 3153 sauver
1011 3105 1047 3152 du
1058 3119 1125 3167 eup-

117 3169 186 3230 plice
198 3182 204 3217 :
217 3187 229 3211 r
242 3167 274 3216 le
286 3182 354 3216 vous
372 3167 440 3215 deris
457 3168 559 3222 vivant.
573 3167 641 3215 mais
653 3180 799 3215 amoureux
809 3167 843 3214 de
858 3167 884 3215 la
901 3168 980 3215 mort.
993 3164 1043 3214 J‘ai
1056 3180 1125 3229 peur

116 3232 149 3278 de
168 3232 247 3278 votre
270 3229 411 3277 allectionl
437 3229 495 3277 Ahl
520 3229 683 3277 misser-moi
701 3227 776 3290 jouir
798 3228 831 3276 de
855 3242 911 3276 mes
930 3228 1023 3276 biens!
1048 3246 1069 3277 υ.
1091 3254 1123 3264 -
1224 3273 1227 3279 .

116 3291 278 3342 Dooendo.
293 3310 304 3335 «ι
318 3291 368 3338 Les
380 3304 455 3338 exem
477 3291 515 3338 les
528 3291 635 3340 vivants
647 3292 710 3338 sont
722 3287 784 3338 d’un
796 3291 873 3338 autre
884 3290 999 3351 pouvoir
1012 3308 1033 3336 υ.
1047 3289 1069 3337 ΙΙ
1082 3292 1122 3338 est

116 3354 217 3402 certain
228 3366 280 3415 que
293 3352 434 3415 beaucoup
466 3353 594 3415 epulone,
608 3353 658 3399 iila
672 3365 724 3400 vue
733 3351 767 3398 de
779 3365 824 3399 ces
837 3351 971 3413 supplices
984 3350 1121 3412 barbares,
1166 3359 1169 3364 ’

116 3415 242 3463 devaient
259 3429 289 3462 se
307 3415 372 3471 dire,
387 3427 490 3462 comme
508 3414 569 3522 plus
586 3414 646 3462 tard
665 3413 776 3463 Pascal:
792 3432 803 3457 r
819 3412 846 3474 je
864 3413 934 3461 crois
946 3426 998 3460 une
1010 3412 1121 3474 religion

116 3477 182 3525 dont
199 3477 238 3524 les
254 3475 370 3524 ttmoins
390 3476 492 3524 seiont
524 3489 619 3537 gorger
632 3493 654 3522 i.
669 3500 700 3510 —
712 3474 866 3535 exoptat.
886 3471 956 3522 C'est
967 3487 997 3521 ce
1010 3473 1089 3535 qu'on
1106 3487 1121 3522 a

116 3537 210 3601 appele
222 3537 247 3585 la
259 3555 271 3581 «ι
285 3538 347 3586 solie
358 3538 391 3584 de
404 3538 428 3584 la
439 3537 512 3585 croix
527 3557 547 3594 i,
560 3550 612 3583 une
622 3537 695 3584 sorte
708 3537 741 3584 de
752 3536 896 3597 contagion
907 3538 939 3583 et·
947 3533 1074 3583 d'ivresse
1084 3536 1120 3582 du

115 3603 242 3662 martyre.
255 3626 286 3634 -
296 3597 457 3648 Decurias
468 3597 615 3660 (judicum)
626 3610 633 3646 :
647 3597 707 3645 voir
718 3611 751 3645 au
764 3597 815 3644 lexi
839 3612 879 3646 ue.
891 3623 922 3633 —
934 3597 1119 3648 Palatium:

116 3663 154 3712 les
164 3663 275 3724 charges
285 3661 320 3708 du
334 3660 417 3722 paleis
429 3659 559 3721 imperial.
574 3658 640 3706 Voir
656 3673 690 3706 au
704 3659 809 3721 lexique
847 3657 923 3706 otilia
943 3657 1117 3723 dignitatum.

100 3806 103 3813 Ι
200 3741 243 3786 Vto
251 3740 367 3795 potitique
377 3739 415 3781 dea
425 3739 535 3780 Romaim
1024 3743 1047 3780 ³1

544 3844 695 3898 -495-
