2658 4244
235 157 293 214 64.
309 154 428 213 ce'sar
447 169 495 212 au
511 155 675 214 satellite
695 153 756 224 qui
771 155 822 212 lui
838 165 994 226 apporta

430 251 560 309 latete
575 253 620 308 de
634 249 800 321 Pompee.

227 366 335 430 (Caesar
347 365 381 413 ad
393 365 537 414 satellitem
551 365 600 429 qui
613 365 637 413 ei
649 365 770 428 Pompeii
787 367 867 430 caput
880 365 1001 430 obtulit.)

210 509 307 566 Auser
317 508 329 531 *
351 507 389 566 ab
404 508 551 586 adspectu
568 513 673 565 nostro
689 507 821 576 funesta,
836 505 957 566 satelles
968 509 992 581 *‚

212 605 305 682 Regis
320 604 399 663 dona
415 605 480 664 tui:
498 603 587 684 pejus
609 604 647 662 de
663 593 793 662 Caesare
808 611 945 662 vestrum

135 727 136 730 ¹
211 702 308 768 Quam
326 701 362 758 de
378 701 524 780 Pompeio
538 701 669 759 meruit*
683 700 803 760 scelus:
822 701 912 759 unica
927 700 999 758 belli

213 799 351 856 Praemia
374 797 485 869 civilia
498 797 590 856 victis
603 797 739 856 donare*
755 797 896 869 salutem,

213 894 427 953 Perdidimus*
432 931 903 956 .........................
909 941 936 955 ..

212 992 281 1050 Non
298 991 428 1049 tuleram
445 991 591 1068 Magnum
612 1011 732 1050 mecum
755 991 896 1049 Romana
919 991 1118 1084 regentem*3

210 1089 263 1160 Te,
282 1089 468 1159 Ptolemaee,
487 1089 581 1146 leram
594 1090 626 1148 ¹?
642 1087 767 1146 Frustra
783 1087 926 1146 civilibus
942 1089 1034 1147 armis

211 1185 394 1244 Miscuimus
410 1193 528 1264 gentes
547 1185 572 1243 si
588 1206 647 1264 qua
664 1193 710 1244 est
723 1185 781 1243 hoc
797 1185 870 1244 orbe
889 1191 1025 1264 potestas

116 1319 118 1324 ·
212 1282 316 1340 Altera
331 1303 425 1361 quam
442 1282 564 1354 Caesar,
578 1283 602 1339 si
619 1282 707 1344 tellus
724 1275 784 1340 ulle
802 1282 933 1340 duorum
950 1288 1006 1344 est.

212 1379 380 1438 Vertissem
390 1379 516 1438 *Latias
530 1401 545 1438 a
559 1388 662 1439 vestro
678 1379 767 1437 litore
785 1399 891 1458 proras
909 1397 915 1438 :

216 1475 325 1534 Famae
341 1497 414 1535 cura
431 1484 526 1546 vetat,
545 1497 582 1534 ne
598 1485 659 1534 non
678 1476 839 1534 damnasse
852 1483 1024 1549 cruentam,

113 1592 119 1598 “
211 1572 270 1630 Sed
286 1573 390 1631 videar
406 1573 545 1632 timuisse
557 1573 690 1631 Pharon.
708 1573 771 1631 Nec
785 1572 890 1630 fallere
906 1593 961 1630 vos
976 1572 1050 1631 me*

20 1663 22 1720 j
113 1689 116 1694 ·
212 1669 337 1728 Credite
351 1670 500 1728 victorem
519 1688 525 1730 :
544 1668 632 1728 nobis
648 1690 770 1750 quoque
787 1669 846 1728 tale
861 1677 1001 1748 paratum
1012 1669 1025 1696 *

218 1766 329 1824 Litoris
340 1765 510 1845 hospitium
527 1791 532 1824 :
550 1787 587 1824 ne
603 1767 647 1824 sio
663 1786 728 1824 mea
747 1765 824 1824 colla
840 1773 997 1843 gerantur,
1027 1781 1031 1793 ‘

211 1863 411 1921 Thessaliae*
427 1863 562 1922 Fortuna
577 1864 660 1921 lacit.
678 1864 741 1921 Vos
757 1863 880 1922 condite
892 1864 983 1922 busto

148 1981 150 1986 ’
211 1959 300 2018 Tanti
312 1959 391 2018 colla
406 1960 514 2020 ducis:
529 1961 581 2018 sed
599 1981 660 2018 non
679 1969 712 2018 ut
725 1960 854 2019 crimina
865 1961 877 1984 *
892 1967 1013 2020 tantum

127 2081 129 2087 ,
211 2055 320 2114 Vestra
338 2064 422 2134 tegat
438 2057 530 2115 tellus
546 2075 552 2117 :
568 2057 653 2138 justo
672 2058 742 2116 date
755 2065 823 2115 tura
839 2057 993 2136 sepulcre,

213 2151 252 2211 Et
264 2153 382 2232 placate
397 2162 501 2232 eaput,
518 2154 698 2234 cineresque
714 2154 745 2211 in
761 2153 851 2213 litore
868 2153 974 2213 fusos*

216 2249 372 2336 Colligite,
397 2257 490 2329 atque
515 2271 607 2333 unam
627 2251 741 2330 sparsis
758 2251 828 2309 date
844 2250 985 2333 manibus
999 2271 1117 2312 urnam.

143 2407 183 2456 N⁰
195 2407 257 2456 64:
271 2405 384 2456 Aufer.
396 2409 463 2455 Voir
476 2409 514 2454 les
529 2410 606 2456 notes
619 2408 651 2454 de
663 2409 689 2455 la
701 2409 807 2456 version
820 2407 980 2470 precedente
992 2407 1076 2472 Eloge
1087 2407 1119 2455 de

116 2467 179 2515 Pom
199 2468 237 2516 e'e.
259 2495 287 2505 —
310 2470 461 2520 Satelles.
486 2470 583 2517 Pothin
606 2471 679 2517 avait
700 2469 825 2517 conseille
849 2468 1028 2529 l'assassinat3
1055 2468 1120 2518 c'est

115 2531 182 2577 Ach1
204 2545 232 2577 as
245 2531 292 2592 qui
309 2529 521 2593 1666616611.-
533 2531 787 2594 Pejus‘meruit:
804 2546 883 2592 parce
898 2547 948 2592 que
961 2547 991 2580 ee
1008 2533 1089 2580 crime
1104 2547 1120 2579 a

133 2593 188 2639 rive
201 2593 317 2654 Pompee
334 2593 366 2640 de
381 2593 406 2640 16
419 2593 470 2652 vie,
485 2597 512 2640 61
524 2593 605 2640 Ce'sar
622 2594 654 2640 dc
673 2594 699 2639 la
713 2593 794 2653 gloire
814 2594 846 2640 de
863 2593 899 2640 lui
917 2595 1075 2654 pardonner.
1088 2621 1119 2630 -

145 2667 252 2704 enare.
269 2654 377 2712 Lucain,
392 2655 436 2716 qui
452 2652 547 2702 n'aime
560 2669 607 2716 pas
621 2655 709 2712 Cesar,
721 2655 787 2702 rend
799 2655 833 2702 ici
844 2670 879 2702 un
892 2656 964 2716 juste
979 2655 1118 2717 hommage

115 2716 128 2762 11
149 2731 177 2763 sa
198 2717 341 2764 clemence.
363 2715 402 2764 cf.
423 2715 544 2773 Cicerom
562 2731 615 2778 pro
636 2715 852 2774 1161661163.-
865 2717 1071 2766 Perdidimus
1088 2737 1118 2759 =

114 2777 226 2838 perdidi.
246 2803 276 2812 —
289 2779 337 2827 Re
363 2779 478 2828 entem.
501 2776 571 2825 C'est
587 2779 735 2838 justement
751 2792 780 2824 ce
793 2778 865 2824 desir
882 2780 914 2825 de
933 2780 1054 2826 dominer
1072 2780 1117 2839 qui

116 2790 650 2900 16116666566616666116.1116611116
672 2840 711 2886 dit
731 2839 761 2898 (Ι,
782 2841 836 2901 125)
858 2855 863 2887 z
885 2841 939 2887 Nec
959 2855 1118 2901 quemquam

113 2901 165 2958 jam
181 2901 248 2947 serre
262 2902 353 2962 potest
366 2901 488 2948 Caesarve
501 2901 625 2961 priorem,
641 2901 817 2962 Pompeiusve
829 2916 928 2962 parem.
944 2928 974 2936 -
990 2901 1116 2950 Feram.

114 2961 152 3008 On
166 2963 224 3009 voit
234 2963 268 3008 ici
279 2961 303 3009 16
316 2961 411 3009 dedain
425 2963 461 3008 du
474 2961 586 3010 Romain
597 2977 666 3024 pour
676 2964 714 3009 les
725 2963 878 3010 Orientaux.
890 2989 917 2997 —
926 2961 1116 3011 Vertissem.

114 3023 193 3070 Cesar
205 3023 296 3070 luirait
312 3023 367 3070 loin
385 3025 417 3070 de
437 3038 466 3070 ce
485 3024 576 3084 rivago
593 3023 687 3071 souille
706 3039 755 3085 par
773 3039 808 3070 un
826 3026 916 3082 crime,
937 3023 975 3070 s'il
989 3023 1032 3086 n'y
1052 3025 1119 3071 etait

113 3087 206 3132 rctenu
219 3099 267 3146 par
279 3085 303 3130 le
313 3085 372 3132 eoin
385 3085 418 3132 de
430 3099 459 3134 sa
474 3085 557 3146 gloire
569 3086 622 3146 (qui
639 3085 675 3132 lui
689 3085 785 3132 defend
800 3087 833 3132 de
846 3086 898 3132 fuir
911 3087 1009 3134 devant
1020 3087 1043 3132 16
1056 3087 1119 3132 dan-

112 3151 165 3206 ger)
180 3151 207 3193 et
238 3161 267 3194 ar
279 3145 303 3193 le
316 3145 388 3193 desir
397 3147 429 3193 de
443 3147 524 3208 punir
534 3147 677 3194 Ptolemee.
691 3174 721 3181 -
734 3147 863 3195 Fallere
877 3160 936 3196 vos
949 3160 998 3196 me
1009 3167 1040 3189 =
1053 3162 1092 3195 me
1102 3162 1119 3196 a

112 3207 187 3256 vohis
220 3207 278 3255 atti.
300 3234 327 3242 —
347 3207 507 3257 Paratum
526 3228 558 3251 =
594 3210 700 3256 aratum
726 3209 791 3266 6161,
818 3207 841 3255 si
861 3208 948 3256 uictus
974 3223 1065 3258 essem.
1087 3237 1119 3246 -

111 3268 304 3320 Thessaliae.
318 3269 442 3316 Pharsale
455 3272 496 3318 est
510 3285 543 3317 en
598 3271 700 3318 essalie.
715 3296 744 3304 —
755 3271 796 3319 ut
807 3269 948 3320 crimina
959 3290 989 3312 =
1001 3272 1030 3316 ut
1039 3270 1119 3318 scele-

20 3359 22 3366 ,
112 3333 194 3378 ratos.
213 3358 244 3365 —
262 3333 374 3380 Fusos.
389 3329 459 3378 C’est
475 3330 621 3380 l'ail'ranchi
639 3331 741 3379 Cordus
760 3332 804 3392 qui
818 3333 928 3378 61166116
948 3346 999 3378 aux
1017 3333 1079 3379 ssots
1093 3333 1118 3380 16

112 3393 228 3440 cadavre
242 3393 274 3440 de
289 3392 414 3454 Pompee,
426 3393 450 3439 le
462 3393 547 3454 1111116,
559 3397 586 3442 61
596 3408 629 3440 611
641 3394 772 3441 recueillit
782 3393 820 3442 les
833 3395 944 3441 cendres
957 3391 1020 3454 qu'il
1032 3395 1118 3443 conha

112 3452 126 3498 6
140 3453 165 3500 16
179 3459 250 3502 16116
261 3455 297 3500 (111
307 3455 396 3516 rivage
410 3454 552 3517 (Pharsal,
566 3455 640 3514 VlII,
656 3455 718 3517 712).

138 3549 181 3598 N⁰
194 3549 238 3600 65
253 3563 260 3598 τ
274 3549 347 3600 Ubi.
367 3549 481 3598 Salluste
492 3565 507 3598 a
519 3551 604 3612 repris
621 3553 692 3598 cette
704 3550 781 3598 these
793 3551 858 3597 dans
875 3551 899 3598 le
920 3551 1034 3612 premier
1048 3552 1117 3612 frag-

111 3615 186 3659 ment
206 3613 251 3673 qui
267 3625 334 3659 nous
351 3615 421 3659 reste
434 3612 466 3659 de
482 3627 511 3660 sa
528 3613 625 3674 grande
644 3611 772 3660 Histoire.
794 3612 832 3660 Cf.
852 3611 973 3670 Juvenal,
993 3613 1038 3668 Vl,
1058 3617 1115 3660 293:

107 3671 219 3720 Saeuior
240 3672 323 3720 armis
342 3673 462 3721 Luxuria
482 3673 607 3722 incubuit
625 3674 780 3745 victumque
805 3674 946 3721 ulciscitur
968 3673 1068 3721 orbem.
1087 3701 1116 3710 —

106 3733 252 3792 Labore,
271 3730 674 3784 665116611111661610101116
691 3751 736 3798 qu1
754 3735 832 3783 firent
849 3737 881 3783 de
902 3736 985 3782 Rome
1008 3736 1032 3782 16
1051 3739 1116 3782 11161-

192 3825 237 3864 Via
249 3821 363 3876 Paulique
376 3824 414 3864 des
424 3823 543 3867 Romulus.
1024 3825 1036 3864 5

545 3906 685 3958 ,65-
