2658 4244
137 197 214 256 122.
236 200 307 256 Sur
319 199 375 256 les
390 198 607 256 intendants
622 200 689 256 des
704 198 809 256 biens
823 195 1039 268 tmperiaux.

403 304 450 367 (De
462 303 521 366 fisci
529 302 776 368 procuratoribus.)

133 463 246 522 Eodem
275 484 356 523 anno
378 464 490 543 saepius
510 464 614 523 audita
639 485 701 522 vox
720 464 879 544 principis,
906 484 1010 543 parem
1031 464 1092 521 vim
1110 461 1150 526 2θ

97 581 192 618 reram
215 560 388 621 habendam
409 582 424 620 a
447 561 721 640 procuratoribus*
744 562 807 620 suis
830 561 1039 642 judicatarum
1058 581 1093 619 ac

20 717 21 728 ,
97 658 118 714 si
141 659 392 737 ipsestatuisset;
416 679 461 728 ac,
489 679 527 717 ne
556 658 685 717 fortuito
716 658 896 738 prolapsus*
925 658 1092 726 videretur,

96 764 213 814 senatus
227 776 349 835 quoque
361 755 504 814 consulto
525 765 650 815 cautum
675 755 814 834 plenius*
837 776 928 836 quam
950 763 1039 814 antea
1062 762 1095 814 et

96 853 226 913 uberius,
238 853 316 912 Nam
329 853 420 911 divus
436 854 594 930 Augustus
609 853 691 932 apud
704 861 871 932 equestres,
888 853 941 932 qui
958 854 1094 932 AEgypto

95 950 300 1028 praesiderent,
326 950 393 1028 lege
420 951 486 1028 agi*
511 950 697 1030 decretaque
718 970 826 1008 eorum
847 950 972 1029 perinde
987 949 1093 1007 haberi

93 1047 221 1126 jusserat
234 1067 269 1106 ac
281 1047 306 1105 si
321 1048 518 1126 magistratus
532 1047 650 1106 romani
666 1048 912 1121 constituissent3
930 1067 1002 1106 mox
1020 1046 1093 1106 alias

94 1166 143 1224 per
161 1145 337 1225 provincias
357 1152 388 1204 et
411 1145 441 1203 in
473 1143 555 1203 Urbe
579 1143 725 1224 pleraque
749 1165 893 1204 concessa
915 1152 997 1216 sunt,
1024 1164 1093 1223 quae

93 1242 161 1299 olim
177 1262 195 1300 a
210 1242 394 1322 praetoribus
408 1241 642 1301 noscebantur.
660 1241 807 1300 Claudius
823 1262 914 1300 omne
933 1242 983 1321 jus
998 1240 1094 1300 tradi-

93 1339 166 1412 dit'‚
182 1339 221 1397 de
234 1360 295 1418 quo
307 1339 398 1397 toties
409 1339 559 1397 seditione
570 1346 624 1397 aut
638 1339 730 1397 armis
745 1346 906 1411 certatum,
922 1359 992 1398 cum
1008 1339 1094 1396 Sem-

93 1436 223 1514 proniis*
236 1437 448 1513 rogationibus
465 1444 607 1516 equester
620 1436 695 1495 ordo
710 1437 741 1494 in
757 1437 949 1515 possessione
959 1436 1094 1517 judicio-

93 1554 156 1591 rum
172 1533 338 1605 locaretur,
357 1541 410 1591 aut
423 1554 545 1592 rursum
557 1533 712 1592 Serviliae'
732 1533 815 1611 leges
834 1534 953 1593 senatui
975 1532 1093 1612 judicia

93 1630 262 1703 redderent,
288 1630 467 1710 Mariusque
490 1640 521 1689 et
543 1630 625 1690 Sulla
648 1631 721 1688 olim
745 1631 783 1690 de
801 1651 837 1690 eo
863 1631 911 1689 vel
939 1631 1093 1710 praecipue

93 1727 248 1786 bellarent.
263 1727 323 1785 Sed
341 1734 415 1786 tunc
435 1727 579 1786 ordinum
604 1727 725 1787 diversa
747 1727 859 1800 studia,
881 1735 911 1786 et
928 1748 996 1806 quae
1012 1727 1094 1785 vice-

91 1826 175 1883 rant*
203 1824 327 1904 publice
351 1824 505 1883 valebant.
533 1824 569 1883 C.
597 1824 716 1903 Oppius
743 1833 774 1884 et
795 1824 957 1883 Cornelius
981 1823 1093 1882 Balbus

93 1923 179 2000 primi
195 1922 325 1980 Caesaris
338 1922 449 2000 opibus
460 1930 589 2000 potuere
605 1922 804 1981 condiciones
819 1923 902 2002 pacis
922 1930 951 1980 et
969 1921 1094 1980 arbitria

91 2019 157 2077 belli
172 2027 315 2078 tractare.
334 2019 447 2077 Matios
459 2018 598 2097 posthac,
619 2026 650 2077 et
664 2019 808 2092 Vedios*,
833 2027 863 2077 et
882 2028 982 2078 cetera
1008 2019 1094 2098 equi-

92 2125 153 2174 tum
174 2136 372 2174 romanorum
398 2115 562 2195 praevalida
586 2118 710 2174 nomina
732 2117 846 2175 rel'erre
868 2117 944 2174 nihil
961 2117 1094 2175 attinue-

91 2214 137 2285 rit,
156 2234 225 2272 cum
242 2212 391 2272 Claudius
409 2213 535 2271 libertos
547 2215 568 2284 *,
587 2233 665 2293 quos
678 2214 722 2271 rei
741 2213 881 2272 familiari
900 2214 1091 2292 praefecerat,

16 2297 17 2328 l
91 2311 206 2391 sibique
220 2319 251 2370 et
263 2311 380 2388 legibus
396 2310 616 2390 adaequaverit.

118 2471 157 2520 ΙΨ
172 2471 236 2521 122
251 2485 258 2519 τ
273 2469 553 2520 Procuratorihus
567 2469 740 2517 :intendants
751 2471 783 2516 de
796 2470 820 2517 la
832 2471 934 2517 maison
944 2469 975 2517 de
988 2469 1093 2531 l'empe-

90 2547 157 2592 rear,
171 2533 404 2580 administrateurs
417 2531 453 2578 du
465 2530 514 2578 fisc
530 2531 545 2577 a
563 2530 647 2578 Rome
665 2545 699 2578 ou
714 2532 781 2578 dans
794 2532 833 2578 les
848 2533 991 2593 provinces
1009 2533 1044 2578 im
1066 2532 1093 2578 e'-

90 2594 174 2641 riales.
189 2593 211 2640 ll
223 2609 241 2656 y
252 2594 326 2640 avait
336 2594 405 2640 deux
418 2595 504 2640 sortes
517 2593 549 2639 de
558 2593 751 2654 procuratores
765 2608 770 2640 :
785 2594 823 2640 les
830 2595 1024 2655 procuratores
1044 2593 1094 2640 esci

16 2667 17 2680 ¹
90 2655 175 2703 aurei
187 2653 346 2716 familiaris;
361 2655 399 2702 les
408 2655 600 2717 procuratores
612 2653 668 2701 vice
679 2653 813 2716 praesidis,
826 2670 860 2702 ou
876 2670 937 2702 cum
950 2657 1091 2717 potestate.

16 2729 17 2778 r
89 2717 137 2764 Ces
150 2717 270 2764 derniers
283 2717 390 2762 avaient
402 2717 425 2762 le
438 2717 510 2762 droit
522 2717 555 2761 de
565 2717 661 2762 rendre
673 2717 699 2763 la
709 2717 815 2778 justice.
830 2717 880 2764 Les
891 2721 980 2764 autres
993 2717 1093 2764 etaient

16 2781 17 2790 ¹
89 2779 241 2826 conside're's
254 2791 357 2825 comme
371 2778 403 2824 de
417 2777 526 2838 simples
540 2778 717 2838 particuliers.
732 2776 902 2840 L'empereur
912 2779 1010 2825 Claude
1026 2793 1092 2825 vou-

16 2857 18 2884 .
89 2840 126 2886 lut
139 2841 197 2887 leur
210 2841 275 2886 taire
288 2840 416 2887 accorder
428 2840 465 2886 les
476 2839 659 2900 prerogatives
672 2841 719 2887 des
731 2843 924 2901 procuratores
938 2856 997 2887 cum
1004 2842 1092 2902 potes·

16 2887 17 2956 Ῐ
90 2903 149 2950 tate.
163 2930 193 2937 -
211 2902 400 2962 Prolapsus,
419 2901 621 2948 sentiacam
642 2900 810 2949 sententiam.
831 2929 860 2937 -
880 2901 1014 2951 Plenius
1033 2917 1037 2949 :
1055 2903 1092 2949 les

16 2961 18 3016 l
89 2964 262 3010 attributions
277 2964 324 3009 des
338 2965 525 3023 procurateurs
538 2964 627 3009 iurent
639 2962 776 3011 etendues.
794 2991 824 2999 —
837 2962 909 3026 Agi.
929 2964 969 3011 On
989 2965 1093 3025 appelle

16 3033 17 3064 3
89 3027 261 3088 proprement
279 3023 382 3071 actions
404 3024 435 3071 de
460 3023 484 3070 ta
503 3023 540 3070 toi
560 3025 692 3071 certaines
710 3025 808 3073 formes
826 3025 858 3072 de
878 3026 1025 3087 procedure
1047 3027 1092 3086 qui

16 3097 17 3108 ¹
88 3088 267 3134 remontaient
283 3101 316 3133 au
330 3089 417 3147 temps
430 3087 477 3132 des
492 3085 583 3133 Douze
594 3086 699 3133 Tables.
716 3087 784 3149 Leqe
800 3087 845 3150 api
858 3091 922 3134 veut
933 3089 989 3134 dire
1005 3089 1093 3134 inten-

89 3151 173 3195 teron
188 3149 309 3219 seutenir
324 3162 376 3195 une
387 3149 476 3194 action
491 3162 496 3194 ε
515 3163 544 3194 ce
558 3148 607 3218 ¹qui
624 3163 657 3195 ne
673 3150 785 3210 pouvait
798 3164 826 3195 se
839 3149 904 3196 faire
922 3164 972 3210 que
986 3150 1094 3224 ¹devant

87 3209 665 3333 iactitantstitit{litati
675 3211 897 3333 ,tittttt‘tt
915 3211 1093 3335 attint}

87 3334 200 3381 romani.
226 3360 256 3368 -
279 3332 520 3391 Noseehantur,
548 3347 650 3380 comme
673 3333 915 3396 cognoscebantur,
939 3336 1092 3396 expression

84 3397 228 3458 juriclique.
236 3421 266 3429 -
274 3394 436 3451 Tradidit,
446 3399 535 3442 s.-ent.
548 3393 586 3441 cis
593 3395 828 3455 procuratoribus.
838 3423 867 3430 -
876 3396 1091 3458 Semproniis:

87 3457 110 3505 la
120 3459 155 3505 loi
169 3456 264 3520 portee
277 3460 364 3502 en123
378 3471 427 3516 par
439 3457 612 3518 Sempronius
625 3456 771 3505 Gracchus.
787 3484 816 3492 -
831 3456 982 3506 Serviliae
998 3474 1003 3506 :
1018 3460 1042 3506 la
1057 3460 1093 3505 loi

87 3520 178 3580 postte
192 3533 225 3566 en
240 3523 283 3564 106
303 3532 350 3577 par
366 3517 495 3565 Servilius
510 3518 642 3578 Caepio-
660 3518 738 3579 Quoe
758 3519 960 3569 vicerant:
984 3535 1011 3566 ea
1033 3536 1093 3582 quae

86 3581 202 3645 quisque
221 3579 288 3626 orclo
306 3578 406 3626 sanciri
442 3579 581 3639 ert'ecerat,
599 3579 664 3640 jure
682 3580 815 3639 valebant,
838 3582 975 3642 tamquam
991 3582 1093 3643 populo

86 3657 196 3691 romano
208 3640 333 3704 jubente.
349 3667 380 3676 —
424 3641 522 3700 edios,
535 3640 636 3688 Ve'dius
650 3642 752 3689 Pollion
771 3644 815 3704 qui
834 3644 874 3690 lut
891 3644 1014 3703 puissant
1031 3659 1093 3691 sous

86 3707 216 3766 Auguste,
230 3703 299 3750 ainsi
314 3717 366 3762 que
376 3701 475 3749 Matius
488 3702 564 3764 (Voir
574 3717 625 3749 une
637 3703 705 3750 belle
715 3705 794 3752 lettre
806 3706 839 3750 de
853 3705 961 3759 Matius,
972 3705 1092 3762 Ciceron,

84 3768 116 3814 ad
128 3765 229 3828 samii,
243 3764 289 3820 Xl,
305 3765 352 3822 28).
364 3762 563 3814 -Libertos
573 3764 608 3812 Le
621 3765 701 3824 regne
714 3767 746 3812 de
756 3766 854 3813 Claude
866 3767 906 3813 fut
919 3767 942 3812 le
955 3766 1035 3826 regne
1046 3767 1094 3814 des

83 3827 229 3877 all'ranchis
246 3840 251 3873 :
267 3826 399 3887 Narcisse,
414 3827 509 3886 Pallas,
523 3826 641 3888 Calliste,
658 3828 796 3890 Polybius,
811 3831 861 3875 etc.

511 3959 668 4011 -tas-
