2698 4234
395 143 479 202 362.
501 145 633 199 contre
649 143 819 210 l’argent.
890 158 892 162 ¹

501 237 542 298 (ln
558 235 717 300 pecuniam.)

208 352 288 428 Ergo
304 351 452 410 sollicitae
468 360 501 409 tu
519 371 620 421 causa,
637 351 776 430 pecunia,
795 351 876 408 vitae
888 351 938 410 es!

247 448 305 506 Per
320 455 348 506 te
364 448 563 506 immaturum
579 449 687 506 mortis
703 449 823 506 adimus
838 448 907 506 iter.

206 545 250 602 Tu
265 545 348 602 vitiis
362 545 522 602 hominurn
538 543 672 603 crudelia
689 545 799 624 pabula
814 545 942 623 praebes
958 559 967 603 t

219 651 223 665 ¹
247 641 368 720 Semina
384 662 528 724 curarum
540 641 577 699 de
594 641 695 720 capite
710 648 777 700 orta
788 643 879 700 *.tu0.

206 738 252 796 Tu
269 739 395 797 Paetum
411 738 448 796 ad
462 739 608 796 Pharios*
625 737 800 796 tendentem
817 738 911 797 lintea
927 743 1035 816 portus

247 833 358 892 Ohruis
373 835 480 892 insano
493 843 600 913 terque
616 835 807 915 quaterque*
822 834 908 893 mari.

208 931 283 988 Nam
297 931 369 989 dum
392 939 421 990 te
437 931 586 1010 sequitur,
605 931 703 1010 primo
718 931 811 989 miser
826 929 940 990 excidit
954 949 1043 1003 aevo,

247 1027 285 1084 Et
299 1043 379 1085 nova
392 1028 569 1108 longinquis
583 1028 718 1106 piscibus
733 1049 801 1087 esca
812 1035 908 1086 natat.
922 1024 924 1027 ’
1009 1049 1011 1052 ·

210 1124 309 1195 Paete,
325 1124 400 1203 quid
416 1132 547 1185 aetatem
566 1125 750 1184 numeras*‘?
766 1124 842 1203 quid
857 1145 926 1182 cara
941 1121 1061 1182 natanti

247 1220 348 1278 Mater
363 1221 394 1278 in
410 1241 462 1279 ore
480 1221 533 1278 tibi
550 1224 620 1280 est‘l
637 1221 705 1279 Non
720 1221 831 1280 habet*
847 1221 928 1280 unda
941 1220 1028 1281 deos.

209 1318 285 1374 Nani
302 1317 356 1375 tihi
376 1318 535 1377 nocturnis
551 1318 587 1375 ad
605 1339 676 1376 saxa
691 1319 783 1397 ligata
800 1316 943 1397 procellis

247 1413 356 1472 Omnia
369 1414 481 1472 detrito
495 1415 619 1473 vincula
636 1415 709 1472 lune
724 1414 869 1473 cadunt*.

210 1510 247 1567 Et
262 1518 361 1568 mater
375 1532 437 1568 non
449 1511 534 1590 justa
553 1511 642 1590 piae*
657 1511 729 1569 dare
745 1511 849 1569 dehita
863 1518 972 1583 terrae,

247 1607 310 1665 Nec
325 1608 418 1687 pote*
432 1614 580 1684 cognatos
594 1607 674 1666 inter
688 1608 814 1666 humare
830 1628 931 1684 rogos.

208 1703 266 1762 Sed
283 1712 334 1762 tua
349 1724 430 1763 nunc
448 1704 588 1762 volucres
602 1704 724 1763 adstant
740 1725 832 1783 super
849 1724 918 1762 ossa
935 1704 1082 1778 marinae,

249 1800 337 1880 Nunc
358 1801 413 1859 tibi
428 1822 484 1881 pro
501 1801 620 1859 tumulo
637 1801 860 1880 Carpathium*
880 1821 970 1859 omne
986 1820 1068 1858 mare

1035 1895 1106 1976 [est.

207 1994 269 2052 Ohl
287 1995 408 2074 quoties
427 1995 512 2053 Paeti
530 1995 673 2054 transibit
693 2001 786 2054 nauta
803 1995 987 2074 sepulcrum,

248 2092 337 2149 Dicat
356 2111 362 2150 z
379 2115 392 2144 a
412 2092 450 2150 Et
462 2091 570 2150 audaci
587 2098 621 2150 tu
637 2091 729 2149 timor
744 2113 810 2150 esse
825 2098 924 2170 potes,
939 2116 953 2146 »
977 2161 979 2163 ¹

209 2189 253 2245 lle
263 2190 284 2258 *‚
301 2195 381 2246 rates
394 2209 504 2246 curvas
520 2196 550 2245 et
565 2188 616 2246 leti
635 2189 728 2246 texite
743 2190 888 2248 causas*:

247 2267 307 2325 lsta
323 2288 377 2345 per
392 2266 540 2325 humanas
554 2287 635 2324 mors
650 2267 735 2324 venit
750 2274 817 2325 acta
835 2287 954 2325 manus,

1118 343 1159 408 20

138 2399 178 2444 111ο
191 2396 257 2448 362
277 2409 283 2443 τ
297 2396 378 2446 Orta
390 2416 420 2438 z
430 2411 558 2443 curarum
572 2397 599 2443 tu
613 2395 674 2456 sons
689 2397 770 2459 atque
783 2396 860 2460 oripo
877 2411 913 2445 es.
929 2425 959 2433 -
969 2397 1109 2447 Pharios

108 2458 222 2507 iiortus
233 2471 240 2505 τ
254 2457 319 2504 c'est
330 2458 490 2505 Alexandrie
499 2473 504 2517 ;
514 2458 614 2504 Pharos
627 2460 668 2505 est
679 2473 729 2504 une
742 2459 826 2518 petite
837 2460 871 2505 lle
884 2459 986 2506 volsine
997 2460 1032 2505 du
1047 2463 1109 2520 port

108 2519 302 2578 d'Alexandrie‚
315 2520 359 2581 qui
370 2520 414 2566 ,fut
421 2519 506 2580 jointe
520 2534 552 2565 au
566 2520 705 2566 continent
718 2520 771 2580 (285
785 2535 826 2567 ev.
838 2520 918 2582 J.-C.)
931 2535 980 2582 par
991 2529 1029 2566 un*
1040 2521 1109 2568 rnhle

106 2582 139 2628 dc
153 2584 212 2641 sept
220 2582 318 2640 stades,
332 2581 391 2642 puis
404 2581 484 2628 orne'e
497 2580 574 2627 d'une
591 2582 671 2628 haute
685 2585 754 2639 tour,
772 2596 804 2628 au
818 2585 931 2629 sommet
947 2582 980 2628 de
997 2583 1109 2643 laquelle

107 2657 141 2688 on
171 2645 332 2690 entretenait
355 2643 379 2689 la
401 2644 459 2689 nuit
479 2643 525 2689 des
555 2643 617 2689 leun
643 2657 711 2705 pour
734 2644 827 2703 guider
850 2643 888 2690 les
906 2643 1054 2690 vaisseaux.
1078 2669 1109 2680 -

106 2704 234 2765 Terque
256 2706 448 2766 quaterque.
468 2704 631 2765 Reniarquer
650 2717 701 2765 que
720 2706 813 2767 terque
834 2705 984 2767 quaterque
999 2708 1039 2752 est
1058 2721 1110 2752 une

107 2767 220 2812 lornrule
233 2767 266 2812 de
277 2766 426 2827 superlatil‚
438 2767 527 2813 tundis
539 2781 591 2826 que
607 2765 649 2812 his
665 2767 737 2813 terne
750 2767 833 2813 limite
851 2767 875 2813 lu
886 2767 1063 2829 signification
1076 2767 1109 2814 de

106 2828 241 2887 l'adjectis.
256 2855 286 2862 —
298 2828 461 2877 Numeras
475 2842 480 2874 τ
495 2829 607 2874 allusion
621 2829 635 2874 d
647 2841 675 2874 sa
685 2828 818 2888 jeunesse.
833 2829 881 2874 Les
894 2829 1000 2875 anciens
1017 2843 1110 2891 comp-

106 2890 191 2936 taient
208 2903 271 2936 avec
287 2890 310 2938 la
330 2889 400 2935 niain
423 2889 524 2949 gauche
540 2889 664 2951 jusqu'au
683 2890 794 2936 nombre
807 2893 876 2937 cent.
891 2890 963 2937 Pour
977 2891 1110 2951 exprimer

106 2953 144 2997 les
157 2951 301 3009 centaines,
315 2951 347 2997 ils
358 2965 385 2997 se
396 2951 529 2997 servaient
541 2951 574 2998 de
587 2952 611 2997 la
622 2951 691 2997 main
709 2952 804 2998 droitc.
819 2952 857 2998 Cl'.
871 2952 993 3010 Juvenal,
1008 2953 1040 3010 X,
1054 2957 1107 2999 250.

106 3012 217 3061 Habet
228 3032 258 3053 =
271 3012 353 3059 novit.
366 3039 396 3048 -
407 3013 543 3062 Cadunt.
558 3013 725 3059 Construisez
733 3013 799 3059 ainsi
813 3015 883 3060 cette
894 3015 989 3075 phrase
1002 3029 1007 3061 :
1021 3013 1110 3060 omnia

107 3073 159 3120 tihi
171 3073 236 3136 (tua)
255 3073 373 3131 vincula,
391 3073 474 3136 lipata
486 3074 520 3120 ad
533 3087 604 3130 saca,
624 3073 765 3121 nocturnis
779 3075 907 3136 procellis
922 3075 1021 3122 detrito
1034 3075 1107 3136 sune,

106 3135 213 3182 cadunt.
238 3163 267 3170 -
289 3134 372 3186 Piae-
387 3137 510 3194 terrae,
531 3149 564 3181 au
582 3135 689 3196 genitia
707 3137 771 3182 c'est
788 3135 965 3198 l'explication
982 3137 1015 3184 de
1032 3137 1110 3199 justa

107 3196 199 3243 dehita
211 3211 216 3243 :
229 3212 264 3243 un
285 3197 379 3244 devoir
400 3197 445 3259 qui
465 3196 582 3244 consiste
602 3197 765 3258 dre'pandre
784 3198 817 3244 de
837 3199 859 3244 la
879 3199 1015 3259 poussiere
1025 3213 1070 3245 sur
1084 3200 1109 3246 le

106 3259 221 3305 cadavre
233 3259 378 3329 lpoussiere
390 3259 434 3320 qui
444 3260 467 3305 le
479 3258 583 3320 purifie,
593 3259 822 3307 suivantlesitlees
830 3260 971 3320 antiques).
983 3287 1009 3296 -
1020 3262 1108 3320 Pete,

105 3321 272 3367 e'est-h-dire
290 3322 353 3382 pole
367 3323 415 3380 est,
437 3321 546 3382 potest:
565 3333 700 3381 gouverne
719 3320 783 3367 dare
803 3323 830 3367 et
848 3321 968 3370 humare.
986 3323 1110 3372 -Gar-

105 3382 256 3442 psithium
271 3397 276 3428 :
293 3383 344 3429 l'lle
362 3382 394 3428 de
413 3381 560 3441 Carpathos
577 3383 618 3428 est
635 3381 721 3428 situe'e
734 3386 809 3428 entre
822 3383 928 3430 Rhodes
943 3386 970 3431 et
984 3384 1008 3430 la
1021 3383 1108 3431 Crete.

107 3469 133 3477 —
154 3443 214 3494 Ite.
229 3444 264 3490 Le
280 3444 359 3504 poete
377 3443 504 3490 s'atlresse
521 3457 573 3489 aux
590 3443 727 3498 hommes:
742 3444 831 3490 audac
854 3443 940 3506 Iapeti
955 3459 1049 3507 penus.
1069 3445 1109 3492 On

106 3507 231 3551 retrouve
244 3505 311 3552 dans
326 3507 386 3552 tout
398 3519 427 3551 ce
439 3519 549 3566 passage
559 3504 606 3550 des
619 3508 707 3551 traces
720 3505 752 3550 de
765 3505 790 3552 la
809 3506 984 3566 superstition
1001 3508 1109 3569 antique

105 3566 150 3628 qui
164 3566 266 3613 voulait
279 3582 330 3627 que
342 3567 366 3614 la
378 3581 435 3613 mer
445 3567 619 3612 futinterdite
628 3581 678 3612 aux
687 3567 819 3614 huniains,
840 3567 878 3614 Ct'.
901 3567 1013 3627 Horace,
1032 3570 1108 3624 (icles,

107 3629 127 3685 1,
147 3632 161 3673 3
183 3641 189 3675 ι
208 3647 219 3670 «
241 3627 432 3690 Nequidquam
454 3629 525 3674 Deus
542 3627 657 3674 abscidit
675 3627 798 3675 Prudens
821 3629 923 3676 Oceano
943 3629 1111 3678 dissociabili

110 3690 214 3746 terras,
228 3689 251 3736 si
269 3691 356 3737 tamen
370 3689 465 3769 impiae
479 3690 537 3736 Non
551 3689 685 3752 taupencla
699 3692 769 3736 rates
787 3689 947 3738 transiliunt
960 3692 1027 3740 uada
1041 3713 1061 3741 »,
1079 3720 1111 3728 .-

105 3750 181 3800 Leti
194 3763 326 3808 causas,
340 3755 381 3799 est
393 3752 400 3797 1
410 3751 562 3813 apposition
573 3751 605 3797 de
620 3751 699 3809 rates,
717 3752 814 3813 nialgre
834 3753 859 3799 la
878 3753 1054 3815 conjonction
1073 3757 1108 3803 et.

527 3867 684 3918 -365-
