2698 4242
399 175 457 233 22.
477 176 640 232 Batatlle
656 177 700 233 de
718 176 852 233 l’Allta.

450 289 500 352 (Ad
511 290 612 339 Alliam
621 291 781 355 puqnatur.)

167 440 212 498 Ad
228 439 354 499 Alliam*
370 441 485 499 tribuni
501 442 644 512 militum,
662 463 723 500 non
740 442 807 500 loco
820 442 927 501 castris
939 449 1009 500 ante
1024 448 1127 520 capto,
1144 438 1184 500 3⁰

131 557 189 594 non
207 537 394 617 praemunito
414 538 505 610 vallo,
525 559 586 618 quo
606 541 762 618 receptus*
784 549 875 609 esset,
898 560 960 597 nou
984 539 1129 596 deorum*

131 633 248 706 saltem,
280 635 304 692 si
331 655 392 693 non
415 635 585 704 hominum,
614 656 774 706 memoreS,
806 657 862 695 nec
886 637 1043 715 auspicato
1074 655 1131 694 nec

130 731 227 803 litato,
252 732 410 791 instruunt
422 733 517 790 aciem
542 733 698 791 diductam
720 734 750 790 in
775 735 913 806 cornua*,
940 754 978 790 ne
1002 733 1130 791 circum·

130 829 227 887 veniri
252 829 450 888 multitudine
473 829 606 888 hostium
637 838 772 909 possent.
799 831 862 889 Nec
891 838 992 889 tamen
1016 829 1131 909 aequari

131 927 261 984 frontes*
274 932 427 1005 poterant,
449 921 518 985 cuni
539 927 734 986 extenuando
754 927 904 985 infirmam
921 935 952 985 et
969 926 1019 984 vix
1031 927 1132 985 cohae-

130 1032 247 1082 rentem
265 1022 398 1081 mediam
415 1025 511 1082 aciem
534 1024 709 1082 haberent*.
726 1024 794 1082 Non
816 1025 938 1083 fortuna
953 1023 1056 1094 mod0,
1078 1022 1132 1081 sed

131 1121 222 1180 ratio*
235 1121 327 1178 etiam
350 1141 418 1178 cum
444 1120 580 1179 barbaris
608 1121 718 1179 stabat.
737 1121 821 1179 Nihil
843 1122 941 1180 simile
971 1120 1130 1190 Romania,

131 1239 190 1276 uon
221 1217 302 1296 apud
327 1217 430 1290 duceS,
456 1239 516 1275 non
542 1218 622 1296 apud
647 1218 759 1276 milites
784 1228 848 1277 erat
865 1237 871 1278 :
889 1239 985 1299 pavor
1000 1218 1133 1296 fugaque

131 1321 337 1393 occupaverat
358 1314 487 1386 animoa,
505 1322 536 1373 et
559 1323 643 1373 tanta
668 1315 804 1373 omnium
826 1315 954 1388 oblivio,
979 1323 1013 1372 ut
1035 1314 1133 1372 multo

132 1413 230 1492 major
250 1432 320 1491 pars
343 1411 436 1472 Veios
458 1411 488 1468 in
514 1411 647 1470 hostium
673 1413 790 1482 urbem,
806 1433 875 1471 cum
900 1412 1032 1470 Tiberis*
1052 1431 1134 1470 arce-

132 1517 187 1581 ret,
219 1529 311 1588 quam
338 1517 422 1566 recto
441 1509 550 1566 itinere
573 1509 702 1567 Romam
727 1509 765 1568 ad
788 1509 935 1588 conjuges
963 1530 998 1568 ac
1021 1509 1134 1567 liberos

134 1607 285 1685 tugerent.
310 1605 407 1663 Simul
423 1613 468 1664 est
482 1607 597 1672 clamor
618 1605 684 1664 aliis
706 1606 743 1664 ab
763 1607 867 1674 latere,
892 1607 958 1665 aliis
980 1605 1018 1664 ab
1036 1607 1134 1683 tergo*

133 1705 269 1775 auditus,
286 1704 426 1780 ignotum
445 1704 573 1772 hostem,
589 1704 673 1782 prius
690 1725 777 1783 paene
795 1725 886 1782 quam
904 1704 1055 1775 viderent,
1073 1724 1134 1761 non

134 1802 228 1861 modo
254 1821 316 1859 non
345 1807 463 1859 tentato
490 1801 667 1873 certamine,
701 1801 752 1859 sed
778 1821 815 1858 ne
838 1801 984 1859 clamore*
1011 1801 1135 1880 quidem
1215 1850 1217 1856 ,

132 1899 265 1969 reddito,
278 1898 388 1976 integri
400 1898 567 1976 intactique
577 1897 733 1974 fugerunt.
747 1898 811 1957 Nec
819 1898 880 1957 ulla
888 1898 987 1956 caedes
997 1919 1137 1977 pugnan-

133 1997 210 2055 tium
227 1995 286 2052 suit
305 2013 311 2054 :
331 1996 429 2072 terga*
440 2014 516 2052 caesa
533 2002 652 2052 suomet
666 1995 802 2074 ipsorum
819 1996 985 2054 certamine
1001 1997 1031 2052 in
1048 1995 1137 2054 turba

134 2092 368 2173 impedientium
396 2092 510 2169 sugam.
540 2091 628 2150 Circa
662 2093 758 2170 ripam
794 2092 922 2163 Tiberis,
954 2114 1017 2172 quo
1045 2093 1137 2150 armis

133 2190 263 2269 abjectis
289 2195 387 2246 totum
409 2189 567 2247 sinistrum
592 2209 687 2247 cornu
716 2189 846 2267 defugit,
882 2210 990 2267 magna
1020 2197 1137 2266 strages

134 2288 216 2345 tacta
239 2293 300 2356 est,
316 2285 489 2364 multosque
504 2286 664 2364 imperitos
677 2287 769 2344 nandi
785 2295 837 2344 aut
850 2287 1012 2354 invalidOS,
1029 2307 1137 2365 graves

134 2383 241 2442 loricis
254 2383 384 2462 aliisque
402 2383 599 2460 tegminibuS,
616 2383 745 2440 hausere
759 2385 906 2462 gurgitem

166 2543 208 2590 N⁰
221 2541 264 2591 22
282 2554 290 2590 τ
305 2540 436 2591 Alliam.
452 2540 490 2587 En
502 2545 555 2598 389,
569 2541 661 2600 Rome,
671 2545 808 2589 mattresse
820 2543 851 2589 de
863 2542 951 2601 Vties,
965 2544 1006 2591 fut
1019 2543 1139 2590 battuea

134 2604 233 2661 l'Altia,
258 2606 286 2650 et
313 2601 517 2664 prised'assaut
537 2618 584 2664 par
603 2603 732 2661 Brennus,
759 2605 821 2650 chef
845 2605 891 2652 des
918 2603 1028 2652 Gaulois
1056 2605 1139 2652 Seno-

135 2668 203 2715 nais.
226 2692 257 2700 -
283 2665 458 2726 Receptus.
487 2665 535 2712 Les
562 2665 689 2712 Romains
713 2667 872 2714 formatistes
897 2671 923 2713 et
948 2668 1084 2728 pratiques
1107 2682 1139 2713 θη

136 2732 213 2777 toute
229 2727 320 2783 chose,
339 2741 372 2772 nc
392 2727 517 2774 livraient
538 2742 652 2788 presque
668 2729 764 2788 ,jamnis
786 2744 837 2775 une
856 2729 964 2776 bataille
984 2743 1045 2775 sans
1065 2730 1141 2775 avoir

135 2790 219 2838 e'tabli
234 2789 350 2834 derriere
365 2802 415 2834 eux
427 2803 462 2834 un
475 2802 552 2850 camp
565 2788 670 2846 tortifie,
684 2791 718 2836 οὺ
731 2790 761 2836 its
778 2791 932 2851 ponrraient
944 2791 1008 2837 faire
1021 2791 1138 2848 retraite,

135 2867 226 2901 encas
239 2852 271 2896 de
286 2849 426 2897 necessite.
440 2877 469 2884 -
480 2851 629 2907 Deorum,
643 2851 765 2912 euplique
779 2852 839 2913 plus
851 2852 899 2898 bus
910 2851 1101 2914 parauspieato
1114 2855 1141 2899 et

137 2915 225 2972 litato,
240 2911 342 2973 signifie
354 2910 430 2973 qu'ils
443 2910 563 2959 n'eurcnt
572 2928 620 2973 pas
633 2910 746 2959 l'excuse
757 2915 789 2959 de
801 2915 857 2960 dire
870 2929 929 2975 que,
942 2913 995 2960 s'ils
1008 2913 1141 2961 n'avaient

136 2991 186 3039 pas
204 2973 286 3036 pense
303 2988 355 3020 aux
371 2975 491 3020 hommes
507 2974 662 3033 (entendez:
679 2975 777 3022 aleurs
788 2976 899 3033 soldats,
916 2977 930 3022 a
947 2977 971 3022 la
988 2977 1093 3037 patrie),
1108 2977 1140 3023 ils

136 3038 247 3085 avaient
272 3037 308 3082 du
332 3036 419 3082 moins
445 3035 526 3095 songc
550 3050 601 3082 aux
627 3037 714 3083 dieux.
733 3037 782 3083 Ces
804 3038 873 3083 deux
886 3038 1030 3099 participes
1048 3037 1141 3098 passe's

137 3099 236 3162 passifs
254 3096 392 3158 employes
405 3097 686 3156 impersonneltement
696 3102 758 3145 sont
771 3103 885 3146 souvent
897 3101 911 3146 a
922 3097 1039 3146 t'ablatit
1047 3100 1141 3146 absolu

137 3163 205 3209 daus
228 3159 368 3206 Tite-Live
385 3176 416 3200 =
433 3173 493 3205 cum
516 3174 562 3206 nec
582 3159 749 3221 auspicatum
771 3175 817 3208 nec
841 3160 947 3208 litatum
968 3164 1043 3208 esset.
1065 3161 1141 3209 Cette

137 3222 325 3270 construction
345 3224 387 3268 est
406 3220 497 3267 hardie
517 3225 544 3267 et
563 3236 620 3268 rare
638 3226 719 3269 avant
736 3223 883 3270 Tite-Live.
903 3250 930 3257 —
946 3223 1075 3273 Cornua
1094 3238 1141 3271 :ce

138 3288 202 3332 sont
220 3284 260 3331 les
280 3283 345 3330 ailcs
367 3282 400 3328 de
420 3280 526 3329 l'armee
548 3297 580 3328 θη
601 3284 678 3330 ordre
698 3285 730 3330 de
749 3284 869 3342 bataitte3
890 3299 920 3331 ce
940 3290 996 3332 mot
1018 3284 1142 3346 s'oppose

139 3344 253 3394 etmedia
264 3343 343 3392 acies.
361 3370 391 3378 -
404 3343 541 3393 Frontes
556 3359 560 3392 :
576 3347 600 3391 la
613 3345 717 3404 largeur
734 3347 780 3392 des
798 3347 866 3392 deux
882 3347 967 3394 fronts
985 3348 1017 3394 de
1035 3348 1142 3394 bataitle

140 3409 198 3468 (des
209 3407 337 3454 Romains
348 3409 375 3452 et
386 3406 433 3452 des
444 3405 571 3465 Gaulois).
583 3433 612 3440 -
623 3407 823 3466 naborem
835 3423 903 3469 pour
910 3410 980 3470 sujet
993 3409 1101 3456 tribuni.
1113 3437 1142 3444 -

140 3470 251 3524 Ratio,
265 3470 290 3516 ta
306 3468 411 3514 science
424 3469 456 3514 de
473 3468 496 3514 ln
515 3469 639 3529 tectique.
654 3469 703 3515 Les
717 3468 835 3527 Gaulois,
849 3485 880 3516 θη
899 3471 968 3517 ett'et.
987 3473 1143 3518 tour-nerent

140 3530 246 3579 l'armee
263 3531 391 3577 romaine.
412 3556 440 3564 -—
458 3529 596 3579 Tiberis.
615 3530 694 3576 Veios
712 3535 753 3577 est
771 3532 925 3592 aquetques
939 3533 1093 3580 kilometres
1107 3535 1142 3580 du

141 3593 231 3650 Tibre,
250 3607 296 3640 sur
313 3592 338 3637 la
354 3591 411 3637 rive
429 3591 523 3638 droite.
542 3592 578 3638 La
594 3592 702 3638 bataille
721 3608 749 3639 se
765 3594 832 3639 livra
850 3608 895 3640 sur
911 3595 935 3640 ta
955 3595 1010 3640 rive
1032 3597 1141 3655 gauche,

142 3657 204 3762 pres
219 3656 252 3701 de
265 3652 364 3700 l'Allia.
381 3653 449 3714 petit
461 3653 571 3699 at'ttuent
584 3654 619 3700 du
632 3654 719 3700 Tibre.
732 3681 764 3689 -
776 3655 826 3704 Ab
839 3655 957 3716 latere,
973 3657 1015 3704 ab
1027 3661 1120 3719 tergo
1135 3672 1140 3704 :

153 3732 181 3764 es
204 3715 314 3764 Gaulois
334 3717 382 3761 ont
400 3715 546 3775 enveloppe
563 3713 668 3762 l'armee
680 3718 807 3764 romaine.
820 3745 846 3752 -
861 3717 1018 3766 Clamore.
1035 3717 1104 3766 C'est
1119 3720 1143 3765 tc

143 3780 180 3825 cri
202 3779 233 3824 de
248 3790 341 3839 guerre
361 3790 413 3838 quc
429 3774 480 3823 l'on
498 3791 596 3838 pousse
614 3782 696 3826 avant
712 3779 736 3826 la
754 3779 869 3826 hataille.
889 3780 965 3839 (Voir
982 3780 1072 3834 Taine,
1087 3781 1142 3840 qui,

571 3930 710 3983 ...⁸23-
