2696 4244
255 113 339 173 223.
358 116 463 174 Droit
482 119 527 174 de
546 117 762 188 harenguer
781 121 818 177 et
837 122 882 176 de
902 119 999 177 taire
1016 119 1123 176 veter

458 206 691 264 l’assemblee
711 209 759 263 du
778 210 919 277 peuple.

303 307 350 370 (De
359 308 425 371 jure
438 308 589 357 contionem
602 309 719 358 habendi
733 311 758 357 11
771 310 871 374 apendi
878 327 942 388 cum
951 309 1073 374 populo.)

135 433 176 496 3ο
231 453 246 486 n
270 429 422 490 Omnibus
452 432 683 512 magistratibus
711 454 781 494 cum
804 434 956 513 imperio*
983 435 1034 514 jus
1058 431 1191 512 agendi*

189 546 260 586 cum
291 529 407 608 populo
439 536 469 588 et
497 531 673 589 contionem
700 530 854 590 habendi*
884 538 940 592 est.
977 531 1109 590 Contio*
1138 527 1189 588 ubi

123 655 124 659 ,
190 625 289 704 prima
305 625 372 684 luce
389 627 420 684 in
439 626 539 685 forum
557 647 589 686 se
606 629 815 705 conglobavit.
833 629 1015 689 accensum*
1031 629 1089 687 hac
1100 648 1140 687 vo
1156 643 1191 686 ce

190 722 354 802 compellat
369 724 565 783 comitiorum
577 727 723 803 rogator*
738 745 744 785 :
764 749 777 778 «
796 725 881 784 Voca
898 725 936 783 ad
951 725 1190 784 conventionem

190 839 297 878 omnes
316 820 448 887 Quirites
464 820 524 880 huc
540 822 577 879 ad
593 842 652 880 me.
670 847 684 876 11
700 824 856 881 Accensus
874 823 949 881 dicit
966 823 1009 880 sic
1026 840 1066 892 14«
1084 841 1190 880 omnes

152 937 154 941 ·
192 915 337 989 Quirites,
348 917 389 975 ite
402 917 440 976 ad
450 919 687 978 conventionem
701 919 761 978 huc
772 920 809 978 ad
818 918 984 999 judicem*.
999 945 1066 980 »....
1081 944 1095 974 κ
1110 917 1191 978 Con-

192 1013 239 1070 sul
253 1013 291 1071 ab
311 1015 453 1073 omnibus
470 1016 701 1094 magistratibus
716 1024 746 1075 et
760 1017 952 1075 comitiatum
969 1024 1000 1075 et
1013 1016 1190 1076 contionem

191 1111 343 1170 avocare*
373 1119 489 1191 potest;
521 1121 634 1192 praetor
669 1121 699 1171 et
734 1114 927 1173 comitiatum
956 1122 986 1173 et
1013 1114 1189 1172 contionem

192 1228 411 1290 usquequaque
441 1231 570 1268 avocare
601 1217 714 1290 potest,
752 1211 809 1268 nisi
837 1230 854 1268 a
885 1211 1021 1270 consule.
1053 1211 1191 1268 Minores

191 1306 389 1383 magistratus
409 1327 560 1386 nusquam
580 1328 635 1366 nec
653 1307 844 1366 comitiatum
859 1327 915 1366 nec
926 1309 1102 1366 contionem
1118 1327 1192 1365 avo-

191 1424 260 1462 care
275 1411 415 1483 possunt.
436 1405 479 1463 Ea
498 1426 540 1477 re,
560 1405 613 1485 qui
629 1424 734 1462 eorum
756 1405 875 1484 primus
895 1413 985 1463 vocat
1000 1405 1037 1463 ad
1054 1404 1191 1462 comitia·

191 1507 269 1572 tum,
295 1501 321 1560 is
342 1509 424 1560 recte
446 1501 508 1580 agit
533 1520 540 1561 ε
567 1502 637 1580 quia
661 1501 802 1560 bifariam
828 1523 898 1560 cum
918 1501 1033 1581 populo
1055 1502 1103 1578 agi
1129 1521 1190 1559 non

193 1603 306 1678 potest.
324 1599 388 1657 Neo
402 1602 534 1657 ¹avocare
549 1598 626 1658 alius
642 1599 692 1657 alii
708 1606 819 1678 potest,
839 1599 863 1656 si
884 1599 1058 1657 contionem
1080 1592 1190 1656 habere

192 1695 313 1767 volunt,
335 1695 380 1753 uti
398 1716 436 1754 ne
458 1716 527 1754 cum
547 1695 662 1775 populo
678 1702 785 1772 agant,
802 1695 960 1775 quamvis*
976 1695 1064 1753 multi
1081 1694 1192 1771 magis·

193 1799 291 1850 tratus
307 1792 398 1850 simui
414 1793 589 1851 contionem
611 1791 723 1850 habere
743 1799 873 1872 possunt
892 1817 906 1846 11
912 1838 971 1853 ,,,,,
987 1793 1036 1851 Sic
1051 1794 1095 1850 ait
1112 1791 1192 1850 Mes·

193 1889 267 1948 salla
282 1910 390 1966 augur,
405 1910 421 1948 e
436 1889 524 1969 cujus
542 1889 644 1950 verbis
659 1891 856 1948 manifestum
875 1897 921 1949 est
937 1889 1020 1948 aliud
1038 1910 1102 1949 esse
1122 1909 1191 1947 cum

194 1985 309 2064 populo
329 2006 429 2063 agere,
452 1986 534 2045 aliud
555 1987 732 2045 contionem
750 1986 862 2045 habere
879 2005 886 2046 :
905 2007 974 2045 nam
990 2007 1060 2045 cum
1076 1987 1192 2066 populo

192 2103 282 2161 agere
303 2091 350 2141 est
371 2104 478 2161 rogare
498 2085 571 2165 quid
596 2085 756 2164 populum,
781 2084 862 2164 quod
884 2084 1034 2161 suffragiis
1056 2083 1118 2142 suis
1140 2089 1193 2142 aut

190 2181 299 2260 jubeat
312 2188 366 2239 aut
377 2187 475 2255 vetet;
493 2183 669 2240 contionem
683 2189 785 2240 autem
799 2180 911 2239 habere
927 2189 973 2239 est
986 2180 1079 2239 verba
1091 2180 1192 2238 iacere

192 2278 231 2336 ad
247 2277 395 2356 populum
409 2278 473 2336 sine
487 2278 548 2336 ulla
565 2278 735 2356 rogatione.

223 2445 264 2494 Νο
278 2445 343 2495 223
358 2459 363 2492 :
377 2445 525 2507 ImperIo.
538 2444 711 2508 L'imperium
724 2445 845 2508 (distinct
857 2445 889 2492 de
900 2446 926 2493 la
936 2445 1055 2508 potestas
1068 2443 1112 2505 qui
1125 2442 1194 2490 n'est

192 2522 244 2568 que
264 2506 288 2554 le
305 2508 419 2568 pouvoir
437 2508 630 2556 administratis
647 2509 682 2554 du
700 2507 903 2570 fonctionnaire)
921 2512 962 2555 est
980 2521 1011 2554 ce
1030 2506 1074 2567 qui
1093 2505 1141 2552 fait
1157 2506 1192 2551 du

192 2570 333 2628 magistrat
347 2569 370 2616 le
384 2572 478 2616 mattre
491 2570 526 2616 du
540 2571 635 2631 peuple
648 2574 675 2617 et
691 2569 818 2616 l'he'ritier
831 2570 878 2616 des
892 2570 946 2616 rois
960 2583 965 2616 ι
981 2569 998 2616 il
1011 2568 1156 2629 comprend
1169 2567 1193 2614 le

193 2631 307 2692 pouvoir
322 2631 462 2691 judiciaire
483 2631 496 2677 a
517 2631 600 2678 Rome
618 2630 709 2693 (domi)
727 2636 754 2678 et
771 2630 795 2678 le
814 2631 1047 2678 commandenrent
1068 2629 1194 2676 militaire

194 2695 255 2740 hors'
275 2694 308 2739 de
331 2692 414 2739 Rome
434 2691 612 2755 1111111111).Ιί
629 2691 673 2756 n'y
691 2707 714 2750 a,
733 2694 932 2754 aproprement
949 2692 1043 2753 parler,
1058 2706 1109 2753 que
1122 2692 1192 2738 deux

194 2769 233 2801 ma
258 2755 368 2802 istratus
381 2769 441 2800 cum
456 2753 567 2815 imperio
583 2768 588 2801 :
603 2754 627 2801 lc
641 2755 763 2802 consulat
780 2757 806 2801 11
823 2755 847 2800 la
867 2754 974 2814 preture
987 2754 1059 2816 (sans
1071 2756 1194 2814 compter

193 2817 216 2862 la
249 2816 381 2876 ictature].
398 2815 438 2862 On
452 2816 536 2862 divise
554 2816 624 2862 aussi
638 2817 676 2862 les
689 2816 890 2876 magistratures
908 2830 939 2862 en
961 2815 1077 2876 majores
1096 2813 1191 2876 (dicta-

193 2879 260 2934 ture,
275 2878 405 2935 consulat,
418 2877 534 2938 prdture)
548 2880 575 2924 et
587 2893 619 2924 en
637 2877 753 2924 minores
771 2876 880 2938 (11111111,
895 2881 1030 2938 questum,
1045 2875 1193 2936 tribunat);

193 2954 227 2985 ou
241 2955 272 2986 en
286 2939 487 2999 magistratures
500 2939 605 2986 curules
624 2939 773 3000 (dictatum,
792 2939 921 2999 consulut,
941 2939 1057 3000 prdture,
1072 2952 1191 2996 censure,

193 3000 283 3048 edilite
303 3001 413 3061 curule),
436 3004 463 3046 et
481 3015 534 3047 non
559 3001 664 3048 curules
684 3001 828 3062 (questnre,
854 3001 982 3057 tribunat,
1004 2999 1094 3047 e'dilite'
1113 3001 1146 3046 de
1168 2999 1191 3045 la

193 3062 290 3168 plebe).
306 3089 330 3096 —
342 3060 469 3123 Agendi
488 3074 561 3111 oum
573 3063 690 3124 populo
708 3077 713 3108 ε
728 3063 799 3110 droit
811 3064 843 3109 de
855 3063 920 3109 faire
934 3062 1066 3108 de'libe'rer
1078 3066 1104 3108 et
1117 3065 1194 3108 votcr

203 3138 216 3169 e
229 3123 334 3184 peuple.
350 3149 377 3158 -
392 3122 577 3172 Contionem
591 3125 750 3174 habendi:
764 3125 835 3172 droit
846 3125 878 3171 de
892 3125 1040 3185 heranguer
1053 3125 1076 3170 lc
1087 3123 1192 3185 peuple.

195 3211 221 3220 -—
232 3184 353 3234 Contio.
364 3184 403 3232 Cf.
414 3185 474 3246 plus
485 3185 533 3232 bas
547 3185 695 3244 conventi0‚
708 3184 860 3248 etl'anglais
873 3190 1014 3234 covenant.
1027 3213 1055 3220 —
1068 3184 1193 3234 Accen-

194 3257 285 3294 sum:
302 3247 402 3293 officier
419 3246 481 3293 civil
499 3246 604 3294 attachd
622 3262 674 3295 aux
690 3249 807 3308 consuls,
826 3247 956 3309 proteum,
973 3253 1000 3296 et
1013 3261 1193 3309 gouverncnrs

194 3307 226 3354 de
244 3308 394 3368 provinces.
416 3307 437 3354 ll
455 3307 520 3355 etan
539 3309 635 3370 charge
653 3310 685 3356 de
702 3324 856 3371 convoquer
873 3311 896 3357 lc
914 3311 1011 3372 peuplc
1028 3323 1080 3356 aux
1096 3323 1194 3355 assem·

195 3369 275 3424 ble'es,
298 3367 433 3430 d'appeler
450 3371 489 3418 les
510 3371 610 3432 parties
630 3371 729 3419 devant
747 3372 772 3418 lc
792 3371 911 3419 tribunal
935 3375 962 3418 et
983 3371 1027 3432 d'y
1051 3370 1194 3417 maintenir

195 3429 298 3479 l'ordre.
310 3457 340 3465 -
351 3432 508 3493 Rogator.
525 3433 590 3479 Voir
604 3447 637 3479 au
649 3429 762 3494 texique.
776 3459 806 3469 -
820 3431 990 3483 sedicem:
1005 3433 1068 3480 titre
1081 3431 1196 3492 primitis

195 3493 242 3538 des
253 3493 368 3552 consuls,
383 3495 427 3554 qui
438 3492 612 3556 s'appelaient
621 3493 728 3556 judiees
741 3509 774 3541 en
786 3498 873 3568 temps
884 3495 916 3541 de
929 3495 998 3556 pain,
1008 3496 1148 3556 praetores
1161 3508 1193 3540 en

196 3557 282 3614 temps
295 3555 328 3600 de
341 3569 441 3615 guerre.
456 3554 491 3602 Ce
504 3556 567 3603 titre
585 3557 626 3603 sut
642 3557 745 3604 ensuite
761 3557 848 3603 donne
865 3571 899 3602 au
915 3555 1025 3616 deleget
1038 3556 1072 3602 du
1085 3555 1195 3616 pretenr

195 3616 289 3662 urbain
302 3616 397 3678 (judeo
409 3616 507 3678 datus),
521 3632 554 3664 ou
568 3618 603 3663 du
616 3617 724 3678 preteur
738 3618 868 3680 peregrin.
885 3631 917 3664 uu
930 3616 1067 3678 president
1081 3618 1116 3664 du
1130 3617 1192 3677 jury

194 3679 261 3724 dans
273 3677 312 3726 les
325 3679 428 3724 atl'aires
441 3678 600 3726 criminelles
613 3678 708 3740 (judee
720 3678 906 3742 quaestionis),
918 3681 969 3726 etc.
986 3705 1015 3714 -
1032 3677 1192 3735 Avocare,

195 3739 337 3798 empticher
349 3740 381 3785 de
394 3753 556 3801 convoquer.
574 3767 604 3774 -
618 3739 784 3802 Quamvis,
797 3741 917 3788 retombe
931 3755 975 3788 sur
988 3739 1075 3787 multi.

613 3883 772 3935 -226-
