2658 4244
330 159 332 165 ·
422 138 486 196 97.·
501 138 631 196 Tibure
648 147 688 196 et
709 153 776 196 son
795 140 1020 209 astrologue.

528 235 574 297 (De
590 235 697 283 'l'iherr'o
707 237 733 282 et
746 235 911 298 astrologo.)

157 348 198 410 4⁰
252 349 374 410 Tiberio
390 349 563 428 apiscendae
578 348 816 408 Chaldaeorum*
830 351 905 408 artis
923 350 1018 408 otium
1035 349 1116 428 apud
1136 348 1216 406 Rho-

213 445 305 503 dum*
327 447 396 506 fuit.
423 447 607 524 Magistrum
631 446 824 526 Thrasyllum
847 447 965 516 hahuit,
992 447 1131 525 peritiam
1152 446 1216 524 ejus

213 541 272 602 hoc
293 543 385 601 niodo
410 551 566 623 expertus.
595 543 722 609 Quoties
744 564 837 623 super
860 543 974 602 futuris
999 542 1212 624 consultaret“,

213 638 295 697 edita
311 639 421 698 domus
437 648 523 718 parte
536 661 571 699 ac
586 640 688 697 liberti
700 640 791 698 unius
803 640 991 699 conscientia
1003 640 1147 698 utebatur
1160 658 1167 698 t
1179 639 1213 711 ie,

212 734 384 795 litterarum
409 737 545 813 ignaruS,
571 757 699 816 corpore
722 736 836 808 valid0,
861 757 916 816 per
939 737 1007 796 avia
1029 757 1063 795 ac
1086 737 1215 814 derupta

212 837 295 911 (narn
309 834 390 892 saxis
403 833 514 892 domus
529 834 680 912 imminet)
695 834 826 912 praeibat
837 854 906 892 eum
920 833 1010 912 cujus
1021 842 1117 892 artem
1128 853 1215 912 expe-

212 929 266 986 riri
279 930 418 988 Tiberius
438 931 612 1002 statuisset;
630 938 658 989 et
684 931 920 1008 regredientem,
936 930 961 989 si
977 931 1147 988 vanitatis*
1166 937 1215 988 aut

213 1025 356 1084 fraudum
372 1027 507 1106 suspicio
520 1028 697 1099 incesserat,
714 1028 744 1084 iu
759 1027 933 1106 subjectum
945 1047 1027 1084 mare
1040 1027 1217 1105 praecipita-

213 1122 274 1192 bat,
300 1143 337 1182 ne
358 1123 451 1182 index
471 1125 575 1182 arcani
596 1125 767 1183 exsisteret.
792 1125 890 1202 lgitur
910 1123 1100 1203 Thrasyllus
1120 1123 1216 1180 isdem

212 1220 340 1299 rupibus
364 1219 521 1293 inductuS,
547 1228 711 1300 postquam
737 1229 970 1299 percontantem
996 1228 1214 1292 commoverat,

212 1317 376 1395 imperium
394 1317 453 1396 ipsi
468 1323 500 1376 et
516 1318 620 1376 futura
638 1317 779 1376 sollerter
794 1317 994 1398 patefaciens
1011 1317 1219 1394 interrogatur

213 1437 227 1466 «
247 1434 284 1471 an
308 1435 394 1472 suarn
413 1433 538 1493 quoque
553 1415 718 1492 genitalem
740 1413 868 1472 horam*
887 1415 1103 1493 comperisset,
1125 1434 1217 1492 quem

211 1515 277 1569 turn
294 1513 439 1583 anuum*,
457 1511 580 1589 qualem
594 1511 675 1568 diem
689 1511 816 1569 haberet
833 1535 858 1570 u.
873 1511 937 1582 llle,
952 1511 1070 1590 positus
1082 1509 1216 1568 siderum

211 1627 246 1664 ac
271 1607 391 1686 spatia*
415 1607 584 1678 dimensus,
611 1607 727 1665 haerere
746 1609 857 1686 primo,
884 1608 952 1665 dein
977 1627 1152 1687 pavescere,
1175 1615 1215 1678 et,

211 1704 384 1783 quantum*
399 1705 628 1784 introspiceret,
646 1705 743 1782 magis
764 1725 799 1766 ac
819 1705 915 1782 magis
935 1704 1073 1782 trepidus
1088 1704 1219 1762 admira-

211 1801 305 1858 tionis
326 1807 358 1858 et
374 1802 508 1874 metus*,
528 1809 686 1880 postremo
704 1802 854 1860 exclamat
875 1825 888 1854 «
911 1801 1089 1883 ambiguum
1109 1801 1218 1858 sibiae

211 1917 308 1976 prope
325 1897 470 1956 ultimum
487 1897 653 1956 discrimen
676 1898 789 1956 instare
812 1924 838 1957 u.
854 1899 932 1956 Tum
952 1898 1129 1977 complexus
1147 1918 1218 1956 eum

211 1993 235 2050 Τ
237 1995 352 2053 iberius
368 1996 555 2073 praescium*
569 1994 777 2073 periculorum
793 2003 823 2053 et
838 1995 1021 2052 incolumem
1037 1995 1102 2052 lore
1117 2003 1219 2070 grata-

211 2098 281 2167 tur;
305 2112 437 2172 quaeque
458 2092 578 2150 dixerat
598 2092 713 2150 oraculi
729 2093 797 2150 vice
813 2092 978 2172 accipiens,
996 2092 1076 2149 inter
1090 2092 1219 2150 intimos

211 2189 379 2247 amicorum
399 2196 493 2248 tenet.
512 2191 539 2246 A
558 2188 621 2246 filio
641 2189 778 2268 ejusdem
794 2189 945 2268 Thrasylli
963 2196 1070 2267 postea
1087 2188 1220 2266 praedic-

210 2293 277 2344 tum
294 2285 425 2344 Neronis
440 2285 615 2363 imperium.

241 2436 283 2485 Νο
300 2435 343 2486 97
363 2449 368 2482 :
388 2434 636 2484 Chaldaeorum.
658 2435 707 2483 Les
727 2434 876 2482 Chaldeens
895 2436 1033 2497 passaient
1053 2449 1121 2497 pour
1142 2436 1220 2484 avoir

211 2496 320 2544 invente
343 2497 368 2544 la
396 2497 482 2557 magic
505 2510 510 2543 ε
536 2497 569 2543 de
591 2496 616 2543 lel
641 2495 770 2544 Chaldaei
791 2497 846 2558 pris
872 2512 941 2559 pour
965 2495 1054 2560 maqi,
1074 2495 1217 2560 astroloqi,

212 2557 402 2608 mathematici.
422 2558 456 2604 lls
483 2557 633 2604 dressaient
656 2559 830 2620 tmoyennant
853 2558 958 2620 salaire)
980 2560 1027 2605 des
1051 2557 1219 2619 horoscopus

211 2623 239 2668 et
264 2620 409 2667 donnaient
431 2618 535 2680 d'apres
558 2620 596 2666 les
620 2623 705 2667 astres
733 2621 779 2666 des
799 2619 996 2668 consultations
1027 2635 1072 2666 sur
1095 2617 1218 2666 l'avenir.

212 2682 281 2729 Leur
295 2681 393 2742 grande
409 2682 499 2728 affaire
513 2681 579 2728 etan
595 2681 628 2727 de
646 2681 824 2729 reconstituer
839 2679 914 2728 l'etat
926 2682 961 2728 du
979 2681 1028 2727 ciel
1046 2695 1078 2728 au
1096 2687 1220 2728 moment

210 2745 244 2790 de
268 2744 293 2790 la
315 2743 453 2790 naissance
473 2759 507 2790 ou
527 2744 560 2789 de
579 2743 604 2789 la
623 2744 783 2804 conception
800 2744 833 2789 de
851 2743 875 2789 la
893 2757 1024 2804 personne
1042 2757 1075 2789 au
1093 2743 1164 2803 qu'et
1184 2744 1219 2789 de

210 2805 325 2866 laquelle
347 2819 380 2851 on
400 2804 438 2850 les
456 2803 617 2862 consultait3
639 2805 695 2850 ceci
710 2805 768 2862 fait,
787 2805 819 2850 ils
840 2805 1028 2865 pretendaicut
1048 2819 1081 2850 en
1105 2804 1220 2850 ddduire

210 2869 301 2913 tontes
323 2866 361 2912 les
383 2866 502 2912 fortunes
522 2867 555 2912 de
575 2879 604 2912 sa
623 2866 675 2913 vie.
698 2865 733 2912 Ils
753 2867 892 2927 croyaient
911 2881 943 2912 cn
961 2866 1024 2912 ellel
1041 2879 1092 2927 que
1112 2865 1220 2928 chaque

211 2929 317 2974 homme
330 2929 402 2974 avait
415 2942 465 2973 unc
478 2927 558 2973 etoile
572 2928 616 3004 qui
630 2927 735 2974 intluait
748 2942 793 2973 sur
810 2942 838 2974 sa
851 2929 902 2986 vie,
919 2931 947 2974 et
961 2943 993 2974 en
1006 2926 1180 2974 determinait
1194 2928 1220 2974 le

210 2989 332 3036 bonheur
345 3004 378 3034 ou
391 2989 415 3034 le
428 2988 549 3034 malheur
564 2989 668 3063 dapres
686 3004 715 3035 sa
733 2989 850 3049 position
867 2990 934 3036 dans
949 2989 973 3036 le
986 2989 1035 3035 ciel
1049 3004 1082 3035 au
1095 2994 1220 3036 moment

210 3053 243 3097 de
254 3065 283 3098 sa
294 3051 441 3098 naissance.
456 3051 506 3097 Les
518 3049 666 3097 Chaldeens
679 3051 828 3097 dressaient
839 3051 911 3097 aussi
924 3052 971 3097 des
983 3049 1138 3097 almanachs
1149 3050 1220 3097 dans
1318 3101 1319 3108 ,

210 3113 326 3174 lesquels
336 3112 367 3158 ils
378 3113 557 3168 annoncaient
567 3112 591 3159 le
605 3116 691 3174 temps
701 3126 707 3171 ;
720 3112 753 3158 ils
764 3113 888 3159 laisaient
897 3113 983 3158 meme
992 3111 1039 3158 des
1050 3111 1221 3172 predictions
1318 3113 1319 3170 ᾖ

210 3173 315 3235 d'apres
337 3174 384 3220 des
407 3173 532 3220 nombres
553 3174 754 3250 cabalistiqucs
777 3199 806 3208 -
832 3173 992 3224 Rhodum.
1006 3173 1111 3250 ,Tihere
1135 3173 1221 3238 siccut

211 3235 1115 3366 ttttttttttt,ttltttitttltttttt'ttttattttetth,
1130 3235 1222 3356 1?ng
1318 3325 1319 3364 ,

211 3359 271 3420 plus
284 3359 351 3419 bas).
366 3386 396 3392 -
408 3358 588 3417 Vanitatis,
602 3359 710 3419 indique
724 3356 787 3419 qu'il
803 3373 831 3404 se
844 3359 925 3405 serait
937 3358 1017 3405 vante
1030 3359 1063 3404 de
1076 3360 1221 3404 connaltre
1318 3373 1319 3384 ¹

210 3435 261 3466 une
279 3421 383 3467 science
395 3419 458 3482 qu'il
470 3421 593 3482 ignorait.
608 3447 638 3454 -
651 3419 833 3469 Genitalem
846 3420 970 3469 horam.
985 3419 1034 3466 Les
1048 3419 1221 3480 astrologues
1318 3455 1319 3464 ,

210 3482 349 3542 croyaient
369 3498 420 3543 que
442 3487 518 3529 notre
540 3481 660 3529 destinee
688 3481 791 3542 de'pcnd
816 3481 849 3527 de
870 3480 960 3528 l'astre
983 3495 1046 3528 sous
1065 3479 1221 3528 l'intluence
1318 3475 1319 3534 l

210 3543 310 3604 duquel
330 3559 398 3591 nous
413 3559 528 3592 summes
548 3544 603 3590 nes.
621 3543 766 3604 -Quem
782 3554 903 3592 annum
919 3562 951 3584 =
967 3557 1035 3606 quae
1052 3541 1108 3603 [atta
1127 3542 1221 3604 ipsum
1318 3541 1319 3562 ¹

211 3606 349 3652 manerent
362 3606 410 3652 hoc
423 3621 502 3663 auno,
518 3606 565 3653 hoc
579 3604 630 3652 die.
644 3603 811 3666 -Spatia,
824 3604 882 3651 leur
894 3604 1007 3651 relation
1020 3617 1086 3652 avec
1097 3601 1221 3652 d'autres

210 3665 1220 3729 astres:completepositus.-Quantumzquantomagis-Metus:

211 3727 308 3788 genitif
322 3729 355 3775 de
368 3744 456 3776 cause.
474 3755 504 3762 -
517 3727 718 3787 Praesclum,
733 3729 928 3776 sous-entendu
944 3741 1009 3775 ease.

642 3897 779 3948 ...98-
