2756 4238
409 155 493 220 305.
510 157 690 214 comment
706 155 851 213 oomhat
865 155 905 210 la
916 151 1048 225 legion.

429 251 576 312 (Quomodo
586 251 721 314 proelium
733 250 804 298 ineat
816 265 926 298 romana
944 248 1034 312 legio.)

178 362 219 426 3ο
273 365 305 425 Si
321 365 433 425 hastati
453 367 613 444 profligare
629 366 747 424 hostem
775 386 836 424 non
862 370 997 444 possent,
1022 362 1099 442 pede
1125 380 1235 440 presso

234 482 286 520 eos
300 470 382 521 retro
400 463 543 521 cedentes
558 462 588 520 in
602 461 763 521 intervalla
776 461 917 519 ordinum
938 459 1091 538 principes
1105 457 1234 536 recipie-

234 558 318 618 bant.
344 559 421 617 Tum
444 559 617 639 principum
639 579 741 637 pugna
766 564 846 631 erat;
874 557 987 616 hastati
1012 556 1232 636 sequebantur.

233 662 342 722 Triarii
365 663 421 722 suh
440 664 560 723 vexillis
582 664 783 723 considebant
804 663 928 721 sinistro
950 682 1038 720 crure
1058 660 1231 741 porrecto*‚

234 768 320 818 scuta
335 760 438 819 innixa
454 761 578 832 umeris,
592 761 693 819 hastas
706 761 848 819 subrecta
859 759 985 838 cuspide
1002 759 1032 816 in
1048 766 1126 816 terra
1143 757 1232 826 fixas,

235 854 317 914 haud
330 859 437 915 secus*
454 878 545 937 quam
559 857 657 915 vallo*
670 864 766 937 saepta
783 857 955 915 inhorreret
970 855 1059 923 acieS,
1080 860 1232 913 tenentes

235 952 266 1010 Si
276 953 356 1032 apud
375 954 527 1033 principes
540 974 663 1034 quoque
679 954 758 1012 haud
769 953 995 1034 satisprosperc
1006 952 1102 1010 esset*
1117 970 1235 1030 pugna-

236 1054 313 1120 tum,
329 1070 345 1108 a
362 1049 458 1129 prima
471 1050 535 1109 acie
551 1050 589 1108 ad
615 1051 734 1108 triarios
757 1051 868 1108 sensim
894 1049 1105 1108 reserebantur
1133 1066 1139 1108 :
1163 1046 1237 1104 inde

236 1166 299 1203 rem
315 1146 352 1204 ad
365 1147 486 1205 triarios
495 1147 619 1217 redisse,
630 1168 700 1205 cum
713 1147 880 1217 laboratur,
895 1146 1059 1226 proverbio
1070 1143 1234 1202 increbuit.

235 1241 344 1300 Triarii
372 1251 603 1320 consurgentes
626 1244 678 1302 ubi
701 1245 731 1303 in
755 1243 915 1303 intervalla
938 1243 1080 1302 ordinum
1107 1260 1235 1299 suorum

236 1339 388 1417 principes
414 1347 445 1398 ct
474 1340 609 1398 hastatos
638 1341 835 1420 recepissent,
864 1340 1018 1419 extemplo
1052 1337 1236 1417 compressis

235 1435 394 1494 ordinibus
408 1435 493 1495 velut
503 1437 687 1495 claudebant
697 1438 771 1508 viaS,
787 1457 908 1516 unoque
919 1436 1089 1495 continenti
1100 1434 1235 1512 agmine,

232 1531 298 1610 jam
314 1532 395 1590 nulla
411 1553 464 1612 spe
480 1541 550 1612 post
564 1535 679 1605 relicta,
704 1535 733 1592 in
759 1535 878 1592 hostem
900 1533 1101 1592 incidebant:
1120 1531 1151 1589 id
1170 1537 1238 1589 erat

237 1627 556 1689 formidolosissimum
566 1630 656 1698 hosti,
667 1651 748 1704 cum,
759 1632 845 1689 velut
857 1631 956 1689 victos
967 1630 1107 1700 insecuti,
1123 1648 1236 1686 novam

237 1741 362 1812 repente
390 1734 486 1792 aciem
516 1742 728 1813 exsurgentem
758 1745 877 1795 auctam
902 1756 1030 1794 numero
1056 1733 1233 1794 cernebant.

238 1830 474 1889 Scribebantur*
488 1841 588 1890 autem
609 1835 759 1912 quatuor*
776 1833 839 1892 lere
860 1833 997 1910 legiones
1016 1831 1135 1912 quinis*
1156 1830 1237 1888 mili-

238 1927 294 1986 bus
310 1927 458 2006 peditum,
476 1929 630 2006 equitibus
644 1930 675 1987 in
691 1930 825 2007 singulas
838 1929 973 2008 legiones
989 1929 1130 1988 trecenis.
1149 1927 1237 1985 Alte·

238 2024 323 2081 rum*
348 2031 469 2083 tantum
496 2046 532 2083 ex
565 2027 673 2085 Latino
708 2026 823 2085 dilectu
865 2026 1078 2105 adjiciebatur,
1119 2025 1171 2104 qui
1200 2044 1238 2083 ea

238 2126 419 2198 tempestate
434 2121 538 2181 hostes
560 2130 648 2182 erant
667 2123 825 2194 RomaniS,
847 2124 1017 2203 eodemque
1043 2122 1150 2181 ordine
1172 2121 1236 2178 ins-

238 2222 396 2276 truxerant
411 2219 520 2280 aciem.

238 2371 290 2403 une
302 2359 372 2418 grele
385 2357 508 2421 (Varron,
517 2360 546 2408 L.
561 2360 606 2408 lat.
618 2359 677 2419 Vll,
696 2363 734 2419 58,
749 2361 800 2409 fait
811 2362 887 2409 venir
901 2362 958 2408 leur
969 2376 1030 2408 nom
1042 2361 1074 2407 de
1088 2374 1141 2418 ros,
1154 2359 1236 2420 roris)

238 2420 271 2465 de
282 2420 359 2466 traits
372 2421 406 2466 du
420 2421 509 2469 milieu
523 2423 569 2469 des
582 2437 668 2484 rangs.
683 2448 712 2458 -
724 2422 898 2473 Accensos.
912 2423 947 2471 lls
962 2423 1070 2470 avaient
1081 2437 1149 2484 pour
1161 2423 1239 2468 toute

238 2494 320 2539 arme,
333 2481 404 2530 leurs
415 2485 518 2546 poings‚
530 2484 576 2530 des
589 2484 694 2544 batons‚
709 2486 755 2533 des
768 2486 877 2546 pierres.

268 2585 389 2636 N0305
413 2602 419 2636 τ
442 2590 606 2639 Porrecto.
627 2589 668 2636 On
689 2591 728 2638 les
751 2591 809 2638 voit
828 2591 895 2637 dans
911 2591 982 2638 cette
1010 2589 1125 2637 altitude
1143 2602 1188 2635 sur
1210 2587 1239 2635 la

238 2648 351 2695 colonnc
365 2649 485 2712 Trajane.
497 2678 526 2685 -
543 2650 640 2700 Haud
660 2664 757 2702 secus
776 2664 874 2713 quam
897 2670 929 2693 =
945 2666 998 2698 non
1018 2665 1093 2698 secus
1110 2664 1139 2698 ac
1157 2649 1188 2696 si.
1206 2674 1239 2683 —

238 2710 347 2759 vano.
368 2711 403 2758 Le
421 2711 521 2758 cattum
539 2716 580 2758 est
603 2714 775 2774 proprement
791 2728 842 2760 une
854 2713 987 2774 palissade
1003 2713 1066 2759 faite
1087 2713 1120 2758 de
1141 2711 1239 2773 jeunes

239 2772 330 2818 troncs
339 2787 403 2819 avec
416 2774 486 2820 leurs
497 2774 627 2821 branches
635 2775 759 2822 late'rnles
770 2776 935 2822 raccourcies
943 2778 971 2821 et
979 2774 1081 2822 taille'es
1089 2788 1121 2819 en
1134 2773 1236 2834 pointe,

239 2834 272 2879 de
283 2833 398 2880 mamere
411 2836 425 2881 al
438 2835 535 2882 tormer
546 2837 592 2882 des
604 2837 712 2897 espcces
725 2838 758 2883 de
770 2837 889 2883 chevauo
899 2837 931 2883 de
941 2835 1016 2896 friso.
1028 2836 1069 2883 On
1086 2835 1110 2881 le
1122 2834 1240 2895 plnntait

239 2895 490 2943 ordinairementau
504 2900 617 2944 sommet
629 2899 696 2946 dela
715 2898 789 2945 levee
805 2897 908 2961 (appar)
928 2900 996 2945 dont
1021 2898 1046 2944 le
1071 2910 1148 2957 camp
1169 2895 1240 2942 otait

239 2956 359 3003 entourt.
374 2958 424 3004 Par
436 2959 514 3016 suite,
528 2973 561 3005 on
574 2973 588 3005 a
601 2959 724 3021 employe'
737 2962 851 3007 souvent
862 2975 892 3007 ce
905 2963 961 3007 mot
974 2974 1042 3020 pour
1051 2957 1173 3018 designer
1185 2957 1200 3002 b
1210 2957 1239 3004 ln

240 3018 291 3063 sois
301 3017 324 3063 le
336 3023 453 3079 rempart
465 3021 498 3065 de
511 3024 580 3067 tcrrc
594 3024 621 3067 et
634 3021 656 3067 la
670 3022 811 3082 palissade,
825 3023 853 3068 et
863 3036 895 3068 en
908 3021 1049 3081 generalla
1062 3019 1239 3066 fortification

239 3080 382 3139 passagbre
393 3079 453 3126 d'un
466 3095 543 3142 camp
554 3097 588 3128 ou
603 3080 679 3129 d'une
692 3084 802 3144 lignedo
812 3083 1031 3130 circonvallation
1044 3084 1140 3129 autour
1158 3078 1240 3127 d'une

240 3141 302 3187 ville
316 3142 440 3202 assicgde,
453 3143 490 3189 les
505 3146 617 3190 travaux
634 3145 873 3205 supplementaires
890 3145 923 3191 dc
947 3144 1055 3191 de'sense
1076 3143 1153 3190 d’une
1173 3143 1239 3190 ville

240 3202 366 3263 assic'gc'c.
380 3205 513 3253 -Esset
524 3207 715 3266 pugnatum,
728 3206 876 3267 subjunctis
882 3206 915 3253 de
932 3205 1083 3313 repetition.
1103 3230 1133 3239 -
1150 3203 1240 3253 Scri·

241 3263 415 3315 bebantur.
433 3266 481 3312 Les
494 3265 614 3314 hommes
626 3268 670 3328 qui
684 3268 808 3314 devoient
822 3268 920 3314 former
931 3268 956 3314 la
977 3267 1064 3327 egion,
1073 3267 1150 3327 apres
1161 3267 1241 3314 avoir

241 3324 282 3372 ete
296 3327 403 3388 appelts
414 3327 527 3389 (citare),
545 3329 617 3376 tribu
630 3344 678 3389 par
691 3329 774 3387 tribu,
789 3329 889 3377 e'taient
907 3329 1006 3376 choisis
1029 3328 1139 3390 (tepere,
1158 3328 1191 3374 de
1211 3327 1236 3373 la

242 3386 321 3448 topic)
341 3391 368 3434 et
387 3390 493 3436 inscrits
511 3389 647 3448 (scribere,
671 3389 859 3454 conscribere).
879 3415 910 3426 -—
931 3389 1087 3450 Quattuor.
1108 3389 1243 3436 L'etlectit'

240 3447 442 3508 reglementaire
455 3455 495 3498 est
508 3453 541 3498 de
554 3455 646 3513 quatre
657 3453 768 3512 legions,
783 3452 900 3500 formant
912 3452 981 3499 deux
999 3452 1013 3499 al
1028 3453 1097 3498 deux
1109 3451 1147 3497 les
1167 3451 1237 3496 deux

241 3510 343 3556 armees
356 3513 526 3559 consulaires.
547 3539 576 3548 -
598 3513 711 3575 Quints
727 3529 732 3562 :
746 3515 770 3561 le
791 3515 883 3560 chitlre
902 3514 934 3560 de
950 3513 976 3560 la
994 3514 1082 3574 legion
1101 3511 1197 3559 s'e'leva
1222 3513 1237 3557 a

241 3575 311 3616 6.000
322 3573 440 3620 hommes
454 3574 525 3635 (sans
537 3578 658 3636 comptor
668 3575 705 3622 les
716 3576 808 3637 allicis).
820 3602 850 3611 -
861 3574 1011 3624 Alterum
1030 3575 1169 3626 tantum.
1185 3587 1239 3620 unc

241 3634 355 3679 seconde
368 3635 418 3680 lois
431 3638 533 3692 autant,
545 3634 609 3683 e'est
624 3637 707 3684 adire
725 3643 795 3684 5.(100
814 3637 968 3694 sontassins,
994 3640 1021 3683 et
1042 3640 1086 3681 300
1107 3636 1237 3682 cavaliers

241 3693 353 3755 (tournis
362 3711 410 3756 par
420 3697 457 3743 les
465 3698 582 3744 colonics
595 3699 690 3745 latines
701 3703 727 3746 et
739 3700 861 3746 lesvilles
874 3699 982 3758 allie'es),
996 3703 1023 3744 et
1031 3696 1158 3744 encndre's
1169 3697 1239 3745 dans

240 3755 265 3826 la
276 3755 371 3816 le'gion,
381 3759 426 3818 qui
439 3761 536 3806 atteint
548 3760 615 3806 ainsi
632 3761 656 3807 le
669 3761 761 3809 chill're
771 3762 804 3808 de
816 3765 900 3808 10.000
917 3760 1046 3806 hommes.
1062 3759 1127 3806 Voir
1140 3758 1165 3806 la
1177 3773 1242 3804 ver-

240 3831 298 3865 sion
311 3819 478 3878 pre'ce'dcnte.

662 3902 816 3954 -308-
