2696 4244
152 165 234 224 166.
251 168 591 226 Embellissements
607 171 651 225 de
667 171 777 225 Rome
800 181 887 226 sous
903 169 1078 237 Auguste.

285 263 431 326 (Quantum
446 265 525 312 Roma
537 263 624 325 suerit
637 264 670 312 ab
691 266 816 328 Augusto
832 265 947 328 ornata.)

132 397 133 403 ¹
155 378 280 449 Urbem,
306 400 405 459 neque
425 401 480 458 pro
500 381 660 460 majestate
681 381 801 460 imperii
824 388 962 439 ornatam
981 386 1012 439 et
1026 379 1117 438 inun-
1133 376 1173 438 3θ

112 475 291 534 dationibus
304 477 517 556 incendiisque
537 478 713 550 obnoxiam,
738 478 874 537 excoluit
888 477 976 550 ade0,
994 485 1028 535 ut
1047 476 1117 556 jure
1149 551 1150 558 ἵ
1179 543 1183 559 ,

113 572 155 630 sit
177 573 325 650 gloriatus
353 595 556 633 marmoream
582 596 613 633 se
639 574 811 655 relinquere
827 596 919 654 quam
949 573 1118 633 latericiam
1182 585 1184 594 ⁴

112 670 313 749 accepisset*.
338 671 464 730 Publica
489 678 592 750 opera'
610 672 741 752 plurima
768 673 919 731 exstruxit
935 691 940 732 :
956 693 994 729 ex
1006 671 1130 750 quibus¹

112 767 164 824 vel
176 767 361 846 praecipua*,
380 769 492 827 Forum
510 790 580 827 cum
601 771 665 829 aede
686 770 794 829 Martis
819 770 946 842 Ultoris,
970 767 1118 847 templum

112 864 268 943 Apollinis
288 865 318 922 in
338 866 466 938 Palati0,
491 867 587 925 aedem
612 867 761 926 Tonantis
783 867 870 926 Jovis
892 867 923 924 in
951 865 1116 944 Capitolio.

113 959 138 1016 F
140 961 186 1018 ori
199 962 377 1020 exstruendi
393 983 483 1022 causa
499 963 559 1022 suit
580 965 740 1022 hominum
761 971 790 1023 et
802 964 992 1044 judiciorum
1016 961 1119 1020 multi-

114 1057 190 1116 tudo
211 1079 278 1137 quae
301 1059 474 1132 videbatur,
508 1081 568 1119 non
599 1062 824 1120 sufficientibus
849 1061 1000 1130 duobus*,
1026 1060 1118 1117 etiam

113 1155 205 1212 tertio
219 1155 367 1233 indigere.
386 1157 493 1236 ltaque
506 1157 692 1230 festinatius,
712 1159 843 1217 necdum
859 1157 994 1236 perlecta
1010 1155 1119 1214 Martis

10 1295 12 1328 ,
112 1251 190 1323 aede,
206 1251 397 1330 publicatum
407 1262 462 1327 est,
476 1263 661 1334 cautumque
678 1263 712 1313 ut
727 1256 891 1335 separatim
905 1256 934 1312 in
948 1275 984 1312 eo
996 1253 1118 1332 publica

10 1331 12 1380 l
108 1347 230 1426 judicia
260 1356 291 1408 et
319 1351 494 1408 sortitiones
516 1352 656 1430 judicum
694 1353 812 1410 fierent.
842 1351 952 1410 AEdcm
989 1349 1119 1409 Martis*

113 1444 194 1503 bello
210 1445 413 1526 Philippensi,
429 1469 485 1526 pro
501 1449 617 1507 ultione
633 1451 782 1529 paterna*
798 1457 954 1528 suscept0,
978 1437 1129 1505 voverat(

113 1541 224 1600 Sanxit
249 1563 321 1620 ergo
347 1551 382 1602 ut
401 1544 438 1602 de
463 1545 550 1602 bellis
574 1545 802 1625 triumphisque
832 1545 881 1604 hic
904 1544 1120 1603 consuleretur

113 1638 262 1711 Senatus;
289 1641 464 1718 provincias
490 1663 559 1700 cum
583 1643 711 1722 imperio
736 1643 862 1722 petituri
885 1642 957 1699 hinc
986 1640 1119 1699 deduce-

113 1736 257 1809 rentur*;
274 1737 388 1817 quique
404 1738 536 1797 victores
551 1739 701 1797 redissent
719 1739 778 1798 huc
796 1739 927 1816 insignia
946 1736 1118 1817 triumpho-

112 1852 182 1890 rum
197 1833 384 1892 conlerrent.
400 1835 560 1915 Templum
576 1837 754 1914 Apollinis*
769 1837 801 1894 in
819 1857 853 1894 ea
870 1842 955 1915 parte
972 1834 1118 1892 Palatinae

113 1928 225 1987 domus
254 1931 412 2013 excitavit,
439 1953 530 2010 quam
554 1932 681 1991 fulmine
705 1934 796 1992 ictam
820 1932 985 1991 desiderari
1011 1953 1027 1990 a
1052 1931 1118 1989 Deo

113 2025 1162 2110 haruspicespronuntiarant.Addiditporticuscumbibliotheca*'²1

112 2122 210 2182 latina
236 2145 406 2204 graecaque.
429 2127 568 2204 Spatium
594 2127 684 2185 Urbis
709 2127 739 2185 in
764 2128 925 2204 regiones*
952 2126 1119 2204 vicosque*

113 2219 232 2293 divisit,
248 2221 442 2301 instituitque
459 2231 492 2281 ut
513 2223 580 2282 illas
598 2225 691 2282 annui
709 2225 906 2301 magistratus
922 2223 1031 2281 sortito
1051 2230 1131 2280 tue-v

113 2325 232 2376 rentur.
255 2318 410 2376 Adversus
426 2319 567 2378 incendia
592 2321 737 2379 excubias
761 2328 927 2379 nocturnas
947 2319 1129 2399 vigilesque

112 2422 307 2472 commentus
336 2421 392 2475 est.
425 2416 474 2474 Ad
516 2417 700 2476 coercendas
743 2417 960 2475 inundationes
997 2415 1118 2474 alveum

112 2509 234 2568 Tiberis
249 2511 364 2570 laxavit
378 2533 412 2571 ac
432 2514 620 2592 repurgavit.

146 2641 187 2691 Νο
210 2642 274 2693 166
292 2658 298 2690 ε
319 2643 511 2706 Accepisset
529 2659 535 2692 z
554 2645 703 2706 subjonctis
720 2647 752 2693 de
775 2646 843 2707 style
865 2645 988 2691 indirect.
1009 2671 1039 2678 —-
1058 2645 1118 2694 vel

111 2703 305 2766 praecipua.
320 2706 343 2752 A
359 2705 480 2779 l'e'poquc
495 2707 641 2768 imperiale,
654 2708 697 2755 oet
714 2723 741 2754 se
754 2712 808 2755 met
821 2710 936 2754 souvent
953 2707 967 2752 a
983 2705 1041 2752 cbte'
1055 2705 1117 2752 d'un

112 2765 257 2826 superlatil
267 2781 336 2827 pour
347 2768 371 2814 le
388 2771 530 2815 renlorcer.
546 2768 691 2831 Praecipua
711 2771 751 2815 est
763 2769 796 2815 ici
814 2767 952 2815 considere'
967 2782 1070 2814 comme
1082 2782 1118 2814 un

112 2827 263 2888 superlatil.
282 2828 320 2876 Cf.
338 2829 437 2887 Tacite,
458 2829 574 2892 Dialoq„
588 2835 601 2875 6
620 2845 625 2878 :
646 2851 656 2873 «
670 2830 720 2877 Sed
735 2829 925 2892 extemporalis
938 2828 1064 2876 audaciae
1076 2827 1130 2876 vel*

111 2889 261 2956 praecipua
275 2889 437 2951 jucunditas
454 2892 502 2938 est.
518 2911 528 2933 υ
547 2919 577 2926 -
590 2893 726 2941 Duobus
746 2894 788 2939 :le
805 2893 902 2938 Forum
917 2892 1038 2942 Romam,
1055 2894 1082 2937 et
1094 2891 1118 2942 le

114 2951 214 2998 Forum
227 2951 260 2998 de
278 2952 302 2998 J.
318 2951 406 2998 Cesar.
421 2979 450 2986 —
463 2951 583 3003 Aedem
601 2953 731 3002 Martis.
751 2953 789 3000 Cf.
809 2954 902 3008 Ovide,
921 2953 1001 3010 Fast,
1017 2953 1049 3008 V,
1064 2954 1117 3011 545,

112 3015 168 3069 569,
181 3015 243 3060 579:
262 3012 373 3060 Voverat
384 3014 433 3060 hoc
439 3013 549 3075 juvenis
563 3017 635 3072 tunc,
647 3031 707 3062 cum
719 3014 763 3076 pia
776 3015 888 3062 sustulit
900 3029 982 3061 arma.
998 3014 1119 3073 Auguste

111 3075 215 3121 acheva
228 3088 258 3120 ee
268 3075 375 3135 temple,
390 3077 479 3136 quand
497 3077 535 3122 les
547 3076 657 3123 Part-hes
670 3082 709 3124 119
723 3091 763 3122 av,
778 3078 792 3123 J
797 3077 856 3138 .-C.)
874 3080 968 3123 curent
984 3076 1068 3122 rendu
1080 3077 1119 3122 les

112 3137 251 3197 drepenux
266 3135 343 3184 ou'ils
360 3137 466 3183 avaient
479 3139 534 3198 pris
552 3139 566 3184 at
584 3138 702 3185 Crassus.
716 3166 746 3172 —
759 3139 924 3187 Paterna:
939 3137 1039 3184 Octave
1052 3136 1119 3183 etait

112 3197 156 3244 fils
172 3197 280 3258 adoptif
297 3199 330 3244 de
346 3198 370 3244 J.
393 3198 480 3245 Cesar.
500 3226 528 3233 —
546 3200 794 3249 Deducerentur
808 3216 813 3247 ι
827 3201 845 3246 11
863 3199 938 3260 s'agit
955 3200 989 3244 du
1010 3199 1118 3258 cortbge

111 3258 207 3306 d'amis
218 3259 263 3319 qui
275 3272 453 3320 accompagne
462 3261 498 3306 les
509 3261 640 3322 ge'ne'raux
652 3265 678 3308 ct
691 3263 729 3309 les
741 3276 922 3322 gouverneurs
934 3263 967 3306 de
981 3259 1116 3322 province,

111 3323 231 3381 lorsque,
250 3322 358 3368 revetus
375 3321 410 3367 du
431 3320 661 3383 paludamentum,
680 3324 712 3369 ils
728 3327 793 3369 vont
805 3338 838 3368 au
851 3323 972 3383 Capitole
991 3322 1054 3368 laire
1071 3321 1120 3368 des

112 3397 194 3429 voeux
207 3382 222 3428 a
234 3382 341 3442 Jupiter
353 3385 435 3429 avant
445 3383 477 3429 de
490 3385 592 3443 quitter
603 3386 626 3430 la
639 3385 709 3431 ville.
722 3412 749 3420 -
763 3385 931 3446 Templum
945 3381 1116 3445 Apollinis.

111 3442 233 3518 Velleius
244 3444 400 3514 Paterculus
414 3444 457 3506 (II,
472 3447 509 3505 81)
526 3446 566 3492 dit
580 3446 643 3507 qu'il
656 3447 728 3493 avait
738 3446 860 3492 fait-voeu
873 3447 905 3491 de
919 3443 942 3492 le
957 3445 1117 3518 construire,

110 3505 1117 3630 11Γὲ1.ὃῖνὲῖῗίἓὲἒιῖἓέἑῗῗῗῃῗὲἐέ111111ιὲ11111115111131111111
1206 3549 1211 3562 ’

111 3657 142 3666 -
153 3627 317 3690 Regiones
332 3644 337 3675 :
356 3644 423 3675 nous
436 3630 526 3676 disons
539 3631 787 3677 arrondisscments.
800 3657 827 3665 -
841 3629 950 3685 Vicos,
964 3630 1096 3690 quarticrs
1111 3644 1117 3676 2

111 3691 260 3739 uncertain
271 3691 381 3736 nombre
395 3692 427 3738 de
440 3707 501 3738 rues
510 3693 576 3738 etde
586 3693 709 3739 maisons.
721 3693 769 3738 Les
779 3691 905 3753 prc'pose's
914 3707 965 3738 aux
974 3695 1002 3736 14
1012 3691 1118 3752 rc'gions

111 3753 213 3802 etaient
222 3752 286 3799 tires
299 3767 332 3798 au
344 3756 399 3799 sort
412 3756 471 3799 tous
480 3755 517 3799 les
528 3755 668 3814 ansparmi
680 3755 718 3800 les
730 3753 820 3812 ediles,
832 3753 936 3800 tribuns
947 3758 973 3799 et
986 3753 1118 3813 pre'teurs.

111 3817 163 3863 Les
179 3813 233 3862 vici
252 3814 359 3860 avaient
376 3829 444 3875 pour
462 3815 693 3862 administratcurs
706 3815 744 3862 les
763 3815 888 3880 irraqistri
900 3815 1028 3862 vicorum.

535 3931 693 3981 -167-
