2696 4244
494 157 703 217 CHAPITRE
727 155 770 215 lV

547 255 641 318 (Caput
652 253 710 316 ll'.)

129 381 165 419 LA
189 365 255 420 cml
276 397 315 406 -·
338 383 387 422 Les
419 383 529 420 FORMES
552 383 587 418 DE
609 381 837 419 GOUVERNEMENT
856 395 894 408 ν·-
922 379 970 417 LES
998 377 1130 416 ctnsssss.

221 485 301 551 19³,
320 485 534 542 ·L’1nstinot
575 484 692 542 sooial
732 486 827 540 dans
867 485 1043 540 l'homme.

254 573 305 635 (Aa
319 572 471 620 naturalem
483 571 701 620 communitatem
715 571 771 618 nati
791 573 855 620 sunt
868 570 1008 632 homines)

171 687 216 746 Ex
239 688 314 746 hoc*
338 668 475 754 nascitur
489 693 524 746 ut
548 687 659 746 etiam*
679 686 1024 746 communishominum
1052 685 1132 742 inter
1146 679 1189 743 3⁸

131 782 271 842 homines
287 785 434 843 naturalis
447 785 487 843 sit
496 783 754 857 commendati0*‚
775 792 809 842 ut
824 791 965 862 oporteat
979 782 1131 860 hominem

129 881 169 948 ab
185 879 309 940 homine
336 881 375 940 ob
402 881 432 940 id
457 882 573 961 ipsum,
600 881 683 960 quod
709 881 802 939 homo
829 881 883 964 sit,
909 901 971 938 non
1000 879 1132 938 alienum

131 977 260 1036 videri*.
278 979 384 1058 ltaque
400 986 508 1038 natura
519 999 625 1036 sumus
641 979 703 1058 apti
715 979 752 1036 acl
770 985 880 1050 coetus
900 977 1040 1048 coneilia‚
1059 976 1134 1035 civi-

131 1081 221 1134 tates,
230 1076 381 1134 Mundum
391 1083 493 1134 autern
504 1083 631 1134 censent
641 1066 704 1153 regi
717 1076 841 1133 numine
855 1075 994 1148 deorum,
1003 1093 1134 1152 eumque
1203 1143 1209 1154 Ι

132 1161 494 1252 essequasicommunem
504 1173 610 1231 urbem
626 1173 841 1234 etcivitatem*
852 1172 1011 1230 hominum
1025 1179 1055 1228 et
1063 1170 1135 1227 deo-

130 1289 211 1341 rum,
227 1278 258 1328 et
270 1289 365 1328 unum
379 1291 532 1350 quemque
546 1277 684 1327 nostrum
696 1269 765 1348 ejus·
773 1270 879 1328 mundi
892 1289 957 1328 esse
972 1271 1110 1348 partem*
1126 1292 1132 1336 ;

133 1385 171 1424 ex
182 1386 243 1445 quo
252 1366 326 1424 illud
337 1374 445 1425 natura
454 1367 629 1446 consequi*‚
645 1374 677 1424 ut
688 1372 881 1425 communem
892 1366 1055 1424 utilitatem
1067 1385 1135 1422 nos-

132 1471 200 1522 trae·
209 1471 442 1542 anteponamus.
453 1463 495 1522 Ut
510 1464 592 1521 enim
608 1463 689 1540 leges
705 1465 842 1521 omnium
858 1463 988 1522 salutem
1002 1461 1137 1540 singulo-

133 1579 200 1618 rum
213 1561 304 1620 saluti
325 1569 529 1640 anteponunt,
548 1562 590 1618 sic
603 1562 651 1618 vir
667 1561 765 1618 bonus
781 1569 812 1618 et
827 1561 961 1640 sapiens
972 1567 1002 1618 et
1016 1559 1135 1638 legibus

133 1677 243 1736 parens
257 1665 287 1715 et
306 1657 406 1716 civilis
422 1657 513 1716 officii
530 1679 591 1716 non
613 1655 748 1735 ignarus,
772 1657 898 1716 utilitati
913 1658 1051 1716 omnium
1066 1656 1135 1736 plus

132 1775 226 1834 quam
241 1755 332 1812 unius
348 1755 477 1834 alicujus
493 1763 545 1814 aut
565 1776 627 1813 suae
652 1755 795 1814 consulit.
816 1755 861 1812 Ex
881 1755 938 1814 hae
964 1755 1134 1814 animorum

132 1851 314 1910 affectione*
348 1859 532 1910 testamenta
558 1851 901 1932 commendationesque
939 1851 1135 1910 morientium

136 1954 216 2006 natae
230 1956 312 2008 sunt.
324 1949 474 2028 Quodque
486 1969 575 2006 nemo
591 1949 621 2006 in
633 1969 751 2008 summa
767 1949 933 2008 solitudine
941 1950 1037 2008 vitam
1047 1969 1136 2027 agere

135 2045 221 2117 velit,
237 2066 274 2102 ne
285 2066 355 2104 cum
367 2046 617 2126 infinitaquidem
628 2047 823 2126 voluptatum
837 2046 1035 2119 abundantia,
1046 2046 1136 2105 facile

138 2142 330 2223 intellegitur
366 2163 421 2200 nos
455 2143 493 2202 ad
522 2143 771 2222 conjunctionem
804 2143 1136 2224 congregationemque

135 2240 294 2297 hominum
305 2247 335 2297 et
346 2239 383 2298 ad
396 2239 566 2298 naturalem
578 2241 831 2299 communitatem
843 2262 907 2300 esse
918 2249 1018 2302 natos.
1028 2240 1138 2320 Impel-

84 2327 87 2334 ’
136 2337 344 2417 limurautem
361 2344 480 2407 natura,
494 2345 529 2395 ut
543 2337 688 2417 prodesse·
702 2337 832 2396 velimus
849 2339 1097 2418 quamplurimis
1107 2339 1137 2396 in
1194 2338 1195 2341 ’

135 2433 304 2514 primisque
328 2433 486 2491 docendo*
510 2433 740 2512 rationibusque
772 2434 944 2513 prudentiae
967 2435 1136 2495 tradendis,

139 2532 244 2609 ltaque
267 2551 328 2588 non
350 2531 438 2589 facile
463 2538 510 2590 est
530 2531 668 2589 invenire
702 2533 754 2610 qui
782 2533 864 2610 quod
884 2533 961 2592 sciat
988 2533 1051 2614 ipse
1077 2553 1138 2590 non

135 2627 237 2686 tradat
252 2627 354 2700 alteri;
367 2628 408 2686 ita
425 2647 486 2686 non
502 2627 601 2685 solum
617 2627 847 2686 addiscendum
860 2629 1005 2708 propensi
1020 2651 1137 2703 sumna,

136 2745 244 2783 verum
260 2725 351 2783 etiam
367 2725 405 2782 ad
419 2724 602 2784 docendum.

167 2847 208 2896 ΙΨ
221 2847 284 2901 193
298 2862 304 2896 2
319 2849 370 2898 Ex
383 2848 453 2909 hoc,
467 2849 630 2896 e'est-a-dire
640 2849 673 2896 de
686 2847 799 2896 l'amour
808 2850 856 2897 des
867 2854 975 2911 parents
988 2866 1056 2912 pour
1068 2851 1139 2900 leurs
1150 2850 1152 2867 ³

137 2910 251 2956 enfants.
275 2937 304 2950 -
324 2908 444 2966 Etiam,
467 2914 544 2957 outre
562 2913 604 2957 cet
619 2925 713 2957 amour
723 2911 771 2958 des
788 2915 906 2971 parents.
921 2939 950 2948 -
963 2913 1139 2964 Naturalis

137 2970 376 3022 commendatio
397 2993 423 3014 π
445 2971 514 3019 ratio
532 2985 601 3034 quae
618 2971 743 3020 omnibus
763 2974 860 3020 natura
877 2975 1088 3023 commandatur.
1110 3003 1139 3010 -

135 3031 260 3082 Videri.
281 3032 319 3080 Cf.
337 3033 376 3080 les
392 3034 462 3080 deux
481 3047 542 3080 vers
564 3034 712 3081 immortels
732 3034 764 3080 de
784 3034 901 3082 Terence
919 3041 946 3083 et
967 3037 1000 3084 de
1021 3037 1069 3084 Vir
1087 3039 1138 3086 ile:

136 3093 222 3142 Homo
246 3109 314 3151 sum,
340 3094 452 3142 humani
477 3094 547 3141 nihil
569 3110 584 3141 a
609 3109 649 3142 me
672 3095 792 3142 alienum
808 3098 876 3158 puto
896 3097 1047 3168 (Terence);
1070 3054 1140 3146 {unt

136 3155 266 3204 lacrimae
286 3171 378 3203 rerum
397 3158 423 3202 et
444 3157 559 3202 mentem
582 3157 707 3204 mortalia
728 3159 991 3224 tenpunt(V1rgile).
1011 3161 1139 3211 -civi-

137 3219 251 3267 tatem.
260 3217 380 3265 Aristote
389 3217 611 3265 definitl'homme
619 3219 708 3271 «Ζῶον
718 3219 840 3272 πολιτικὸν
848 3221 993 3274 »;·-Esse
1000 3225 1139 3284 partem.

139 3287 201 3336 Idee
213 3287 292 3336 chere
308 3303 359 3335 aux
373 3287 503 3335 Stnlciens
521 3289 566 3350 qui
584 3304 612 3336 se
629 3291 822 3350 proclamaient
840 3289 962 3354 citoyens
980 3294 1015 3340 du
1031 3297 1137 3342 monde.

115 3350 180 3396 ·De
199 3349 224 3397 la
248 3350 272 3398 le
301 3349 370 3396 beau
390 3365 450 3398 vers
497 3365 529 3397 ue
553 3349 651 3398 Luoain
671 3354 745 3412 prete
763 3353 777 3398 a
797 3351 882 3399 Caton
908 3367 914 3401 ε
937 3353 997 3402 Νοη
1014 3355 1067 3403 ribi
1094 3358 1140 3405 sed

141 3410 191 3460 toti
221 3409 344 3475 punitum
380 3426 406 3458 se
435 3366 544 3458 oreiam
571 3413 684 3460 mundo.
717 3441 746 3448 -
772 3413 945 3476 consequi,
972 3416 1076 3478 de'pend
1107 3421 1140 3466 de

137 3474 255 3521 censent.
276 3497 309 3508 ·-
329 3471 519 3530 Atrectinae,
552 3475 704 3522 traduction
730 3477 762 3522 de
793 3475 965 3537 l'expression
994 3481 1140 3527 sto'tcienne

140 3534 253 3602 διάθεσις,
267 3535 428 3595 disposition
441 3535 551 3596 d'esprit
564 3551 598 3582 ou
610 3537 643 3583 de
657 3550 732 3583 coeur
741 3538 785 3598 qui
795 3553 872 3598 passe
885 3540 951 3585 dans
960 3540 984 3585 le
995 3542 1138 3588 caractere.

138 3633 170 3640 -
182 3605 343 3656 Docendo.
357 3605 406 3653 Les
418 3606 592 3668 philosophas
605 3611 632 3653 et
650 3608 689 3654 les
710 3608 861 3658 moralistes
881 3613 929 3655 ont
947 3616 1061 3658 souvent
1078 3612 1140 3659 note

138 3681 172 3714 ce
193 3667 286 3716 besoin
310 3671 336 3714 et
358 3682 388 3714 ce
405 3668 498 3728 plaisir
518 3669 594 3730 (Voir
612 3669 643 3714 de
660 3668 717 3717 Fin.
741 3669 771 3728 V,
792 3671 839 3730 18).
854 3671 893 3718 Cf.
908 3675 1036 3731 pourtant
1049 3674 1071 3720 le
1085 3677 1142 3721 mot

139 3729 428 3852 tttfttlttlttsstt
441 3729 789 3840 ilelllltitlll'm
802 3732 826 3778 ¹³
927 3733 1013 3794 ΡΜ
1029 3736 1061 3782 a
1075 3737 1141 3782 nn.

563 3899 720 3949 -195-
