2658 4244
325 176 407 234 131.
427 178 555 247 Lettre
571 180 616 234 de
631 177 788 236 Verusa
805 179 1072 236 Marc-Aurata

525 274 562 337 (L.
579 275 662 322 Verus
674 275 707 322 M.
719 274 832 323 Aurelio
841 275 877 338 S.)
1068 285 1070 290 ·

138 384 186 447 4⁰
239 387 368 448 Avidius
383 388 508 448 Cassius
519 390 530 414 ¹
541 389 629 448 valde
649 389 779 469 cupidus
797 397 843 448 est
859 378 990 468 imperii,
1005 393 1153 468 quantum
1171 389 1204 442 et

201 483 276 542 mihi
291 485 424 558 videtur,
439 486 541 564 etjam
557 487 628 546 inde
641 487 698 545 sub
713 507 771 547 avo
798 506 877 557 meo,
892 486 1005 565 *patre*
1025 493 1089 556 tuo,
1112 483 1205 541 inno-

201 581 274 654 tuit;
292 603 383 661 quem
399 582 662 660 velimlobservari
675 583 795 664 jubeas.
809 584 918 643 Omnia
934 583 960 641 ei
979 589 1083 641 nostra
1094 578 1206 659 displi-¹

200 685 285 751 cent;
301 700 375 758 opes
390 701 452 738 non
467 681 636 739 mediocres
656 688 754 760 parat,
777 681 894 739 litteras
919 688 1039 738 nostras
1059 676 1148 748 ridet,
1160 682 1205 733 -te

105 849 107 854 ι
200 775 415 855 philosopham
431 777 582 836 aniculam
596 799 720 848 vocans,
734 798 782 835 me
792 778 984 836 luxuriosum
996 776 1164 834 morionem
1176 773 1202 832 *-.

201 871 279 930 Vide
294 872 367 952 quid
385 874 536 951 agendum
554 875 603 933 sit.
624 875 689 952 Ego
705 875 860 932 bominem
881 895 942 932 non
967 873 1035 945 odi3
1060 871 1110 930 sed
1127 891 1207 929 cave

202 989 239 1030 ne
254 968 311 1027 tibi
324 977 356 1029 et
369 970 474 1029 liberis
489 971 550 1030 tuis
564 993 626 1029 non
641 972 718 1030 bene
740 971 891 1042 consulat,
913 991 982 1030 cum
1006 969 1097 1028 talem
1113 969 1208 1026 'inter

202 1066 404 1142 praecinctos*
423 1067 547 1140 habeas,
570 1068 692 1148 qualem
713 1067 846 1127 libenter
869 1067 956 1126 miles
982 1065 1079 1138 audit,
1104 1064 1209 1123 liben—

201 1165 249 1222 ter
261 1159 356 1220 videt.

446 1273 614 1349 Re'ponse
630 1277 674 1333 de
688 1276 956 1333 Marc-Aurele.

524 1372 566 1434 (M.
576 1371 683 1420 Aurelii
693 1371 875 1436 rescriptum.)
898 1385 900 1392 ’

241 1486 412 1566 Epistulam
423 1495 508 1546 tuam
526 1487 597 1565 legi,
623 1487 805 1546 sollicitam*
827 1488 931 1568 potius
959 1507 1051 1566 quam
1073 1487 1208 1565 impera-

200 1584 322 1655 toriam,
340 1591 370 1643 et
384 1604 446 1643 non
462 1585 558 1643 nostri
574 1585 732 1664 temporis.
749 1585 827 1643 Nam
843 1585 868 1643 si
882 1585 909 1643 ei
931 1584 1082 1644 divinitus
1110 1582 1204 1641 debe-

200 1688 252 1740 tur
272 1680 449 1760 imperium,
475 1681 552 1739 nihil
574 1689 681 1740 contra
708 1682 887 1762 poterimus,
914 1682 1034 1740 etiamsi
1057 1681 1204 1741 velimus

200 1779 267 1837 Scis
280 1778 362 1837 enim
375 1779 483 1857 proavi
499 1779 544 1836 tui
560 1778 677 1836 dictum
694 1797 700 1838 :
719 1803 733 1833 «
751 1780 963 1839 Successorem
989 1799 1078 1838 suum
1102 1778 1208 1837 nullus

201 1875 325 1935 occidit.
344 1875 429 1934 »Sin
450 1875 562 1946 minus,
587 1876 652 1955 ipse
672 1884 781 1955 sponte
804 1876 868 1935 sine
895 1884 999 1935 nostra
1021 1875 1212 1934 crudelitate

200 1972 233 2030 in
256 1971 364 2030 fatales
391 1971 518 2052 laqueos
544 1972 697 2032 inciderit.
727 1973 816 2032 Adde
839 1973 923 2054 quod
949 1992 1011 2030 non
1040 1991 1208 2050 possumus

201 2088 287 2126 reum
307 2068 407 2128 facere
431 2090 522 2149 quem
549 2077 579 2128 et
600 2068 703 2128 nullus
732 2077 865 2141 accusat,
896 2077 938 2138 et,
964 2076 999 2128 ut
1019 2069 1086 2148 ipse
1114 2067 1206 2138 dicis,

201 2165 314 2223 milites
325 2172 438 2227 amant.
451 2165 570 2224 Deinde
583 2166 615 2224 in
631 2167 730 2225 causis
748 2166 917 2244 majestatis
938 2166 1004 2225 haec
1024 2173 1132 2224 natura
1145 2171 1206 2230 est,

201 2269 236 2321 ut
251 2262 415 2321 videantur
428 2262 491 2321 vim
506 2264 569 2342 pati
591 2263 683 2322 etiam
707 2262 819 2342 quibus
843 2263 1003 2342 probatur.
1031 2262 1096 2320 Scis
1122 2261 1207 2319 enini

111 2389 115 2399 ·
200 2360 266 2439 ipse
282 2359 356 2440 quid
373 2379 448 2419 avus
465 2366 538 2418 tuus
553 2359 728 2418 Hadrianus
749 2359 885 2418 dixerit:
908 2384 922 2414 a
946 2358 1079 2417 Misera*
1099 2357 1210 2416 condi-

200 2457 248 2516 cio
264 2441 496 2536 imperatorum,
511 2454 623 2535 quibus
638 2456 674 2514 de
690 2457 831 2515 affectata
847 2455 1010 2535 tyrannide
1023 2455 1081 2513 nisi
1097 2455 1210 2514 occisis

201 2575 262 2613 non
279 2559 382 2634 potest
399 2551 525 2613 credi.»
551 2551 625 2632 Ejus
649 2560 751 2612 autem
779 2553 953 2632 exemplum
976 2572 1091 2631 ponere
1110 2551 1207 2609 malui

201 2672 293 2730 quam
312 2649 493 2724 Domitiani,
510 2649 563 2729 'qui
581 2649 640 2708 hoc
656 2650 772 2728 primus
785 2648 898 2708 dixisse
911 2649 1020 2720 fertur.

231 2801 272 2851 ΙΨ
292 2799 353 2849 131
369 2812 376 2847 ε
394 2796 536 2849 Avidius
548 2796 693 2849 Cassius.
708 2798 744 2848 Ce
756 2797 861 2861 Syrien,
875 2799 920 2860 qui
936 2813 964 2846 se
981 2799 1080 2846 ilattait
1094 2799 1127 2846 de
1144 2799 1209 2844 des-

200 2862 300 2910 cendre
312 2862 348 2909 du
359 2860 501 2910 meurtrier
513 2860 546 2909 de
558 2860 648 2920 Cesar,
662 2875 691 2909 se
701 2862 835 2922 distingue
847 2861 914 2908 dans
924 2861 950 2908 la
960 2875 1053 2921 guerre
1063 2862 1156 2907 contre
1166 2859 1210 2908 les

148 2953 151 2960 ·
202 2923 314 2972 Parthes
325 2922 390 2986 (163)
398 2935 405 2982 3
414 2922 434 2969 il
442 2936 470 2970 se
480 2922 511 2970 fit
520 2924 670 2984 proclamer
680 2937 820 2984 empereur
829 2937 878 2984 par
889 2936 931 2969 ses
939 2922 1041 2983 legions
1053 2920 1117 2983 (175)
1127 2922 1172 2982 qui
1180 2922 1208 2969 le

202 2986 309 3034 tuerent
321 2984 387 3032 trois
399 2984 468 3031 mois
480 2983 567 3045 apres.
581 3011 610 3018 -
622 2985 723 3034 Patre
736 2999 743 3032 ι
757 2984 876 3031 Hadrian
889 2983 962 3031 avait
974 2982 1072 3044 adopte'
1085 2984 1207 3030 Antonin

201 3048 225 3095 le
248 3046 366 3094 Pieuxd
389 3045 527 3093 condition
551 3043 613 3106 qu'il
636 3045 789 3107 adopterait
810 3047 825 3092 a
849 3060 897 3093 son
921 3048 984 3093 tour
1008 3044 1206 3093 Marc-Aurele.

201 3145 231 3154 —
243 3116 422 3167 Moriouem
433 3115 476 3179 (de
487 3107 588 3178 μωρός),
600 3131 636 3163 un
645 3115 777 3164 imbeciie.
790 3143 820 3151 -
833 3115 1042 3165 Praecinctos.
1055 3114 1091 3162 Le
1101 3113 1210 3164 cinctus

202 3179 268 3227 etait
283 3194 318 3225 un
330 3179 468 3226 vttement
481 3177 574 3226 ancien
588 3179 642 3238 qui,
656 3178 671 3224 a
683 3177 707 3225 la
718 3177 861 3224 diiie'rence
877 3179 910 3224 de
925 3179 949 3224 la
966 3179 1036 3238 toga,
1048 3177 1152 3223 laissait
1166 3177 1208 3225 les

201 3241 264 3288 bras
277 3241 359 3287 libres
373 3242 400 3287 et
412 3253 445 3287 ne
456 3239 586 3297 couvrait,
598 3253 649 3299 que
658 3239 684 3286 la
698 3239 784 3301 partie
794 3239 937 3286 infe'rieure
950 3239 986 3285 du
998 3252 1086 3299 corps.
1101 3237 1209 3289 -Sol-

202 3301 339 3353 licitam.
353 3301 429 3349 Cette
441 3302 520 3349 lettre
532 3303 573 3348 est
583 3301 676 3360 noble;
691 3320 702 3343 «
716 3302 868 3362 cependant
879 3300 967 3347 Virus
979 3300 1053 3347 avait
1065 3301 1165 3359 raison,
1179 3304 1212 3349 et

201 3363 276 3412 l'avis
295 3361 358 3424 qu'il
375 3363 449 3411 avait
466 3361 554 3410 donne
573 3363 687 3423 exigeait
702 3364 779 3409 autre
796 3363 877 3409 chose
894 3376 946 3423 que
958 3364 1029 3409 cette
1042 3361 1208 3424 resignation

202 3426 342 3474 commode
355 3439 407 3472 aux
418 3424 541 3471 volentes
557 3424 592 3470 du
607 3424 657 3470 ciel
671 3443 682 3466 υ
698 3423 810 3486 (Duruy,
825 3423 858 3482 V,
876 3422 940 3532 md
953 3451 984 3458 —
997 3422 1124 3474 Misera
1136 3436 1210 3474 con-

203 3485 298 3536 dicio.
317 3486 354 3534 La
375 3485 461 3533 verite
485 3488 595 3546 estque
615 3485 812 3544 Marc-Aurele,
834 3505 845 3527 a
866 3499 896 3532 ce
940 3485 1012 3532 oethe
1032 3486 1160 3543 attendri‚
1176 3500 1212 3534 ce

203 3547 301 3597 Goethe
314 3548 435 3595 converti
448 3562 481 3594 au
491 3547 553 3594 bien
563 3566 574 3589 υ
588 3545 700 3608 (Renan,
713 3545 915 3607 Marc-Aurdle),
926 3547 991 3594 e'tait
1000 3561 1036 3593 un
1049 3547 1121 3594 doux
1132 3547 1209 3595 idea-

202 3611 263 3657 liste
281 3610 326 3670 qui
345 3610 418 3656 avait
436 3607 515 3656 laissi
531 3623 559 3655 se
574 3609 694 3656 relacher
707 3608 732 3655 le
745 3609 866 3670 principe
883 3609 916 3656 de
931 3606 1072 3656 l’autorite.
1091 3609 1209 3657 Avidius

203 3671 311 3720 Cassius
326 3671 350 3718 le
369 3671 450 3718 disait
467 3672 534 3717 dans
546 3684 598 3716 une
611 3671 644 3716 de
657 3685 700 3716 ses
714 3670 807 3717 lettres
824 3684 828 3717 :
844 3689 855 3712 α
870 3669 977 3718 Marcus
995 3672 1037 3718 est
1048 3685 1083 3717 un
1099 3670 1212 3718 homme

203 3734 236 3780 de
244 3733 321 3792 bien;
334 3733 473 3780 ildisserte
481 3746 528 3778 sur
534 3731 559 3778 la
565 3731 698 3778 cle'mence
712 3734 739 3778 et
749 3746 794 3778 sur
803 3730 888 3790 idme,
896 3732 971 3779 surle
981 3732 1053 3793 juste
1061 3736 1142 3780 etsur
1151 3731 1208 3780 l'in-

200 3795 282 3856 juste,
290 3796 317 3843 et
326 3795 345 3841 il
355 3795 388 3841 he
398 3807 480 3856 pense
490 3806 539 3854 pas
547 3792 595 3840 Ala
604 3792 771 3855 Republique
780 3812 801 3841 n.
814 3793 923 3840 Voirles
934 3795 1055 3842 versions
1064 3797 1108 3841 127
1117 3797 1144 3842 et
1152 3799 1209 3843 129.

623 3935 782 3988 -ua-
