2698 4242
237 157 296 216 35.
317 123 464 218 marma
480 159 615 217 causae
633 161 657 220 a
675 163 785 218 Rome
800 174 872 230 par
886 161 925 219 la
939 163 1094 219 batallle
1114 165 1162 226 du
1179 163 1241 220 lac
1332 141 1333 152 ³

631 249 854 306 Trasimene.
923 321 924 328 q

324 333 465 424 (Nuntiata
476 363 548 426 apud
561 363 755 411 Trasumenum
767 363 842 411 clade
856 363 885 412 in
900 361 969 412 Urbe
983 364 1155 437 trepidatur.)

178 473 224 540 4⁸
277 485 395 558 Romae,
416 485 454 546 ad
476 487 610 566 primum
630 487 772 546 nuntium
796 487 912 546 cladis*
934 487 1011 566 ejus,
1034 509 1103 546 cum
1124 487 1242 565 ingenti

238 590 354 642 terrore
373 604 408 642 ac
430 584 565 642 tumultu
588 604 756 643 concursus
771 584 877 664 populi
896 585 927 642 in
944 585 1044 644 forum
1065 592 1111 643 est
1129 586 1241 646 sactus.

239 679 408 749 Matronae,
440 701 535 758 vagae
566 701 621 759 per
648 682 724 752 vias,
764 702 843 760 quae
878 702 989 761 repens
1017 681 1119 740 clades
1150 681 1243 740 allata

238 798 357 856 quaeve
383 777 507 836 fortuna
532 779 684 837 exercitus
704 781 805 838 esset*
826 779 935 836 obvios
957 785 1196 857 percontantur;
1214 785 1246 837 et

237 893 319 945 cum,
348 874 519 953 frequentis
540 876 694 934 contionis
718 875 820 948 mod0,
844 876 934 935 turba
954 876 986 934 in
1010 875 1192 934 comitium*
1215 882 1245 935 et

237 971 354 1030 curiam
377 991 464 1030 versa
487 972 684 1050 magistratus
707 979 842 1044 vocaret,
871 973 1008 1042 tandem,
1035 971 1116 1030 haud
1145 973 1247 1031 mullo

234 1075 308 1126 ante
328 1067 401 1127 solis
420 1088 574 1140 occasum,
595 1069 783 1148 Pomponius
805 1077 928 1148 praetor,
956 1095 969 1123 a
992 1089 1106 1148 pugna,
1127 1069 1244 1148 inquit,
1333 1091 1334 1130 4

238 1185 347 1242 magna
367 1164 441 1224 victi
464 1185 579 1224 sumus.
602 1190 615 1219 »
640 1166 679 1224 Et
696 1186 882 1245 quamquam
907 1165 985 1224 nihil
1008 1166 1121 1224 certius
1146 1187 1183 1224 ex
1208 1187 1246 1224 eo
1333 1157 1334 1210 ἶ

140 1289 144 1297 ’
237 1268 285 1319 est
311 1260 461 1334 auditum,
496 1268 598 1320 tamen
628 1263 706 1320 alius
736 1262 774 1321 ab
805 1263 864 1322 elio
892 1263 1031 1342 impleti*
1055 1262 1242 1331 rumoribus,

237 1357 347 1416 domos
379 1358 516 1417 referunt
541 1359 699 1420 consulem
734 1379 803 1418 cum
831 1379 940 1438 magna
967 1366 1053 1438 parte
1082 1359 1243 1438 copiarum

237 1474 369 1529 caesum;
391 1475 549 1534 superesse
566 1476 692 1534 paucoS,
711 1462 765 1514 aut
785 1456 857 1534 luga
876 1456 988 1535 passim
1011 1477 1066 1535 per
1089 1456 1245 1514 Etruriam

238 1571 371 1630 sparsos,
385 1560 439 1610 aut
453 1561 558 1631 captos
571 1552 609 1610 ab
624 1553 722 1613 hoste.
741 1553 878 1625 Poster0,
892 1573 927 1611 ac
942 1551 1107 1631 deinceps*
1122 1552 1245 1631 aliquot

234 1648 357 1718 diebus,
378 1647 536 1728 adportas
558 1650 656 1728 major
674 1671 769 1728 prope
794 1649 957 1708 mulierum
985 1669 1076 1729 quam
1101 1649 1244 1707 virorum

238 1744 405 1804 mullitudo
420 1746 517 1815 stetit,
538 1754 590 1804 aut
610 1767 734 1804 suorum
754 1746 897 1826 aliquem,
919 1754 970 1804 aut
993 1746 1119 1804 nuntios
1136 1745 1246 1804 dehis

237 1843 420 1922 opperiens;
458 1843 845 1922 circumfundebanturque
890 1843 990 1902 obviis
1031 1843 1244 1915 sciscitantes,

238 1959 337 2019 neque
359 1939 461 2011 avelli,
480 1941 606 2020 utique*
629 1940 667 1999 ab
694 1941 785 2011 notis,
808 1941 987 2021 priusquam
1007 1940 1115 1998 ordine
1137 1940 1242 1998 omnia

238 2036 468 2115 inquisissent*,
488 2045 643 2115 poterant.
659 2038 732 2096 lnde
745 2039 846 2096 varios
862 2037 967 2096 vultus
982 2033 1247 2116 digredientium*

237 2133 275 2191 ab
285 2133 401 2192 nuntiis
409 2154 548 2192 cerneres
558 2136 579 2204 *,
595 2141 629 2193 ut
644 2135 754 2213 cuique
772 2135 849 2193 laeta
867 2141 921 2193 aut
936 2134 1036 2193 tristia
1054 2133 1244 2193 nuntiaban-

238 2237 299 2300 tur,
332 2229 580 2309 gratulantesque
610 2238 664 2289 aut
684 2231 880 2292 consolantes
905 2231 1107 2291 redeuntibus
1132 2230 1244 2289 domos

237 2327 452 2386 circumfusos.
491 2327 684 2386 Feminarum
717 2328 873 2407 praecipue
903 2323 1073 2406 etkg'audia
1106 2327 1242 2405 insignia
1334 2349 1335 2352 ¹

238 2432 335 2494 erant,
353 2431 383 2482 et
400 2423 512 2482 luctus.
1334 2411 1335 2414 ¹

269 2547 310 2596 Ν0
325 2547 368 2596 35
383 2561 388 2595 :
402 2546 522 2597 cladis.
537 2546 612 2595 Cette
626 2562 692 2609 page
707 2549 811 2596 estune
824 2547 870 2595 des
889 2548 948 2609 plus
965 2547 1135 2609 pathetiques
1152 2550 1180 2594 et
1197 2547 1249 2594 des

238 2610 298 2717 plus
310 2610 535 2718 pitxtffilslquqqdq
547 2609 993 2721 'fpppgliqi'quhlaEconspepration
1007 2613 1033 2656 et
1046 2608 1201 2718 l'atllegresse
1211 2610 1247 2705 de
1334 2635 1335 2638 =

264 2685 352 2726 ome„
449 2707 454 2727 ,
509 2685 558 2717 er
654 2708 660 2728 ,
707 2709 712 2718 .
801 2684 879 2720 sse.
916 2685 943 2718 es
958 2686 1066 2732 proposi
1081 2685 1140 2717 rons
1153 2685 1233 2717 secon

239 2734 325 2779 daircs
338 2734 382 2793 qui
401 2733 552 2840 dipendent
568 2731 629 2779 d'un
642 2733 751 2794 present
767 2733 916 2841 historique
933 2735 994 2780 sont
1011 2733 1026 2779 d
1043 2732 1196 2803 l'impariait
1208 2733 1247 2778 du

238 2795 392 2855 subjonctii,
403 2795 423 2841 si
445 2810 458 2840 a
468 2795 634 2855 proposition
644 2795 797 2842 secondaire
806 2795 869 2856 pree
886 2796 919 2842 de
929 2795 953 2842 le
964 2794 1071 2854 present
1082 2795 1244 2854 instorique3

238 2857 262 2903 lc
275 2856 383 2927 present
394 2857 428 2902 du
443 2856 591 2917 subj0nctil
601 2855 668 2904 n'est
679 2857 794 2919 regulier
805 2872 856 2918 que
867 2855 985 2918 lorsqu'il
998 2872 1015 2917 y
1027 2872 1041 2903 a
1053 2855 1121 2917 deja,
1134 2856 1201 2902 dans
1214 2870 1248 2902 cc

238 2933 283 2978 qui
299 2917 421 2978 precede,
444 2932 479 2964 un
502 2923 576 2965 autre
599 2919 707 2979 present
722 2918 881 2980 historique.
901 2945 928 2956 -
953 2917 1148 2967 Comitium:
1168 2917 1245 2978 place

239 2979 366 3026 cntouree
377 2978 454 3026 d'une
468 2980 597 3038 enceinte,
612 2983 734 3027 attenant
746 2995 779 3027 au
792 2981 880 3027 forum
892 2981 994 3028 romain
1008 2983 1035 3026 et
1052 2979 1155 3026 voisine
1173 2979 1205 3026 de
1219 2979 1245 3026 la
1264 3015 1268 3023 ,

239 3040 324 3100 curia,
339 3042 372 3088 od
383 3040 435 3088 l'on
448 3042 532 3089 tenait
544 3042 583 3089 les
594 3043 709 3089 comices
729 3034 890 3090 centuriatei
912 3045 940 3090 et
960 3043 994 3089 od
1014 3039 1066 3088 l¹on
1083 3041 1185 3101 jugeait
1204 3040 1247 3087 les

238 3104 341 3165 proces.
357 3129 383 3138 -
397 3102 544 3165 Impleii:
559 3104 683 3166 syllepse,
702 3118 730 3152 se
747 3107 872 3165 rapporte
892 3105 906 3151 d
923 3102 1002 3152 alius.
1022 3130 1053 3138 -
1069 3101 1244 3164 Deinceps

239 3165 274 3212 Ce
293 3168 350 3212 mot
377 3162 457 3212 s'unit
480 3166 656 3213 directement
672 3181 705 3212 au
723 3166 871 3222 substantii
891 3180 994 3213 comme
1009 3180 1045 3212 un
1071 3162 1243 3226 qualificatif.

239 3227 278 3274 Cs.
293 3241 324 3274 en
336 3225 492 3296 greca'qsfiig,
505 3253 534 3262 -
545 3226 666 3288 Utique
674 3230 824 3274 :surtout
835 3253 866 3264 -
876 3226 1103 3287 inquisiissent,
1116 3225 1243 3286 subjonc-

238 3298 273 3344 til
296 3298 328 3344 de
356 3296 509 3358 repetition.
538 3322 569 3332 -
596 3296 865 3359 Digredientium‚
893 3311 923 3344 ce
950 3297 1088 3358 participe,
1116 3295 1247 3358 employe

239 3359 490 3416 substantivement,
519 3359 599 3420 garde
623 3373 652 3407 sa
673 3359 857 3406 construction
872 3359 980 3406 verbale
996 3358 1040 3420 (ab
1064 3357 1187 3418 nuntiis).
1213 3383 1244 3394 -

239 3420 407 3476 Cerneres,
427 3420 574 3480 subj0nctif
593 3420 723 3481 potentiel
748 3420 881 3477 enoncant
894 3435 947 3467 une
970 3421 1050 3468 chose
1066 3419 1197 3480 supposde
1217 3421 1245 3467 et

249 3482 332 3529 iassae
358 3497 363 3530 ε
384 3497 418 3528 on
438 3483 523 3530 aurait
543 3498 577 3543 pu
593 3483 659 3530 voir.
672 3481 711 3529 Cf.
723 3482 747 3528 lu
760 3483 958 3530 consternation
976 3481 1120 3530 d'Athenes
1131 3481 1209 3542 apres
1219 3481 1245 3528 la

240 3499 347 3592 hutaille
364 3544 396 3590 (16
418 3543 553 3592 Charonte
575 3545 732 3606 (Lycurgue,
747 3545 838 3590 contre
861 3543 950 3591 Ldocr.
970 3548 1027 3606 39):
1046 3543 1108 3590 «On
1131 3544 1245 3604 pouvait

239 3607 299 3654 voir
312 3606 411 3653 devant
423 3605 525 3667 chaque
539 3609 614 3666 porto
631 3607 678 3652 des
694 3606 804 3652 lcmmcs
820 3606 910 3662 libres,
927 3605 1048 3668 sreppees
1065 3603 1247 3664 d'epouvante

240 3669 310 3716 etde
324 3669 533 3726 consternation,
547 3669 709 3714 demandant
720 3668 767 3714 dcs
779 3669 926 3724 nouvelles,
938 3667 1047 3714 lesunes
1058 3667 1091 3714 de
1101 3665 1245 3726 lancinari,

240 3731 279 3777 les
298 3733 386 3777 autres
407 3732 438 3776 de
459 3730 515 3776 leur
536 3731 606 3790 pere,
632 3729 748 3776 d'autres
771 3730 803 3775 dc
820 3729 891 3778 leurs
905 3729 998 3790 freres,
1015 3731 1042 3777 et
1062 3743 1089 3776 se
1106 3729 1244 3776 montrant

240 3793 307 3840 dans
320 3807 355 3838 un
369 3791 424 3839 ctat
434 3792 541 3852 indigne
553 3792 643 3838 d'clles
655 3792 725 3838 etde
737 3792 762 3837 lu
775 3790 828 3838 cite
843 3811 863 3840 n.

593 3902 595 3906 ’
673 3924 814 3976 -so-
