2658 4244
303 181 383 237 133.
404 181 679 238 Acclamations
695 183 742 238 du
759 180 872 238 senat
887 194 932 238 en
948 182 1137 239 t’honneur

513 269 761 326 d’Alexandre
777 268 938 327 Severess.

372 365 413 429 (In
426 365 519 414 senatu
531 365 737 413 acclamationes
749 365 780 412 de
790 365 946 414 Alexandro
959 363 1074 430 Severo.)
1123 405 1126 416 .

164 488 204 550 4⁰
260 497 305 556 Ex
319 498 414 556 actis*
431 498 534 558 Urbis.
560 498 663 556 Pridie
685 519 782 556 nonas
799 498 914 574 Maias,
937 519 1008 558 cum
1026 506 1150 557 senatus
1161 498 1226 557 fre·

221 615 318 673 quens
331 595 362 653 in
379 594 516 665 Curiam,
534 595 593 654 hoc
609 596 700 654 estin
710 594 807 653 aedem
816 595 1000 654 Concordiae
1015 595 1225 668 convenisset,

220 699 407 770 rogatusque
423 699 503 750 esset
517 693 660 751 Aurelius
680 692 854 752 Alexander
877 693 982 752 Caesar
1006 696 1165 770 Augustus
1192 675 1227 750 ut

219 787 427 862 concineret*,
448 809 482 847 ac
498 789 598 867 primo
614 797 795 862 recusasset,
820 790 904 870 quod
929 790 1021 848 sciret
1042 789 1080 848 de
1102 788 1226 848 honori·

220 883 275 942 hus
291 885 353 943 suis
366 885 530 963 agendum,
548 886 659 945 deinde
675 888 820 959 venisset,
834 886 1052 946 acclamatum:
1069 877 1227 963 «Auguste
1320 903 1321 956 ,

220 981 378 1061 innocens,
392 981 422 1040 di
438 989 467 1041 te
483 991 616 1043 servent.
629 983 990 1063 Alexanderimperator,
1003 983 1033 1040 di
1049 991 1078 1042 te
1089 989 1225 1041 servent.

221 1078 259 1137 Di
277 1085 308 1136 te
323 1079 412 1138 nobis
432 1079 594 1154 dederunt,
616 1080 647 1138 di
677 1089 871 1142 conservent.
898 1080 937 1138 Di
967 1089 997 1139 te
1019 1101 1057 1138 ex
1084 1079 1227 1138 manibus

221 1175 334 1255 impuri
349 1177 470 1256 tyranni
484 1179 664 1257 eripuerunt
672 1179 694 1250 *,
716 1179 747 1236 di
770 1184 966 1258 perpetuent.
982 1177 1108 1235 Infamis
1128 1177 1228 1255 impe-

221 1279 305 1330 rator
329 1274 387 1332 rite
413 1273 588 1333 damnatus.
617 1274 733 1332 Felices
755 1295 812 1333 nos
838 1275 986 1354 imperio*
1014 1281 1079 1348 tue,
1105 1272 1227 1331 felicem
1320 1279 1321 1330 Ῑ

221 1369 453 1448 rempublicam.
487 1370 612 1429 lnlamis
643 1392 722 1429 unco
749 1378 866 1429 tractus
898 1377 945 1429 est
977 1369 1014 1428 ad
1052 1369 1227 1448 exemplum

221 1464 350 1526 timoris.
368 1467 557 1526 Luxuriosus
572 1469 740 1546 imperator
751 1468 821 1549 jure
836 1467 963 1547 punitus
976 1475 1031 1526 est.
1047 1466 1087 1524 Di
1102 1467 1229 1524 immor·
1320 1485 1321 1504 ³

221 1563 297 1622 tales
316 1563 491 1623 Alexandro
519 1566 614 1624 vitam
630 1565 766 1645 :judicia
791 1565 918 1623 deorum
943 1565 1015 1623 hinc
1034 1571 1226 1644 apparent.»
1320 1553 1321 1608 ἕ

222 1659 261 1718 Et
294 1681 365 1719 cum
396 1661 507 1738 egisset
539 1663 652 1740 gratias
690 1661 874 1733 Alexander,
915 1661 1117 1720 acclamatum
1144 1667 1191 1718 est
1219 1677 1226 1720 τ
1320 1675 1321 1678 ’

225 1781 237 1811 x
255 1757 411 1816 Antonine
426 1756 610 1830 Alexander,
628 1759 659 1816 di
675 1766 704 1817 te
718 1765 851 1819 servent.
875 1758 1033 1817 Antonine
1052 1757 1171 1829 Aureli,
1197 1757 1227 1814 di
1320 1741 1321 1750 ἵ

222 1863 251 1912 te
269 1861 402 1914 servent.
417 1856 575 1914 Antonine
600 1856 664 1928 Pie,
683 1855 714 1913 di
735 1863 765 1914 te
787 1862 920 1915 servent.
941 1855 1093 1914 Antonini
1114 1873 1228 1912 nomen

222 1951 353 2030 accipias
368 1973 523 2030 rogamus.
541 1952 577 2010 ln
592 1960 622 2011 te
638 1953 731 2026 salus,
755 1953 788 2011 in
807 1959 838 2011 te
861 1952 934 2010 vita.
959 1953 1088 2010 Sacrum
1103 1968 1227 2008 ‘nomen
1320 1939 1321 1944 ἵ

222 2055 359 2106 sacratus
373 2049 514 2128 accipiat.
533 2049 569 2106 ln
585 2056 615 2108 te
644 2051 758 2124 omnia,
786 2069 841 2128 per
864 2056 894 2108 te
916 2050 1031 2121 omnia,
1054 2049 1228 2118 Antonine,

223 2145 381 2203 habemus.
421 2145 459 2204 Et
493 2153 563 2225 post
594 2146 831 2205 acclamationes
873 2146 1016 2204 Aurelius
1052 2143 1231 2203 Alexander
1320 2203 1321 2208 ,

223 2232 328 2292 Caesar
338 2234 496 2312 Augustus
514 2252 520 2293 :
540 2259 554 2288 «
576 2233 697 2293 Gratias
714 2234 812 2307 vobis,
837 2235 943 2293 Patres
961 2233 1140 2312 conscripti,
1165 2253 1230 2290 non
1320 2235 1321 2318 l

224 2351 305 2388 nunc
319 2331 465 2409 primum,
481 2333 533 2389 sed
550 2337 580 2389 et
596 2331 634 2388 de
655 2331 830 2389 Caesariano
846 2331 971 2389 nomine
987 2330 1067 2389 etde
1083 2330 1147 2388 vita
1165 2349 1229 2386 ser·
1320 2319 1321 2338 ³

223 2434 294 2485 vata
308 2434 339 2485 et
352 2428 485 2504 Augusti
506 2427 629 2486 nomine
648 2427 765 2499 addit0,
783 2427 860 2486 etde
879 2428 1063 2506 pontificatu
1080 2426 1230 2498 maxime,

223 2521 313 2582 etde
336 2524 500 2583 tribunicia
523 2532 675 2603 potestate
698 2532 728 2583 et
743 2524 955 2604 proconsulari
979 2525 1136 2603 imperio:
1159 2545 1232 2603 quae

223 2621 325 2679 omnia
340 2641 422 2680 novo
438 2621 578 2700 exemplo
590 2641 651 2679 uno
668 2621 716 2680 die
732 2621 764 2679 in
780 2643 828 2680 me
844 2621 1020 2680 contulistis
1039 2645 1064 2682 n,
1320 2609 1321 2612 ¹

252 2771 283 2820 N
285 2780 293 2799 ⁰
307 2769 370 2820 133
382 2783 389 2819 :
399 2769 726 2820 Alexandre-Severe
737 2770 871 2834 (aaa-235).
881 2770 1053 2833 Heliogabale
1061 2771 1137 2819 vient
1144 2769 1232 2819 d'etre
1320 2783 1321 2824 ᾗ

222 2833 356 2879 assassine
367 2835 393 2880 et
403 2831 532 2893 J'ctddans
549 2834 573 2878 le
587 2833 680 2892 Tibre;
702 2833 741 2880 les
760 2833 862 2880 soldats
877 2837 925 2880 ont
939 2833 1074 2895 proclama
1088 2847 1233 2894 empereur
1320 2839 1321 2898 ζ

223 2908 271 2940 son
288 2895 382 2941 cousin
396 2894 546 2940 Alexandra
561 2894 659 2941 detre
672 2895 717 2955 qui
731 2895 804 2942 avait
818 2895 878 2956 deja
893 2909 955 2952 recu
969 2895 994 2942 le
1010 2895 1072 2941 titre
1085 2895 1118 2940 de
1136 2894 1229 2942 Ce'sar.

223 2956 257 3002 Le
268 2955 350 3002 senat
361 2969 430 3002 voue
441 2957 456 3002 a
467 2954 592 3002 lintamie
603 2956 628 3002 la
638 2956 765 3002 memoire
774 2955 982 3017 d'Heliogabale.
992 2959 1019 3004 et
1029 2959 1093 3002 veut
1103 2969 1232 3017 marquer
1320 2967 1321 3014 ξ

222 3031 326 3078 perses
343 3017 533 3064 acclamations
551 3033 601 3078 que
618 3016 708 3080 l'orgie
724 3019 852 3065 orientale
867 3022 909 3065 est
928 3018 998 3066 finie.
1021 3045 1047 3052 -
1066 3016 1172 3067 Actis.
1188 3017 1230 3064 On
1320 3021 1321 3072 l

222 3080 327 3140 appelle
345 3079 403 3126 acta
418 3080 465 3126 des
480 3083 566 3127 sortes
582 3081 615 3127 de
626 3080 761 3141 jcurnaux
782 3081 816 3127 ou
836 3080 937 3127 e'taient
954 3079 1095 3141 rapporte's
1106 3080 1146 3125 les
1166 3080 1231 3126 faits

223 3140 422 3202 remarquablcs
435 3144 462 3188 et
481 3142 514 3188 de
534 3144 628 3189 nature
646 3143 661 3188 d
677 3142 822 3189 intdrcsser
837 3141 862 3188 le
879 3141 978 3202 public,
998 3141 1144 3201 accomplis
1161 3141 1232 3188 dans
1320 3137 1321 3184 l

223 3203 248 3249 la
265 3203 327 3250 ville
343 3205 375 3250 de
394 3203 476 3250 Rome
502 3204 561 3249 acta
578 3201 683 3264 populi,
704 3205 762 3250 acta
779 3203 887 3261 diurna,
902 3201 1022 3264 publica,
1046 3200 1170 3263 urbana).
1192 3203 1230 3250 La
1320 3213 1321 3260 l

223 3263 360 3312 redaction
375 3268 401 3312 et
417 3265 442 3312 la
459 3279 495 3326 pu
516 3264 624 3311 lication
642 3265 675 3310 de
692 3279 737 3310 ces
754 3268 827 3311 actes
846 3265 886 3311 fut
902 3278 971 3324 pour
987 3264 1012 3310 la
1029 3263 1161 3323 premiere
1177 3265 1230 3311 sois
1320 3273 1321 3308 ὲ

223 3327 426 3388 regulierement
438 3326 576 3388 organisde
592 3340 641 3387 par
652 3326 666 3372 J
670 3325 726 3372 ules
739 3325 828 3384 Ce'sar,
847 3340 879 3372 cn
892 3327 978 3372 meme
995 3328 1082 3386 temps
1096 3340 1148 3387 que
1162 3327 1230 3374 celle
1320 3363 1321 3372 ,

222 3391 270 3436 des
289 3389 348 3434 acta
366 3389 474 3435 senatus
495 3388 734 3450 (proces-verbaux
751 3388 861 3435 officials
881 3388 928 3434 des
950 3387 1059 3434 seances
1082 3387 1118 3434 du
1140 3387 1229 3448 senat)
1320 3391 1321 3404 ³

222 3449 267 3508 qui
279 3449 395 3496 forment
405 3465 456 3497 une
472 3454 546 3498 autre
558 3449 690 3510 categorie
704 3448 797 3497 d'aeta.
812 3449 861 3497 Les
872 3451 929 3496 aeta
936 3448 1048 3511 publica
1059 3449 1230 3498 einhrassent
1320 3461 1321 3501 l

222 3523 254 3560 en
273 3509 379 3570 ge'ne'ral
396 3513 462 3558 trois
479 3513 577 3559 classes
595 3513 628 3558 de
646 3512 708 3558 faits
727 3526 732 3558 :
749 3516 773 3558 1⁰
785 3511 823 3559 les
836 3509 943 3559 affaires
958 3511 1100 3572 publiques
1114 3512 1188 3588 lsaits
1202 3514 1229 3559 et
1320 3513 1321 3568 l

221 3574 310 3632 gestes
324 3572 356 3618 de
370 3574 467 3632 grands
485 3588 673 3634 personnages,
688 3574 791 3634 proces,
810 3574 955 3637 discours);
974 3579 998 3619 2⁰
1011 3587 1073 3619 sous
1089 3571 1157 3620 l'hm
1179 3574 1228 3632 ire,
1320 3589 1321 3600 ³

220 3634 259 3680 les
273 3634 335 3681 faits
353 3634 455 3681 relatit's
468 3635 482 3680 a
497 3634 521 3680 la
533 3635 636 3680 maison
653 3636 805 3696 inrpe'riale3
822 3641 846 3682 3υ
859 3637 897 3683 les
915 3637 977 3683 faits
995 3635 1092 3682 divers.
1112 3661 1141 3668 -
1185 3635 1229 3685 ri·
1320 3657 1321 3686 i

244 3698 371 3750 uerunt.
394 3695 566 3755 Heliogabale
590 3698 663 3743 avait
682 3698 777 3758 cssaye
793 3699 925 3759 plusieurs
946 3699 996 3744 sois
1014 3698 1046 3743 dc
1065 3696 1090 3742 le
1109 3699 1177 3745 tuer.
1198 3723 1230 3732 -

220 3708 504 3864 {mperimAiffiuste
518 3756 605 3803 s'etait
617 3759 666 3804 fait
676 3759 798 3806 conterar
810 3760 969 3868 llegalppnenp
980 3760 1069 3806 toutes
1081 3758 1120 3805 les
1132 3760 1229 3821 magis·
1320 3769 1321 3796 1

235 3833 261 3864 ra
277 3833 338 3865 ures
351 3833 416 3880 repu
447 3832 560 3878 rcaines;
577 3833 804 3867 sessuccesseurs
833 3835 878 3866 imi
909 3835 977 3868 ren.

647 3945 803 3993 —134-
