2698 4234
167 171 256 254 398.ρ
269 176 429 252 Respect
442 176 509 231 des
520 165 696 232 Romains
711 188 803 244 pour
817 177 874 232 les
887 187 1062 252 augures.

194 285 310 348 (Quanta
322 287 473 335 reuerentia
486 302 674 352 suosaugures
687 287 799 336 Romani
808 287 946 350 prosecuti
957 287 1033 351 sint.)

157 391 256 450 Multa
270 413 305 450 cx
321 393 492 472 sibyllinis*
509 393 794 466 vaticinationibus,
810 394 906 453 multa
928 415 965 453 ex
980 393 1123 472 haruspi-
1140 383 1181 448 2⁰
1333 399 1334 472 l

118 508 189 544 cum
209 490 367 568 responsis
384 511 634 552 ,commemorare
651 512 790 570 possum,
813 491 929 571 quibus
953 511 991 562 ca
1005 491 1132 557 confir,
1333 499 1334 504 ’

119 592 251 657 meatur,
268 587 568 666 quaedubianemini
578 587 691 648 debent
703 609 780 648 esse.
797 588 893 668 Atqui
905 595 939 647 et
946 595 1126 646 nostrorum

18 747 19 751 ἵ
118 701 268 759 augurum
285 690 316 741 et
331 684 532 742 Etruscorum
549 683 747 765 haruspicum
772 684 979 765 disciplinam,
1000 685 1034 744 P.
1058 683 1124 756 Sci-

119 776 221 854 pione,
243 778 279 842 C.
298 780 407 857 Figulo
422 781 613 852 consulibus,
631 781 698 861 ipsa
713 802 761 840 res
776 781 942 861 probavit:
959 802 1036 861 quos
1052 801 1123 855 cum

117 871 151 932 T.
170 873 338 948 Gracchus
357 877 465 936 consul
481 877 593 936 iterum
613 881 762 952 crearet*,
779 877 898 958 primus
922 867 1124 956 rogator*,'ut

117 989 169 1027 cos
177 973 306 1046 rettulit,
317 973 430 1033 ibidem
443 982 489 1039 est
499 981 624 1054 repente
635 982 787 1036 mortuus
800 974 958 1036 Gracchus
967 996 1036 1034 cum
1046 974 1124 1051 nihi·

118 1065 250 1128 lominus
264 1071 388 1128 comitia
401 1072 580 1151 peregisset,
597 1074 742 1152 remque*
763 1071 846 1131 illam
870 1072 902 1130 in
922 1071 1124 1150 religionem*

117 1163 232 1247 populo
247 1167 369 1226 venisse
385 1169 522 1250 sentiret,
541 1169 583 1238 ad,
595 1175 734 1227 senatum
750 1168 881 1245 rettulit.
900 1169 1031 1229 Senatus
1044 1165 1123 1248 quos

15 1337 17 1343 Ι
117 1259 176 1316 ad*
190 1264 303 1322 soleret
316 1250 510 1322 referendum
525 1265 654 1334 censuit.
672 1265 859 1346 Haruspices
871 1257 1043 1346 introducti
1060 1285 1123 1323 res·

117 1356 1121 1442 ponderuntnonfuissejustum*comitiorumrogatorem*.Tum
1165 1344 1171 1361 ¹
1204 1401 1206 1404 ψ

15 1449 17 1456 '
117 1452 285 1526 Gracchus
301 1457 446 1517 incensus
457 1459 501 1517 ira
517 1477 524 1518 τ
538 1483 552 1513 «
569 1459 655 1518 Itane
669 1480 741 1516 vero
752 1460 785 1516 *2²
798 1459 862 1537 Ego
874 1479 936 1517 non
945 1458 1058 1540 justus,
1069 1444 1122 1540 qui

25 1623 26 1630 ἵ
116 1557 147 1608 et
161 1555 269 1613 consul
284 1556 402 1634 rogari,
420 1563 451 1615 et
464 1559 592 1635 augur*,
605 1564 636 1614 et
646 1557 849 1636 auspicato*‘l
863 1558 931 1616 An*
945 1576 1012 1626 VOS,
1029 1554 1122 1613 Tusci

117 1667 152 1706 ac
172 1649 323 1725 barbari*,
348 1653 576 1732 auspiciorum*
598 1653 705 1732 populi
727 1652 859 1712 Romani
883 1653 935 1733 jus
964 1649 1123 1734 tenetisvct

118 1745 301 1826 interpretes
319 1755 384 1808 esse
400 1735 598 1810 comitiorum
624 1750 774 1829 potestis?
793 1775 806 1804 u
827 1751 935 1830 ltaque
964 1756 1029 1808 tum
1053 1748 1122 1833 illos

15 1837 26 1916 .
116 1842 198 1901 exire
207 1843 310 1925 jussit.
328 1848 402 1906 Post
422 1854 523 1905 autem
537 1867 552 1904 e
568 1847 730 1925 provincia
746 1847 865 1906 litteras
883 1846 921 1906 ad
940 1845 1123 1924 collegium*

117 1939 200 1997 misit
226 1963 268 2017 sc,
291 1965 361 2003 cum
375 1944 489 2022 legeret
503 1944 630 2016 libros*,
652 1943 847 2002 recordatum
869 1964 946 2015 esse,
967 1942 1044 2001 vitio
1064 1941 1122 2000 sibi

117 2036 497 2119 tabernaculum*captum
511 2041 616 2112 luisse,
634 2041 729 2120 quod,
742 2061 813 2099 cum
822 2039 996 2120 pomerium
1012 2040 1123 2104 intras·

15 2135 16 2138 ’
116 2137 191 2206 set*,
205 2134 337 2195 habendi
354 2145 477 2196 senatus
495 2158 597 2209 causa,
610 2139 640 2195 in
652 2136 821 2208 redeund0,
837 2158 905 2195 cum
921 2137 1002 2194 idem
1017 2156 1122 2216 pome-

15 2230 22 2236 ”
116 2231 195 2289 rium
206 2235 361 2307 transiret,
375 2235 528 2313 auspicari
540 2243 619 2292 esset
630 2234 759 2308 oblitus;
775 2235 879 2314 itaque
891 2234 967 2292 vitio
983 2235 1121 2294 creatos*

115 2329 257 2389 consules
285 2352 362 2392 esse.
389 2334 532 2408 Augures
563 2331 689 2402 remed
716 2333 895 2404 senatum*;
919 2337 1055 2403 senatus,
1088 2336 1124 2390 ut

115 2425 317 2503 abdicarent*
333 2428 489 2498 consules;
513 2427 746 2490 abdicaverunt.

146 2541 187 2590 Νο
200 2539 267 2593 398
288 2555 294 2592 :
308 2541 487 2604 Sibyllinis.
499 2541 602 2590 Voirle
621 2541 728 2590 version
752 2542 806 2590 tol.
828 2569 859 2576 -
874 2540 1020 2601 crearet,
1038 2540 1123 2589 sedit

15 2613 20 2644 μ
115 2601 151 2648 du
163 2604 303 2665 magistrat
315 2605 360 2666 qui
372 2603 478 2665 prtside
490 2604 529 2652 lcs
542 2604 667 2653 cornices.
681 2631 711 2640 —
728 2601 888 2666 Rogator.
902 2602 938 2649 Le
957 2602 1069 2665 roqelor
1081 2605 1123 2653 est

115 2664 150 2710 ici
164 2665 233 2713 celui
245 2667 290 2728 qui
308 2669 415 2728 compte
430 2667 468 2714 les
484 2666 548 2714 voix
565 2667 597 2712 de
618 2679 647 2712 sa
664 2667 784 2714 centurie
796 2667 824 2712 et
836 2664 946 2726 indique
965 2663 1070 2727 (refert)
1089 2679 1123 2712 au

113 2725 252 2786 president
268 2728 316 2777 des
330 2729 445 2775 comices
462 2742 530 2789 pour
548 2727 594 2789 qui
613 2727 675 2775 s'est
695 2726 814 2774 declare'e
828 2725 996 2787 lamajorite.
1015 2725 1123 2774 Primus

115 2788 224 2860 indique
240 2788 305 2851 qu'il
323 2789 399 2852 s'agit
416 2790 452 2837 du
477 2791 588 2852 rogator
607 2790 641 2836 dc
657 2790 682 2836 la
699 2789 819 2836 centuria
833 2787 1034 2852 praerogativa.
1055 2788 1124 2835 Voir

113 2864 187 2898 aussi
197 2852 304 2899 version
317 2854 370 2899 224.
383 2878 410 2888 —
422 2852 513 2910 Rem,
527 2850 592 2899 c'est
605 2850 630 2898 la
647 2853 718 2898 mort
727 2851 763 2898 du
774 2852 894 2913 rogator.
909 2849 950 2897 On
963 2850 1015 2897 sait
1025 2849 1123 2911 qu'une

15 2933 19 2964 ,²
113 2915 194 2974 mort,
210 2927 263 2962 unc
277 2915 385 2974 altaque
399 2911 554 2976 d'epilepsie
567 2911 688 2976 (morbus
707 2911 869 2974 comitialis),
882 2927 919 2959 un
933 2926 1002 2973 coup
1016 2912 1048 2958 de
1061 2914 1123 2958 ton-

113 2988 200 3033 nerre,
214 2977 265 3024 etc.
279 2975 406 3024 viciaient
416 2975 455 3024 les
468 2975 597 3023 electione
615 2976 642 3021 et
659 2974 840 3022 entrainaient
851 2975 876 3020 la
890 2974 986 3021 nuilite*
999 2974 1045 3020 des
1057 2973 1122 3034 ope—

114 3035 217 3084 rations
234 3037 391 3085 electoreles
407 3036 482 3100 (vitio
500 3036 626 3098 creatus).
648 3061 674 3072 ·-
693 3035 906 3099 Religionem,
927 3036 946 3082 il
964 3035 1041 3143 s'agit
1059 3035 1121 3081 d‘un

112 3099 383 3161 scrupulercligieux.
395 3125 423 3136 -
435 3099 521 3161 Quos
533 3097 586 3158 ad,
600 3098 769 3158 anastrophe,
782 3112 851 3160 pour
862 3097 896 3144 ad
907 3111 975 3160 quos
988 3096 995 3158 l
1018 3095 1123 3158 aruspi-

112 3158 176 3222 ces).
196 3187 227 3196 -
245 3161 388 3219 austum,
401 3175 431 3209 ce
447 3161 493 3223 qui
513 3162 554 3208 est
575 3159 720 3217 conforme,
740 3159 808 3207 celui
823 3159 869 3221 qui
889 3173 917 3206 se
936 3159 1072 3208 conforme
1088 3173 1122 3205 au
1221 3187 1226 3194 ·

112 3221 202 3271 rituel.
222 3249 254 3258 —
270 3223 487 3284 Rogatorem:
509 3221 656 3269 Gracchus.
675 3221 810 3271 -Itane
829 3232 917 3278 vcro,
934 3234 1123 3268 commeneus

112 3282 216 3332 dirions
227 3297 233 3333 :
244 3303 255 3328 u
265 3284 359 3344 eboni,
369 3284 513 3332 vraiment!
525 3302 536 3326 u
546 3283 644 3346 (surun
653 3281 824 3345 tonindigne)
832 3309 863 3316 —
871 3281 996 3345 Augur,
1006 3295 1037 3329 en
1045 3284 1122 3330 vertu

111 3346 162 3392 des
179 3345 298 3410 auspicia
315 3345 431 3408 privata,
449 3360 501 3408 que
522 3345 593 3392 seuls
611 3345 649 3392 les
668 3345 814 3406 patriciens
833 3345 980 3406 pcuvuient
998 3344 1121 3405 prendre,

111 3409 347 3518 inteligi*
363 3405 1122 3520 *iil*{titt}*stilicidiaticinum?
1213 3428 1215 3436 '

112 3559 145 3566 -
157 3530 217 3591 An,
231 3486 333 3604 oiipos't
345 3532 360 3580 d
374 3483 496 3580 ilanei-
508 3506 661 3581 Barbari.
674 3531 723 3578 Les
737 3484 872 3588 Ronidins,
885 3530 939 3593 tres
947 3503 1123 3590 respectueui
1219 3575 1222 3583 ,

112 3595 162 3642 des
174 3593 307 3643 decisions
317 3595 365 3642 des
377 3608 499 3656 augures,
510 3592 643 3640 n'avaient
653 3591 749 3653 qu‘une
761 3592 894 3639 mediocre
907 3591 1043 3639 confiance
1055 3591 1122 3640 dans

111 3655 140 3702 la
157 3656 281 3705 sinceritt
295 3658 344 3704 des
360 3655 525 3718 haruspices.
546 3655 582 3703 Ils
597 3654 756 3702 semblaient
772 3653 894 3702 craindre
911 3668 962 3714 que
973 3654 1011 3700 lcs
1028 3653 1123 3713 harus·

112 3717 188 3778 pices
198 3732 232 3765 nc
242 3718 401 3766 voulussent
409 3732 517 3780 renger,
529 3731 577 3778 peu·
587 3717 620 3763 de
631 3715 744 3778 perfides
755 3715 878 3776 consefls,
891 3713 1078 3762 l'humiliation
1089 3715 1122 3760 de

114 3780 173 3824 leur
198 3781 293 3841 patrie,
316 3780 464 3841 subjugute
487 3794 536 3842 par
553 3779 645 3826 Rome.
671 3805 700 3812 -
725 3777 788 3826 Jus
815 3776 1046 3838 auspiciorum.
1073 3776 1122 3822 Les

113 3841 267 3902 magistrats
285 3843 356 3890 seuls
369 3845 417 3890 ont
437 3857 466 3889 ce
483 3841 562 3889 droit.
576 3867 606 3877 -
622 3838 809 3901 Collegium,
823 3853 844 3886 s.
859 3841 913 3886 ent.
933 3851 1079 3903 augurum.
1093 3863 1107 3872 -

546 3979 573 3990 -
598 3948 646 3999 401
668 3979 702 3987 -
