2756 4238
205 174 290 232 257.
311 177 493 233 comment
512 179 650 233 Verres
667 177 899 244 s’acqutttatt
919 178 963 232 de
980 189 1042 233 ses
1056 177 1213 234 devoirs

556 266 601 320 de
614 277 856 334 gouverueur.

352 385 499 450 (Quomodo
517 387 611 434 Verres
620 387 753 450 praefecti
765 385 865 449 officiis
875 386 986 449 functus
1001 385 1058 451 m.)

149 595 193 660 4⁸
247 599 307 658 lste
319 597 486 679 imperator
497 599 603 657 urbem
616 599 782 678 Syracusas
791 600 803 624 *
812 598 957 676 elegerat,
969 597 1058 677 cujus
1074 597 1124 657 hic
1133 597 1213 657 situs

206 704 299 776 atque
327 695 391 754 haec
418 703 526 755 natura
551 717 616 755 esse
642 696 701 755 loci
728 695 855 773 caelique
886 694 1029 766 dicitur*,
1054 701 1088 753 ut
1108 695 1212 754 nullus

133 819 135 822 ·
206 813 351 874 umquam
367 793 431 851 dies
446 800 509 850 tam
525 814 633 870 magna
645 792 885 872 turbulentaque
903 798 1087 870 tempestate
1104 791 1208 864 fuerit,

207 891 280 970 quin
294 890 397 970 aliquo
411 896 547 968 tempore
559 890 624 969 ejus
640 890 701 948 diei
719 890 815 948 solem
834 889 974 947 homines
987 887 1133 947 viderint.
1151 888 1209 947 llic

206 987 249 1046 ita
263 987 388 1046 vivebat
401 986 537 1045 hibernis
552 987 707 1045 mensibus
720 995 753 1045 ut
764 1006 834 1044 eum
848 1007 909 1044 non
921 985 1021 1057 facile,
1037 1005 1098 1042 non
1115 985 1211 1043 modo

207 1091 292 1142 extra
303 1090 431 1155 tectum,
449 1084 500 1142 sed
518 1104 554 1141 ne
576 1092 661 1142 extra
676 1084 789 1143 lectum
805 1082 930 1162 quidem
945 1067 1109 1161 quisquam
1126 1081 1215 1139 vide-

207 1187 264 1238 ret.
276 1179 354 1239 Cum
371 1187 472 1238 autem
489 1201 544 1238 ver
558 1201 622 1238 esse
633 1188 769 1260 coeperat
783 1179 884 1259 (cujus
906 1177 1028 1237 initium
1046 1179 1108 1237 iste
1120 1199 1181 1237 non
1196 1199 1213 1237 a

209 1277 475 1356 llavonio*neque
494 1278 531 1336 ab
553 1277 657 1358 aliquo
673 1286 756 1336 astro
778 1276 921 1350 notabat;
944 1276 996 1334 sed
1018 1296 1088 1334 cum
1109 1296 1211 1334 rosam
1264 1319 1270 1328 .

208 1375 337 1447 viderat,
363 1382 428 1433 tum
445 1375 581 1454 incipere
604 1395 657 1432 ver
680 1373 910 1453 arbitrabatur),
937 1373 1029 1431 dabat
1058 1394 1089 1432 se
1114 1372 1213 1431 labori

208 1479 300 1551 atque
313 1471 474 1530 itineribus
486 1491 492 1542 ;
506 1471 536 1528 in
548 1472 661 1549 quibus
673 1492 769 1550 usque
779 1491 814 1528 eo
828 1493 860 1529 se
873 1471 1030 1549 praebebat
1046 1470 1213 1549 patientem

208 1576 300 1648 atque
315 1569 493 1647 impigrum,
506 1575 539 1627 ut
558 1589 627 1627 eum
646 1589 735 1626 nemo
751 1589 896 1648 umquam
910 1568 941 1625 in
959 1589 1039 1646 equo
1055 1568 1213 1626 sedentem

209 1665 360 1726 videret*.
388 1666 478 1736 Nam,
504 1673 625 1724 ulmos
652 1666 710 1723 luit
733 1665 895 1743 Bithyniae
920 1665 1056 1741 regibus,
1087 1664 1215 1722 lectica*

209 1762 380 1841 octophoro
404 1762 572 1834 ferebatur,
602 1750 633 1830 in
659 1783 719 1840 qua
751 1761 896 1840 pulvinus
927 1768 992 1820 erat
1023 1760 1213 1840 perlucidus,

208 1859 362 1918 melitensi
375 1880 445 1918 rosa
457 1859 588 1933 fartus*;
608 1860 672 1938 ipse
688 1867 789 1917 autem
803 1879 948 1917 coronam
971 1858 1102 1944 habebat
1121 1878 1213 1916 unam

209 1957 369 2035 incapite,
400 1955 526 2014 alteram
548 1957 579 2014 in
596 1955 690 2029 collo;
714 1956 962 2034 reticulumque*
987 1955 1024 2013 ad
1050 1975 1139 2013 nares
1157 1954 1214 2012 sibi

209 2053 404 2125 admovebat,
434 2053 615 2111 tenuissimo
644 2053 719 2124 lino,
754 2052 883 2111 minutis
913 2053 1051 2123 maculis,
1088 2051 1213 2130 plenum

208 2170 306 2209 rosae.
336 2150 385 2208 Sic
411 2150 552 2208 conlecto
576 2151 717 2222 itinere*,
742 2170 810 2208 cum
840 2149 878 2208 ad
903 2149 1029 2229 aliquod
1065 2149 1213 2227 oppidum

209 2254 346 2317 venerat,
363 2247 467 2305 eadem
482 2247 590 2305 lectica
610 2267 706 2326 usque
724 2246 755 2304 in
778 2246 955 2305 cubiculum
974 2245 1170 2304 deserebatur
1183 2254 1215 2304 et

210 2343 240 2402 in
256 2344 407 2402 conviviis
422 2343 622 2403 muliebribus
641 2363 709 2402 cum
731 2343 847 2422 pallio*
868 2363 1024 2423 purpureo
1041 2341 1213 2422 talarique*

209 2441 315 2500 tunica
327 2440 517 2502 versabatur.
1259 2431 1262 2439 ¹

241 2620 282 2669 111ο
302 2618 367 2668 257
384 2617 599 2680 :Syracusas
626 2615 737 2664 Ciceron
759 2615 792 2664 l'a
813 2615 915 2665 decrite
938 2631 971 2664 en
994 2616 1075 2664 detail
1098 2617 1164 2663 dans
1188 2617 1214 2664 le

205 2680 242 2729 de
255 2680 355 2744 Siquis,
374 2684 401 2726 52
415 2683 442 2726 et
457 2684 494 2726 53.
513 2706 542 2714 —
555 2678 693 2728 Dicitur.
716 2677 838 2739 seneque
855 2678 972 2740 (Censet.
990 2679 1005 2726 d
1020 2679 1111 2734 Marc,
1131 2679 1170 2740 tt)
1186 2680 1214 2726 et

210 2741 284 2790 Pline
297 2741 381 2789 l'Anc.
395 2741 440 2804 (ll,
454 2742 492 2796 621
506 2742 553 2788 ont
564 2741 643 2788 vante
662 2755 709 2787 son
721 2741 819 2787 climat.
833 2767 862 2774 -
876 2739 1029 2790 Favonio.
1044 2740 1083 2788 Cl.
1099 2740 1213 2799 Horace,

210 2803 269 2860 Od.,
288 2805 307 2863 1,
328 2807 350 2864 l,
374 2809 385 2850 1
404 2802 544 2850 :Solvitur
563 2801 633 2849 acris
651 2802 735 2848 hieme
753 2804 832 2865 91010
844 2801 899 2849 uice
917 2801 988 2849 ueris
1003 2803 1027 2848 et
1049 2801 1164 2859 Favoni3
1187 2805 1215 2848 et

208 2867 312 2914 Catulle
326 2866 373 2927 (ol,
387 2863 441 2926 282)
456 2866 548 2911 :Aura
556 2863 631 2925 parit
643 2865 723 2934 (tores
737 2862 820 2926 tepidi
831 2861 948 2922 fecunda
958 2863 1106 2910 111001112-
1116 2863 1214 2912 Vide·
1255 2890 1257 2894 ·

209 2931 270 2977 ret.
284 2927 394 2975 Ciceron
408 2926 485 2972 laisse
496 2927 580 2972 croire
594 2941 629 2972 un
642 2928 806 2986 instantque
820 2924 918 2971 Verres
931 2926 1020 2972 laisait
1032 2940 1074 2972 ses
1089 2924 1214 2972 tournees

209 2990 225 3037 11
237 2990 299 3051 pied
313 3004 318 3037 :
333 3003 362 3035 ce
376 2988 421 3050 qui
433 3002 465 3034 va
478 2989 572 3034 rendre
586 2988 645 3048 plus
657 2988 785 3048 piquante
797 2987 821 3034 la
839 2987 1004 3048 description
1023 2988 1055 3034 de
1073 2986 1097 3033 lu
1115 2987 1211 3034 littere.

211 3077 239 3086 —
252 3049 397 3100 Lectica.
412 3049 432 3096 11
445 3064 463 3110 y
476 3050 548 3095 avait
557 3050 626 3096 deux
637 3053 722 3097 sortes
735 3051 767 3096 de
776 3049 876 3096 litieres
890 3049 930 3096 :la
941 3049 1016 3108 setta,
1028 3063 1062 3094 ou
1076 3049 1212 3106 cathedra,

209 3115 245 3160 011
258 3111 309 3159 l'on
323 3111 389 3158 e'tait
401 3111 468 3158 assis
481 3114 509 3158 et
522 3112 567 3172 qui
581 3111 646 3158 etait
657 3111 748 3173 portes
762 3125 814 3218 gar
831 3110 900 3157 deux
916 3109 1037 3156 hom-mes
1048 3125 1054 3169 ;
1067 3110 1091 3156 la
1111 3109 1212 3168 lectica,

210 3175 245 3222 ou
259 3173 311 3221 l'on
323 3173 388 3220 etan
401 3171 511 3233 coucbd,
525 3173 607 3234 etqui
622 3173 686 3220 etuit
698 3175 760 3234 port
778 3187 791 3218 e
805 3186 853 3233 par
872 3172 911 3218 six
924 3186 957 3219 011
977 3172 1035 3218 111111
1052 3171 1163 3218 eslaves.
1184 3198 1211 3206 -

211 3237 342 3293 Fartus,
354 3235 389 3281 de
397 3233 491 3295 sarcio.
508 3261 537 3268 -
550 3235 748 3294 Reticulum,
762 3249 796 3280 un
810 3233 874 3293 filet,
886 3248 921 3280 un
932 3233 1025 3280 sacliet
1037 3248 1105 3293 pour
1117 3236 1214 3280 mettre

210 3299 258 3345 des
272 3299 376 3344 odeurs.
392 3323 419 3331 —
435 3295 577 3345 Itinere:
596 3297 725 3356 ironique.
744 3322 773 3330 —
791 3287 907 3344 Pallio.
928 3296 961 3340 Le
979 3295 1087 3355 pallium
1107 3295 1172 3342 dtait
1189 3293 1214 3340 le

210 3362 334 3406 manteau
346 3373 414 3419 grec.
425 3359 473 3404 Les
488 3358 613 3406 Roniains
630 3357 828 3404 consideruient
838 3371 940 3404 comme
954 3372 989 3402 un
1002 3356 1171 3403 ddshonneur
1182 3357 1215 3402 de

210 3424 302 3483 poster
310 3421 333 3466 le
342 3423 461 3466 costume
470 3420 611 3466 desautres
620 3419 734 3466 nations.
743 3447 769 3453 —
782 3418 905 3468 Talari.
914 3419 949 3464 Lu
959 3419 1069 3478 tunique
1080 3418 1217 3465 ordinaire

210 3497 243 3529 ue
253 3483 408 3528 descendait
418 3496 469 3542 que
480 3481 622 3542 jusqu'aux
635 3494 738 3542 genoux
747 3483 774 3527 et
785 3479 884 3527 n‘allait
892 3495 940 3542 pas
946 3479 1087 3541 jusqu'aux
1100 3481 1213 3529 coudes:

210 3545 260 3592 elle
272 3559 298 3590 se
311 3543 412 3605 portait
424 3558 486 3590 sous
501 3543 525 3589 la
541 3546 609 3604 toge.
628 3543 663 3589 La
679 3541 770 3589 tunica
793 3541 887 3589 talaris
905 3542 1060 3588 descendait
1071 3541 1213 3602 jusqu'aux

210 3607 297 3654 talons
311 3608 337 3652 et
348 3605 421 3651 allait
429 3604 572 3665 jusqu'aux
584 3606 715 3665 poignets.
730 3604 785 3650 Elle
800 3604 842 3651 tut
855 3603 948 3664 portee
961 3605 1007 3649 des
1020 3603 1044 3649 la
1059 3604 1118 3664 plus
1131 3604 1213 3650 haute

210 3666 341 3728 antiquitt
351 3681 399 3727 par
412 3667 449 3712 les
461 3666 530 3712 deux
540 3681 618 3712 sexes
638 3666 703 3712 dans
716 3665 754 3712 les
771 3665 888 3718 colonies
902 3665 1048 3711 ioniennes.
1063 3665 1112 3712 Les
1129 3665 1215 3712 Grecs

210 3730 235 3777 la
251 3728 389 3797 porterent
404 3727 643 3790 jusqu'dl'epoque
658 3727 690 3774 de
709 3727 894 3786 Pericles31es
916 3725 1043 3772 Romains
1060 3740 1092 3773 ne
1112 3725 1214 3786 l'adop·
1287 3724 1290 3728 ’

211 3792 299 3838 terent
308 3803 414 3851 Jamms.

632 3929 788 3979 -260-
