2664 4234
434 147 519 206 497.
536 143 697 206 neantes
712 149 757 205 de
770 148 812 206 la
830 145 1009 206 ortation.

511 253 557 316 (De
566 252 774 317 pulchritudine
786 253 937 316 creatura.)

167 379 210 443 4⁶
264 375 487 435 Pulcliritudo*
510 384 541 436 et
562 377 679 436 utilitas
703 384 851 437 creaturae
875 398 938 457 quo
962 397 1104 436 sermone
1126 377 1241 434 termi-

223 472 289 531 nari
306 475 430 552 potest?
451 474 482 532 in
498 474 563 532 caeli
582 482 613 533 et
629 482 717 534 terrae
735 482 765 533 et
782 475 875 533 maris
890 473 1073 533 multimoda
1089 481 1123 532 et
1146 475 1240 531 varia

222 569 463 650 pulchritudine,
483 571 513 629 in
530 571 626 650 ipsius
643 571 719 630 lucis
736 578 823 630 tanta
839 571 928 650 copia
949 578 1074 651 tamque
1094 569 1238 629 mirabili

223 665 335 746 specie,
347 667 377 724 in
389 668 452 725 sole
467 689 502 726 ac
517 667 588 726 luna
605 675 635 726 et
650 667 813 740 sideribus,
827 668 859 726 in
879 667 1109 748 opacitatibus*
1125 687 1239 726 nemo-

223 784 301 834 rum,
327 763 359 821 in
384 764 539 823 coloribus
561 771 592 823 et
617 765 763 824 odoribus
783 765 906 838 ssorum,
930 764 962 822 in
983 763 1167 822 diversitate
1197 783 1239 821 ac

223 859 421 918 multitudine
439 861 599 920 volucrum
615 861 805 940 garrularum
823 869 916 940 atque
927 861 1092 940 pictarum,
1104 861 1138 919 in
1152 859 1237 919 mul-

224 956 339 1016 tiformi
354 958 453 1037 specie
472 965 517 1017 tot
534 964 750 1038 tantorumque
774 958 1009 1031 animantium*,
1025 978 1163 1037 quorum
1178 957 1235 1015 illa

223 1053 293 1133 plus
312 1054 426 1114 babent
441 1055 651 1113 admirationis
670 1075 738 1136 quae
760 1055 849 1113 molis
870 1055 1063 1126 minimum*,
1083 1053 1115 1112 in
1131 1053 1235 1133 ipsius

223 1172 346 1231 quoque
367 1153 458 1210 maris
481 1161 542 1210 tam
569 1152 676 1230 grandi
702 1152 887 1232 spectacul0,
913 1173 984 1210 cum
1008 1171 1073 1210 sese
1096 1150 1234 1209 diversis

223 1249 378 1306 coloribus
393 1249 504 1322 induit,
522 1250 606 1307 velut
616 1249 764 1320 vestibus,
780 1256 811 1307 et
825 1247 991 1329 aliquando
1006 1249 1117 1319 viride,
1136 1255 1234 1327 atque

223 1344 282 1404 hoc
297 1346 401 1404 multis
415 1346 524 1417 modis,
542 1347 707 1425 aliquando
725 1366 924 1426 purpureum,
939 1345 1108 1424 aliquando
1123 1365 1235 1404 caeru-

223 1442 327 1500 leum*
348 1450 404 1501 est.
436 1443 532 1510 Quam
560 1464 652 1522 porro
681 1442 904 1501 delectabiliter
935 1449 1106 1522 spectatur,
1137 1441 1231 1500 etiam

223 1539 479 1618 quandocumque
500 1540 650 1611 turbatur,
673 1547 704 1598 et
723 1540 758 1598 fit
777 1541 849 1598 inde
871 1540 970 1619 major
989 1539 1138 1610 suavitaS,
1158 1539 1232 1618 quia

223 1637 266 1695 sic
284 1637 438 1696 demulcet
458 1638 641 1712 intuentem,
659 1645 693 1695 ut
709 1657 771 1695 non
782 1637 881 1717 jactet
897 1644 927 1695 et
946 1636 1065 1716 quatiat
1082 1635 1232 1714 navigan-

222 1736 302 1792 tem!
330 1733 426 1800 Quum
446 1741 530 1811 grata
554 1733 734 1792 vicissitudo
765 1732 825 1792 diei
850 1733 1029 1792 alternantis
1057 1739 1087 1790 et
1107 1733 1230 1792 noctis!

223 1833 375 1888 Aurarum
388 1851 479 1910 quam
497 1831 609 1890 blanda
629 1831 792 1910 temperies
806 1833 813 1890 l
830 1830 867 1888 ln
880 1829 1045 1889 fruticibus
1063 1836 1094 1888 et
1109 1830 1232 1909 pecori-

222 1925 280 1984 bus
315 1925 566 1985 indumentorum
604 1928 864 1986 conficiendorum
895 1934 1009 2007 quanta
1045 1927 1230 1985 materies*l

223 2023 333 2083 Omnia
346 2044 583 2084 commemorare
606 2025 673 2104 quis
692 2025 813 2104 possit?
829 2025 903 2083 Haec
918 2032 1020 2083 autem
1037 2023 1113 2095 sola,
1132 2044 1201 2102 quae
1215 2043 1231 2080 a

206 2141 271 2182 ¹me
293 2120 432 2180 velutin
454 2122 617 2203 quemdam
641 2142 782 2200 aggerem
805 2128 877 2179 sunt
898 2125 1045 2192 coartata,
1068 2121 1093 2178 si
1118 2121 1231 2178 vellem

221 2217 306 2276 velut
325 2217 466 2295 colligata
488 2211 647 2277 involucra
669 2219 787 2277 solvere
810 2226 901 2297 atque
927 2217 1091 2288 disc-utere,
1115 2225 1232 2295 quanta

222 2316 298 2376 mihi
314 2336 398 2374 mora
419 2322 499 2374 osset
517 2315 549 2373 in
569 2315 708 2393 singulis,
726 2315 838 2394 quibus
860 2314 991 2394 plurima
1008 2315 1230 2373 continentur!

253 2510 293 2559 N⁹
305 2510 372 2561 497
386 2525 392 2559 :
407 2507 631 2560 Pulchnltudo.
644 2508 682 2558 cf.
697 2523 762 2557 aveo
777 2523 782 2555 :
795 2507 915 2566 ciceron,
930 2507 961 2555 de
974 2507 1080 2562 Natura
1093 2509 1180 2566 deon,
1197 2510 1230 2570 ll,

221 2577 251 2618 ³2
264 2586 337 2633 sqq.;
354 2572 495 2629 antance,
511 2570 652 2633 l'tluoraqo
667 2571 698 2618 do
719 2569 797 2628 Dieu,
815 2570 944 2632 premiere
959 2570 1102 2630 chapitres,
1121 2574 1231 2620 surtout

222 2634 255 2681 de
266 2635 304 2680 td
318 2638 339 2693 7,
350 2648 395 2680 sur
405 2631 571 2694 l‘organisme
585 2633 707 2692 humeln,
721 2633 791 2679 saint
804 2632 912 2689 Hilaire,
925 2631 956 2678 de
967 2631 990 2679 la
1006 2631 1117 2690 Triuitd,
1125 2633 1196 2680 livre
1207 2635 1231 2692 l;

221 2696 259 2743 les
272 2697 439 2742 Heuameron
452 2695 484 2740 de
498 2695 567 2741 saint
579 2695 674 2751 Basile,
691 2695 724 2740 de
742 2695 812 2740 saint
825 2693 976 2751 Ambroise,
992 2694 1061 2740 etde
1074 2695 1146 2741 saint
1164 2695 1232 2742 Grc'-

239 2758 295 2804 oire
308 2758 340 2804 de
354 2757 494 2812 Nazianze3
508 2761 534 2802 et
545 2756 568 2802 le
585 2755 673 2802 l'raite'
684 2755 714 2802 de
726 2753 885 2802 l'Enistcnoe
896 2755 928 2802 de
940 2755 1004 2802 Dieu
1016 2755 1048 2802 de
1063 2755 1191 2803 Fdnclon.
1202 2785 1232 2792 -

221 2774 466 2881 {multatibus
485 2818 648 2878 llemarquer
665 2817 781 2878 l'emploi
797 2832 855 2864 rare
871 2817 933 2862 chez
947 2817 986 2863 les
1004 2816 1160 2878 classiqucs,
1174 2819 1231 2866 fre-

221 2884 306 2945 quent
331 2881 394 2927 chez
417 2880 455 2926 les
471 2878 604 2926 ecrivnins
623 2879 797 2940 postericurs,
816 2879 863 2924 des
883 2881 954 2925 mols
974 2878 1102 2926 abstraits
1121 2881 1173 2926 mis
1194 2896 1230 2927 au

221 2943 327 3006 pluriel.
344 2967 370 2976 —
383 2939 616 2990 Animantium.
636 2939 803 2999 Animantes,
817 2955 850 2986 au
870 2939 988 2997 feminin,
1009 2940 1111 3001 signifie
1122 2942 1161 2986 los
1174 2945 1232 2989 ani-

221 3017 311 3063 maux3
325 3001 481 3060 animantia,
496 3017 528 3048 nu
543 3006 644 3059 neutra,
659 3002 762 3063 signifie
780 3002 818 3048 les
838 3003 907 3048 etres
924 3003 1039 3058 vivants,
1053 3003 1181 3049 animaux
1195 3019 1231 3050 ou

240 3067 335 3113 lantes.
356 3063 486 3110 Animans
497 3067 538 3110 est
550 3064 677 3110 masculin
691 3065 757 3110 dans
769 3064 792 3110 le
806 3076 867 3110 sens
884 3063 917 3109 de
935 3064 991 3110 etre
1008 3064 1189 3110 raisonnable.
1203 3093 1230 3099 -

220 3082 401 3177 bidinimum.
413 3125 486 3172 Pline
495 3123 616 3172 l'Ancien
632 3126 704 3172 avait
716 3125 775 3184 <teja
788 3125 890 3172 ditcela
900 3139 931 3170 en
941 3125 1046 3186 parlant
1055 3127 1102 3172 des
1111 3125 1232 3172 insectes

221 3189 277 3252 (XI,
289 3191 312 3250 1)
323 3203 328 3236 :
344 3207 355 3231 α
367 3201 460 3234 rerum
470 3188 566 3234 natura
576 3202 708 3249 nusquam
720 3186 805 3248 maqis
816 3200 898 3248 quam
909 3185 937 3232 in
951 3185 1067 3234 minimis
1083 3189 1137 3233 tota
1150 3189 1189 3234 cst
1208 3209 1229 3235 u.

187 3271 192 3281 ,
220 3249 464 3300 -Caeruleum
479 3249 644 3310 Remarquer
661 3263 712 3309 que
722 3249 793 3295 saint
806 3248 939 3308 Augustin
951 3251 991 3295 est
1008 3251 1116 3296 surtout
1134 3249 1231 3310 frappc'

220 3313 268 3360 des
281 3311 405 3359 couleurs
422 3313 454 3358 de
469 3311 494 3358 la
508 3326 572 3368 mer,
586 3313 614 3357 et
628 3311 699 3358 saint
717 3308 860 3357 Ambroise
879 3310 911 3356 de
931 3324 979 3356 son
998 3310 1136 3356 harmonia
1152 3314 1180 3358 ct
1196 3312 1230 3358 do

219 3387 263 3422 ses
289 3373 421 3422 sonoritas
443 3371 630 3434 (Heuameron,
648 3372 696 3428 lll,
717 3371 773 3432 21):
789 3389 800 3412 α
822 3371 905 3427 Quam
925 3370 1012 3418 dulcis
1032 3385 1124 3430 sonus,
1145 3387 1228 3434 quam

215 3435 359 3499 jucundus
372 3433 478 3498 fragor,
493 3449 574 3496 qnam
586 3435 664 3496 qanta
677 3434 703 3480 et
715 3446 830 3480 consona
844 3431 985 3480 resultatio
1004 3434 1040 3480 l...
1056 3433 1123 3479 Cum
1141 3434 1229 3481 unda-

219 3510 283 3544 rum
300 3496 397 3544 leniter
415 3495 578 3545 alluentium
590 3509 657 3542 sono
667 3495 772 3541 certant
791 3493 1080 3556 cantuspsailentium,
1091 3495 1230 3556 plaudunt

220 3557 324 3606 insulae
347 3557 499 3622 tranquillo
517 3557 650 3620 fluctuum
666 3557 820 3603 sanctorum
840 3555 931 3611 choro,
958 3555 1052 3617 hymni
1071 3558 1227 3604 sanctorum

216 3621 366 3685 personant
381 3639 401 3668 u.
418 3647 445 3656 -
459 3620 592 3680 Quanta
602 3617 766 3667 materies.
779 3615 895 3663 Lucrece
906 3616 949 3678 (V,
962 3620 1016 3680 231)
1028 3619 1055 3664 et
1069 3617 1144 3666 Pline
1156 3617 1229 3665 l'An-

218 3681 561 3789 oien(Vll,12constntont
577 3681 603 3727 la
617 3681 702 3726 meme
720 3679 813 3735 chose;
832 3678 906 3738 mais,
921 3693 991 3738 pour
1005 3693 1122 3740 prouver
1139 3694 1191 3740 que
1203 3680 1229 3727 la

219 3749 313 3802 nature
327 3758 341 3791 a
353 3744 380 3790 e‘t
408 3758 460 3790 une
471 3745 586 3790 maratre
599 3756 667 3803 pour
679 3738 810 3787 l'homme.

644 3899 802 3948 -500-
