2664 4234
466 89 551 146 495.
570 88 756 147 Bienfatts
775 90 820 145 de
838 88 1002 158 l'Eglise.

489 175 569 237 (Quot
580 178 606 224 et
619 179 721 240 quanta
733 174 829 236 fecerit
841 175 980 236 Ecclesia.)

176 263 219 327 4θ
273 261 319 322 Τυ
348 262 509 342 pueriliter
537 280 659 343 pueros,
686 264 807 322 sortiter
835 264 978 344 juvenes,
1004 263 1110 342 quiete
1141 283 1244 332 senes,

165 406 168 411 .
233 364 327 439 prout
348 359 499 440 cujusque
524 381 585 420 non
605 362 742 441 corporis
763 369 895 432 tantum,
912 361 963 419 sed
989 367 1020 419 et
1045 360 1141 418 animi
1168 366 1246 418 aetas
1324 373 1325 418 1

233 461 290 529 est,
307 460 449 517 exerces*
466 479 501 518 ac
520 458 622 519 doces,
641 459 687 518 Tu
705 459 834 518 seminas
849 459 924 516 viris
942 458 1016 529 suis,
1033 457 1071 515 ad
1088 457 1133 515 rei
1152 457 1243 515 sarni-

232 551 315 612 liaris
334 554 524 626 societatem,
538 564 621 615 casta
638 563 670 614 et
692 556 772 614 fideli
798 554 985 614 oboedientia
1009 553 1170 632 subjicis*.
1195 553 1240 610 Tu
1324 543 1325 578 l

233 649 316 708 viros
325 649 520 729 conjugibus,
535 673 596 710 non
609 653 647 712 ad
661 652 851 711 illudendum
869 651 1099 710 imbecilliorem
1118 671 1240 722 sexum,

233 746 287 805 sed
308 746 418 805 sinceri
436 749 548 806 amoris
570 749 689 826 legibus
713 749 872 830 praeficis*.
896 749 942 808 Tu
957 747 1140 828 parentibus
1159 747 1242 805 tilios

232 842 328 902 libera
339 845 469 924 quadarn
484 846 632 904 servitute
642 847 813 926 subjungis
831 852 972 926 parentes
991 845 1062 902 filiis
1075 844 1128 923 pia
1141 843 1240 904 domi·

233 939 1240 1021 mefflmsstfflfflmmmmfflmwmffl

232 1036 367 1097 firmiore
382 1046 473 1117 atque
491 1040 604 1098 artiore
622 1061 713 1120 quam
732 1040 891 1118 sanguinis
907 1039 1034 1098 nectis*.
1050 1037 1098 1096 Tu
1113 1057 1239 1096 omnem

232 1133 353 1210 generis
368 1137 630 1216 propinquitatem
648 1145 679 1195 et
695 1137 874 1195 affinitatis*
887 1135 1159 1205 necessitudinem,
1176 1153 1241 1192 ser·

234 1231 313 1290 vatis
328 1236 465 1292 naturae*
482 1234 715 1314 voluntatisque
731 1234 871 1304 nexibus
893 1239 999 1291 mutua
1018 1231 1148 1290 caritate
1167 1250 1241 1290 con·

233 1328 369 1407 stringis.
389 1330 434 1387 Tu
453 1329 586 1389 dominis
603 1352 719 1404 servos,
733 1351 794 1390 non
816 1337 876 1389 tarn
895 1329 1087 1389 condicionis
1107 1327 1240 1386 necessi-

235 1431 308 1496 tate,
320 1446 412 1505 quam
428 1427 520 1485 officii
537 1428 740 1487 delectatione
756 1429 848 1487 doces
856 1426 1020 1486 adhaerere.
1038 1427 1084 1484 Tu
1096 1423 1241 1483 dominos

233 1520 1237 1594 mmmmmDmmmmmmDmmwmfflme

234 1618 398 1698 placabiles
415 1628 445 1678 et
464 1621 502 1679 ad
520 1622 743 1680 consulendum
763 1643 855 1702 quam
879 1620 1083 1680 coercendum
1104 1638 1241 1699 propen-

233 1710 1239 1809 mmbfflfihmwwfflmsfflmwmffimfflmmmn

233 1813 373 1871 homines
392 1815 561 1892 primorum
580 1825 742 1895 parentum
765 1817 989 1886 recordatione,
1007 1835 1069 1873 non
1089 1812 1238 1872 societate

232 1916 364 1983 tantum,
390 1911 443 1969 sed
462 1913 592 1991 quadam
614 1913 704 1972 etiarn
728 1912 919 1973 fraternitate
940 1911 1115 1991 conjungis.
1136 1909 1238 1969 Doces
1324 1901 1325 1908 ἵ

232 2006 1239 2090 ᾞωμψηωῳωωωωωῳωωπωΜΜἾῴ-

232 2104 301 2164 bus.
318 2103 436 2173 Quibus
453 2105 552 2164 honor
570 2107 727 2179 debeatur,
743 2107 855 2186 quibus
869 2107 1007 2180 allectus,
1024 2105 1138 2184 quibus
1153 2120 1239 2162 reve·

231 2201 342 2275 rentia,
355 2201 466 2282 quibus
477 2203 581 2270 timor,
595 2203 708 2283 quibus
723 2204 894 2290 consolatio
907 2203 1013 2263 sedulo
1022 2201 1240 2273 doces‚osten-

233 2298 308 2358 dens
320 2299 585 2378 quemadmodum
606 2307 637 2359 et
656 2300 798 2360 omnibus
818 2302 941 2374 coritae,
956 2306 985 2359 et
1005 2297 1083 2359 nulli
1102 2297 1237 2358 debeatu

232 2388 377 2476 injuria*.

263 2488 304 2538 ΙΨ
314 2489 397 2538 495:
411 2488 556 2538 Exerces
564 2500 606 2540 ac
613 2489 720 2540 doces.
732 2491 854 2540 Allusion
865 2505 916 2540 aux
930 2491 1002 2540 deux
1010 2489 1140 2540 elements
1149 2503 1239 2539 essen-

231 2549 293 2598 tiels
301 2550 334 2598 de
342 2551 365 2596 ln
372 2549 482 2611 religion
489 2550 643 2599 chrdtienne
650 2567 656 2600 :
663 2552 731 2600 lafoi
737 2554 765 2601 et
771 2553 810 2601 les
819 2566 932 2601 oeuvres.
939 2579 967 2588 -
975 2550 1129 2615 subjicis.
1139 2551 1237 2602 Onsait

232 2611 1238 2678 essentquelsscandaleuxdesordres(grecenuxlneilitesqueleurdonnait
1324 2651 1325 2670 1

231 2672 257 2720 le
265 2673 384 2734 divorce)
393 2673 1013 2724 s'etaientabandonneesleslemmesromaines
1023 2677 1070 2724 des
1078 2676 1102 2724 le
1115 2685 1146 2722 10¹
1157 2675 1238 2724 siecle
1324 2679 1325 2738 Ϊ

232 2736 314 2784 avant
331 2735 401 2783 J.-C.
420 2735 486 2782 Voir
502 2750 535 2784 au
556 2735 661 2799 lexique
679 2737 703 2785 le
721 2741 778 2786 mot
797 2737 952 2786 divortium.
968 2763 998 2774 -
1014 2735 1183 2788 Praefleis.
1197 2737 1236 2786 Cl.
1324 2739 1325 2748 ¹

152 2831 154 2836 .
232 2795 387 2856 tertullien,
401 2796 435 2844 ad
446 2796 567 2858 Uxorem,
581 2797 641 2858 11,9
659 2813 665 2847 ε
681 2797 791 2847 «Ambo
803 2798 912 2860 fratres,
925 2797 1004 2847 ambo
1016 2797 1147 2858 conservi,
1161 2798 1239 2846 nnita
1324 2845 1325 2860 1

231 2856 691 2969 {tiittimiditatis(
703 2859 1238 2970 {iuttantt‘ittttttttttttt

230 2957 556 3043 delinepubuqu’e.-A
596 2937 1239 3092 nitatisvoiraulexitpuecopnatnsoeNatu·

230 3055 301 3094 rae.
315 3041 480 3104 Remarquer
490 3047 620 3106 pourtant
634 3059 685 3107 que
701 3044 858 3093 l'nscetrsme
872 3047 899 3092 et
921 3043 1023 3093 'amour
1038 3045 1108 3093 dela
1121 3045 1238 3093 solitude

231 3107 299 3154 vont
309 3108 402 3153 contre
412 3119 457 3154 ces
469 3107 622 3155 tendances.
635 3133 666 3142 -
679 3106 785 3156 Facis.
806 3107 847 3154 Un
864 3107 911 3154 des
922 3108 984 3168 plus
999 3108 1098 3168 grands
1109 3107 1238 3155 bienfaits

232 3167 265 3214 de
276 3166 382 3240 l'nglise
394 3169 437 3215 est
443 3167 545 3216 d'avoir
560 3168 648 3216 releve
660 3168 699 3240 les
712 3170 838 3227 esclaves,
847 3170 885 3216 les
894 3169 1025 3244 humbles.
1036 3169 1139 3216 d'avoir
1147 3169 1238 3277 appris
1324 3197 1325 3250 ἐ

231 3243 284 3276 aux
293 3229 381 3277 riches
393 3230 421 3278 et
430 3243 483 3278 aux
494 3230 593 3341 grands
601 3230 616 3277 d
625 3230 664 3278 les
675 3244 761 3302 almer
770 3232 824 3302 etna
833 3231 872 3279 les
882 3232 1036 3302 considerer
1048 3244 1153 3302 comme
1176 3245 1238 3279 eurs
1324 3263 1325 3267 =

232 3289 325 3354 egaux.
337 3290 419 3341 -Se
429 3293 491 3342 suh
515 3302 578 3342 ere.
595 3311 606 3335 n
620 3291 656 3339 Le
669 3293 865 3340 chnstranrsme
879 3307 923 3354 qur
936 3294 1073 3364 npportart
1089 3306 1122 3339 au
1138 3293 1237 3340 monde

230 3351 353 3416 l'e'gnlite‚
372 3367 405 3401 ne
428 3353 572 3402 combatut
593 3355 672 3415 point
694 3354 731 3401 les
759 3355 904 3402 tendances
925 3354 1146 3416 aristocratiques
1163 3355 1198 3402 de
1213 3354 1237 3402 la

232 3412 342 3463 occidte.
356 3413 406 3464 Les
418 3429 571 3476 empereurs
583 3415 718 3466 ehrdtiens
730 3419 792 3463 sont
804 3417 851 3464 des
862 3416 941 3464 dieux
952 3431 997 3464 sur
1007 3417 1085 3475 terre,
1098 3415 1163 3463 bien
1176 3416 1237 3478 plus

231 3489 284 3587 pue
303 3490 336 3524 ne
353 3476 479 3524 l'avaient
498 3475 541 3525 ete
558 3477 598 3524 les
614 3491 768 3587 empereurs
784 3479 878 3539 paiens
892 3498 903 3522 n
917 3479 1030 3542 (Duruy,
1046 3477 1105 3536 Vll,
1121 3477 1188 3540 183).
1208 3504 1238 3513 -

248 3537 369 3600 njurta.
381 3537 420 3586 Cl.
430 3538 454 3585 le
458 3540 598 3600 jugement
607 3539 654 3586 sev
672 3553 700 3586 re
709 3539 742 3586 de
751 3538 845 3602 Duruy
854 3539 925 3602 (VII,
935 3538 990 3602 539)
1002 3554 1008 3589 :
1020 3558 1031 3582 ιι
1042 3538 1079 3587 Le
1087 3539 1144 3586 rble
1154 3539 1237 3588 social

232 3600 265 3646 de
281 3599 386 3660 l'Eglise
405 3613 438 3646 ne
453 3614 637 3649 commencera
653 3601 731 3663 qu'au
749 3601 926 3664 moyen-Age,
948 3601 1097 3664 lorsqu'elle
1115 3601 1237 3649 revendi-

233 3674 323 3721 quera,
335 3673 367 3705 au
381 3660 470 3707 milieu
484 3661 516 3708 de
532 3661 558 3708 ln
570 3661 694 3709 barbarie
711 3660 823 3722 leodale‚
837 3663 875 3710 les
888 3663 972 3710 droits
989 3663 1022 3710 de
1039 3660 1153 3724 l'esprit‚
1168 3663 1237 3711 lors-

232 3718 470 3827 pujelleuopposera
482 3722 506 3768 la
515 3723 614 3782 justice
627 3723 680 3794 ila
689 3723 770 3783 force,
781 3723 880 3772 l'etude
890 3725 905 3772 a
917 3723 1085 3786 l‘ignorunce‚
1094 3723 1121 3772 la
1133 3723 1239 3772 charite

259 3780 395 3841 legorsnre
407 3780 441 3827 de
457 3781 575 3830 brutales
587 3797 718 3844 passione.
730 3802 742 3828 n

655 3858 806 3911 »498-
