2664 4234
377 125 461 182 473.
477 127 613 183 Prooes
628 128 673 183 de
684 129 718 185 (1.
736 127 869 184 Furius
879 125 1066 190 Crestuue.

359 235 397 300 (C.
409 237 508 286 Furius
520 234 647 288 Cratinus
660 255 716 288 aare
728 241 800 304 apud
805 241 937 304 populum
951 240 1092 303 defendit.)

168 369 210 432 4⁰
265 382 392 460 Nequeo
415 381 486 437 mihi
511 384 701 460 temperare*
724 382 889 461 quominus
926 404 1020 442 unum
1050 382 1225 464 exemplum

224 477 416 556 antiquitatis
432 479 564 548 alleram,
578 498 615 536 ex
626 499 687 557 quo
702 478 841 556 intellegi
855 481 963 558 possit,
980 480 1060 558 apud
1078 480 1227 559 populum

225 575 314 631 etiam
329 573 366 631 de
380 573 508 634 culturis
525 575 760 651 agendimorem
772 575 874 642 luisse,
892 575 1084 654 qualiterque
1104 575 1226 634 delendi

225 670 306 729 soliti
325 671 387 728 sint
401 670 444 728 illi
457 671 527 729 viri.
543 671 578 731 C.
607 671 716 730 Furius
736 671 892 742 Cresima,
917 695 932 730 e
955 673 1104 732 servitute
1118 673 1227 732 libera-

192 823 197 835 ,
225 771 304 837 tus*‚
322 788 390 826 cum
408 768 438 825 in
452 787 547 846 parvo
564 766 729 826 admodum
753 769 850 846 agello
865 768 1012 847 largiores
1032 769 1129 828 multo
1148 769 1230 826 sruc-

145 865 148 871 ’
225 873 273 922 tus
297 864 467 944 perciperet
489 885 581 944 quam
597 885 633 923 ex
646 864 842 944 amplissimis
857 866 1000 924 vicinitas
1012 867 1034 938 *,
1056 866 1087 923 in
1108 853 1228 924 invidia

225 979 332 1036 magna
358 967 433 1030 erat,
459 961 533 1019 ceu*
555 961 679 1038 fruges*
701 961 816 1020 alienas
846 962 1028 1040 pelliceret*
1058 961 1229 1020 veneficiis,

224 1055 429 1122 Quamobrem
459 1057 619 1116 acuruli*
647 1059 698 1137 Sp.
726 1058 838 1116 Albino
869 1059 919 1116 die
948 1058 1061 1126 1110111*ι
1086 1066 1229 1117 metuens

225 1155 463 1218 damnationem.
493 1175 563 1213 cum
592 1154 623 1212 in
648 1154 825 1232 suffragium
848 1155 946 1213 tribus
982 1161 1143 1234 oporteret
1173 1156 1228 1226 ire,

224 1252 462 1309 instrumentum
480 1252 627 1309 rusticum
644 1271 734 1309 omne
750 1252 781 1308 in
796 1251 895 1309 lorum
914 1251 1029 1323 attulit,
1048 1257 1078 1310 ei
1096 1250 1229 1310 adduxit

224 1348 391 1406 familiam*
406 1346 552 1420 validam,
576 1355 668 1428 atque
687 1348 734 1426 (ut
747 1348 791 1406 ait
810 1347 908 1426 Piso*)
925 1349 1002 1406 bene
1018 1350 1178 1407 curatam*
1194 1368 1228 1406 ae

224 1445 378 1512 vestitam,
397 1444 579 1504 ferramenta
596 1444 716 1522 egregie
737 1444 829 1515 lacta,
851 1466 959 1523 graves
970 1445 1099 1522 ligones,
1120 1465 1227 1504 vome-

224 1541 482 1620 responderosost,
511 1542 604 1600 boves
625 1549 755 1600 saturos.
781 1541 890 1600 Postea
914 1541 1013 1602 dixit:
1039 1565 1054 1595 (1
1068 1540 1228 1599 Veneticia

225 1659 301 1709 mea,
318 1637 461 1704 Quirites„
478 1637 542 1697 haec
558 1645 629 1696 sunt
644 1657 650 1698 :
668 1659 724 1696 nec
738 1659 861 1718 possum
878 1638 966 1696 vobis
984 1637 1157 1708 ostendere,
1174 1645 1228 1696 aut

225 1735 254 1792 in
279 1736 379 1792 lorum
400 1733 550 1792 adducere
583 1734 811 1793 lucubrationes
846 1755 939 1805 meas,
971 1735 1163 1815 vigiliasque,
1197 1743 1225 1792 et

225 1832 362 1890 sudores,
378 1857 392 1882 u
414 1831 559 1890 Omnium
586 1831 750 1890 sententiis
768 1831 928 1890 absolutus
951 1832 1054 1910 itaque
1077 1838 1133 1890 est.
1155 1831 1230 1889 Pro-

225 1929 304 1986 lecto
318 1948 421 2006 opera,
439 1948 499 1985 nou
512 1927 661 2006 impensa,
678 1928 798 1987 cultura
814 1935 945 1987 constat.
964 1929 1002 1987 Et
1014 1928 1083 1986 ideo
1097 1927 1229 2006 majores

225 2024 446 2083 fertilissimum
460 2025 492 2082 in
505 2045 578 2102 agro
593 2025 716 2083 oculum
728 2027 740 2048 *
754 2023 871 2082 domini
890 2045 954 2083 esse
968 2025 1124 2085 dixerunt.

255 2222 296 2271 N⁰
329 2221 395 2272 473
419 2235 425 2268 τ
454 2219 587 2281 Nequeo
611 2218 690 2268 mihi
716 2220 911 2278 temperare,
943 2221 1005 2266 tour
1031 2217 1167 2280 poetique.
1199 2243 1227 2253 -

224 2283 362 2346 Agendi,
376 2298 408 2330 au
423 2297 482 2328 sens
492 2282 626 2342 juridique
640 2281 675 2326 du
684 2285 747 2328 mot.
759 2280 824 2326 Voir
836 2281 895 2340 plus
908 2280 956 2328 bas
969 2281 993 2327 la
1006 2284 1069 2327 note
1079 2281 1112 2326 de
1124 2277 1227 2326 curuli.

224 2345 332 2408 Aqendi
354 2344 556 2403 (sous-entendu
583 2343 650 2404 tege)
670 2341 771 2402 signifie
796 2346 978 2402 proprement,
1005 2342 1154 2388 introduire
1178 2355 1229 2387 une

224 2409 333 2468 requetc
346 2405 471 2453 lormulee
481 2407 546 2452 daus
554 2405 592 2451 les
600 2410 697 2450 termes
706 2404 843 2450 memesde
853 2404 876 2448 la
886 2403 928 2449 loi.
940 2403 1228 2464 Pendantlongtemps,

224 2470 262 2516 les
278 2469 394 2514 Pontifes
406 2468 476 2514 seuls
487 2471 580 2513 eurent
593 2467 616 2512 le
625 2466 765 2512 secretdes
774 2463 891 2512 actiones
903 2463 978 2525 lepis.
992 2489 1019 2500 -
1028 2465 1053 2514 El
1066 2463 1229 2514 servitute

224 2531 389 2580 liberatus
403 2545 407 2576 :
423 2530 486 2576 c'est
499 2543 529 2575 ce
543 2529 623 2589 qu'on
637 2526 740 2588 appelle
754 2541 788 2572 un
804 2525 949 2574 libertinus
962 2540 995 2572 ou
1009 2541 1044 2572 un
1063 2523 1186 2572 libertus.
1201 2551 1228 2559 —

224 2591 427 2641 vicinitas:
439 2589 528 2638 uicini.
545 2615 574 2623 —
587 2589 650 2638 Ceu
659 2607 689 2630 =
700 2587 787 2650 queri.
799 2615 829 2622 -
846 2587 971 2648 Fruges
986 2601 990 2633 :
1007 2588 1072 2634 c'est
1093 2587 1117 2634 la
1129 2586 1229 2632 re'colte

225 2669 272 2700 sur
285 2655 345 2714 pied
358 2669 363 2711 ;
377 2668 425 2714 par
435 2652 588 2713 opposition
600 2665 663 2696 avec
675 2649 790 2710 fructus,
802 2650 846 2709 qui
856 2648 996 2708 designela
1006 2648 1105 2695 re'colte
1114 2647 1227 2694 rentree.

157 2743 158 2746 =
224 2742 254 2750 —
267 2715 453 2764 Polliceret:
468 2714 506 2761 les
525 2713 625 2759 volsins
641 2712 755 2757 disaient
768 2710 829 2770 qu'il
843 2710 953 2767 attuarii,
968 2707 1031 2770 qu'il
1049 2709 1137 2756 faisait
1154 2710 1230 2757 venir

224 2777 291 2824 dans
302 2773 648 2836 souchamp.-Cu1·uli=
658 2771 740 2819 aediti
750 2771 847 2817 curuli.
858 2772 905 2818 Les
917 2771 999 2818 ediles
1008 2772 1113 2818 curules
1124 2770 1229 2816 avaient

225 2839 356 2886 certaines
383 2836 556 2884 attributions
580 2835 732 2897 judiciaires
758 2847 763 2880 ε
786 2833 872 2893 litiges
896 2836 922 2879 et
939 2833 1134 2880 contestations
1154 2837 1228 2878 entre

225 2899 364 2949 acheteurs
378 2903 405 2946 et
417 2900 558 2955 vendeurs,
570 2895 787 2944 contraventions
801 2896 866 2941 dans
878 2893 917 2941 les
936 2893 1066 2947 marehes,
1082 2893 1176 2955 proces
1197 2907 1228 2938 en

225 2961 336 3009 matlere
354 2961 546 3017 commercium,
567 2962 617 3006 etc.
638 2973 643 3005 ε
662 2958 732 3004 leurs
752 2957 820 3002 e'dits
838 2971 869 3002 en
887 2970 931 3002 ces
946 2955 1070 3005 mutieres
1083 2959 1130 3002 ont
1145 2955 1228 3000 torme'

225 3037 276 3069 une
290 3027 362 3072 sorte
381 3023 414 3070 de
430 3022 496 3068 code
508 3023 540 3068 de
555 3034 711 3075 eummerce,
722 3022 749 3065 et
761 3017 811 3064 tlxe
825 3018 849 3064 la
858 3017 1063 3078 jurisprudence
1080 3017 1133 3076 des¹
1146 3019 1229 3064 trans·

225 3084 337 3133 actious.
354 3113 384 3122 -
403 3083 523 3133 Dicta:
538 3083 555 3129 il
575 3081 659 3137 recoit
679 3095 731 3127 une
749 3080 912 3138 assignation
931 3093 998 3139 pour
1017 3079 1195 3138 comparaltre
1215 3078 1228 3123 a

228 3147 285 3192 ‘our
305 3145 356 3195 fixe
379 3149 477 3194 devant
501 3145 539 3191 les
561 3143 676 3191 cornices
702 3141 816 3188 tribules
834 3139 988 3201 convoquds
1012 3154 1061 3200 par
1081 3138 1173 3186 l'edile.
1199 3164 1228 3172 —

247 3207 409 3266 amilium,
426 3206 590 3255 c'est-a-dire
603 3219 645 3251 ses
658 3218 730 3264 gens,
745 3218 786 3248 ses
799 3202 927 3249 esclaves.
942 3221 953 3244 u
964 3199 1078 3248 Familia
1091 3201 1201 3261 designa
1214 3199 1227 3245 a

226 3269 343 3329 l’origine
370 3268 522 3318 l'ensemble
545 3267 591 3312 des
608 3266 691 3322 biens,
711 3264 829 3311 meubles
847 3267 873 3310 et
892 3262 1058 3320 immeubles‚
1079 3263 1184 3310 enfants
1203 3264 1228 3307 et

225 3332 377 3381 serviteurs.
406 3333 467 3378 Plus
490 3330 558 3386 tard‚
578 3327 747 3388 l'expression
771 3341 798 3372 se
816 3325 902 3372 divisa
926 3339 958 3370 en
975 3325 1053 3380 deux,
1072 3328 1098 3371 et
1117 3337 1226 3380 marqua

225 3393 314 3442 tantot
325 3396 363 3442 les
376 3395 461 3452 biens,
473 3389 611 3438 tantoties
623 3403 768 3450 personncs
781 3408 790 3429 u
806 3386 909 3446 (Breall.
922 3413 951 3420 -
964 3384 1055 3434 Piso:
1070 3383 1228 3445 Calpurnius

224 3454 286 3501 Piso
299 3458 386 3518 Frugi,
399 3453 557 3510 l'annaliste3
572 3451 616 3511 qui
629 3451 713 3496 vivait
726 3451 760 3495 du
770 3453 856 3510 temps
869 3450 916 3495 des
929 3447 1073 3508 Gracques.
1084 3473 1116 3481 -
1130 3446 1228 3495 Cura-

225 3518 302 3578 tum,
316 3515 474 3568 vestitam
488 3529 494 3561 t
508 3529 543 3561 un
556 3513 609 3559 bon
623 3513 717 3558 maltre
730 3527 747 3572 y
757 3511 862 3557 mettait
876 3524 924 3556 son
942 3509 1018 3570 point
1031 3509 1184 3554 d'honneur.
1198 3533 1228 3540 -

225 3577 361 3630 Oculum
375 3575 503 3629 domini.
523 3575 562 3622 Cf.
576 3573 687 3632 Phedre‚
703 3573 736 3630 ΙΙ,
756 3572 825 3618 table
839 3576 865 3628 83
887 3571 921 3618 La
942 3571 1079 3627 Fontaine³
1098 3567 1178 3615 l'OEil
1191 3568 1226 3614 du

225 3643 320 3688 mettre
331 3641 386 3702 (IV,
401 3639 448 3699 21).
459 3636 546 3684 Rollin
562 3633 664 3696 (Traite'
683 3634 728 3680 der
744 3625 854 3689 mdes,
868 3632 914 3678 liv.
929 3632 976 3688 ΙΙΙ,
988 3631 1064 3691 clrap.
1079 3630 1125 3690 ΙΙΙ,
1140 3635 1189 3698 art.
1205 3629 1225 3678 Ι.

226 3704 247 3759 1)
264 3704 315 3751 cite
326 3717 355 3748 ce
366 3700 433 3746 recit
445 3699 477 3744 de
490 3697 565 3742 Pline
575 3693 695 3742 l‘Ancien
708 3708 810 3740 comme
821 3694 940 3754 example
955 3692 1119 3740 d'ornament
1132 3688 1225 3751 simple

226 3769 250 3813 et
273 3761 387 3812 natural.

646 3881 679 3888 -
699 3851 748 3900 476
768 3880 801 3888 -
