2756 4238
265 133 348 191 239.
370 134 479 202 L’age
494 131 594 203 legal
613 148 704 204 pour
719 136 848 192 entrer
866 137 962 192 dans
981 149 1030 192 un
1044 137 1158 194 senat

198 295 200 300 Ι
603 222 820 291 provincial.

244 323 317 386 (Quae
334 325 369 374 sit
377 325 455 388 justa
467 327 531 374 aetas
547 339 562 374 a
576 341 630 390 qua
644 325 670 373 in
680 326 831 390 provinciis
846 326 900 390 legi
910 325 1015 390 possint
1029 325 1188 390 senatores.)

152 448 199 526 ,3⁶
249 448 381 507 Cautum
393 457 439 507 est
461 449 605 529 Pompeia
628 451 724 528 lege*,
744 471 822 530 quae
846 450 988 530 Bithynis
1008 451 1078 509 data
1101 458 1156 521 est,
1180 471 1220 508 ne

213 545 281 623 quis
296 546 398 624 capiat
420 546 644 624 magistratum,
668 567 744 605 neve
765 548 804 605 sit
824 548 855 604 in
878 555 986 606 senatu
1006 541 1107 605 minor
1129 547 1220 605 annis

213 640 350 718 triginta.
372 643 487 722 Eadem
514 643 581 720 lege
596 643 853 722 comprehensum
872 651 929 715 est,
953 644 1056 723 utqui
1079 643 1220 724 ceperint

213 738 438 816 magistratum,
460 739 521 797 sint
542 740 574 797 in
595 747 714 799 senatu.
748 741 893 799 Secutum
923 747 970 798 est
987 739 1058 798 dein
1081 740 1218 798 edictum

213 833 277 892 divi
310 837 453 912 Augusti,
488 857 550 916 quo
593 837 732 916 permisit
764 836 916 894 minores*
947 836 1145 914 magistratus
1180 835 1220 894 ab

209 927 302 989 'annis
331 932 453 991 duobus
481 938 512 990 et
537 933 648 1010 viginti
664 953 783 1012 capere.
815 932 970 1000 Quaeritur
991 952 1064 1010 ergo
1089 953 1127 991 an
1152 933 1218 1012 qui,

214 1027 315 1088 minor
330 1029 454 1106 triginta
477 1029 695 1107 annis,¹gessit
720 1029 929 1106 magistratus,
953 1029 1052 1108 possit
1078 1049 1221 1087 acenso-

215 1124 300 1183 ribus
316 1125 347 1183 in
363 1133 501 1185 senatum
523 1125 605 1203 legi:
623 1133 654 1184 el
674 1127 698 1184 si
715 1133 828 1205 potest,
849 1135 887 1184 an
904 1127 924 1184 ir
939 1146 1074 1205 quoque,
1092 1127 1220 1204 quinon

215 1222 376 1297 gesserint,
402 1223 522 1301 possint
551 1243 605 1302 per
630 1222 768 1280 eamdem
796 1222 1085 1302 interpretationem
1115 1221 1153 1280 ab
1185 1241 1221 1280 ea

215 1325 305 1378 aetate
343 1326 500 1377 senatores
538 1319 608 1396 legi,
639 1340 655 1378 a
684 1339 745 1398 qua
783 1318 843 1377 illis
873 1319 1086 1396 magistratum
1117 1337 1221 1396 gerere

212 1415 398 1495 'permissum
427 1423 483 1476 est.
509 1416 600 1488 Quod¹
621 1416 760 1496 alioquin
782 1415 958 1475 factitatum
980 1416 1082 1475 adhuc
1104 1423 1134 1474 et
1155 1399 1221 1473 esse

217 1513 421 1571 necessarium
439 1513 562 1584 dicitur,
583 1513 654 1586 quia
670 1513 709 1571 sit
722 1511 880 1592 aliquanto
893 1513 1004 1571 melius
1021 1510 1220 1570 honestorum

217 1609 376 1667 hominum
401 1609 524 1681 liberos,
550 1629 641 1689 quam
669 1629 684 1666 e
713 1608 802 1688 pl'ebe
827 1609 987 1668 incuriam
1004 1608 1136 1667 admitti.
1157 1608 1222 1684 Ego

217 1706 431 1765 adestinatis*
446 1705 646 1764 censoribus*
668 1705 742 1785 quid
763 1705 908 1765 sentirem
930 1705 1147 1782 interrogatus
1169 1725 1223 1763 eos

216 1803 352 1882 quidem,
388 1803 440 1882 qui
469 1803 603 1860 minores
634 1803 761 1880 triginta
790 1801 878 1861 annis
902 1802 1089 1878 gessissent*
1114 1801 1223 1878 magis·

217 1887 342 1966 tratum,
359 1899 505 1979 putabam
523 1919 613 1978 posse
636 1899 667 1956 in
694 1906 833 1957 senatum
854 1905 885 1957 et
901 1897 1070 1957 secundum
1087 1898 1222 1956 edictum

217 1996 348 2072 Augusti
374 2003 404 2054 et
430 1996 598 2054 secundum
626 1996 723 2072 legem
755 1995 933 2074 Pompeiam
962 1996 1022 2072 legi
1045 2013 1052 2056 :
1076 1993 1223 2075 quoniam

218 2095 376 2170 Augustus
398 2113 501 2170 gerere
532 2093 730 2170 magistratus
765 2092 957 2151 minoribus*
989 2093 1077 2150 annis
1096 2091 1223 2168 triginta

219 2189 417 2268 permisisset,
447 2189 497 2248 lex
523 2196 695 2248 senatorem
722 2209 787 2248 esse
814 2189 973 2260 voluisset,
1001 2189 1054 2267 qui
1080 2187 1225 2266 gessisset

218 2286 443 2363 magistratum.
466 2285 512 2344 De
530 2286 578 2344 his
598 2293 700 2345 autem
723 2286 775 2365 qui
798 2306 861 2344 non
880 2285 1057 2362 gessissent,
1083 2284 1225 2365 quamvis

218 2390 321 2442 essent
342 2383 442 2441 aetatis
457 2382 606 2462 ejusdem,
623 2382 712 2462 cujus
729 2382 772 2440 illi
788 2381 901 2462 quibus
921 2402 1026 2460 gerere
1040 2381 1223 2462 permissum

218 2470 276 2537 est,
293 2462 502 2522 haesitabam*.

250 2603 290 2654 111ο
303 2601 369 2654 239
385 2616 392 2652 ε
407 2600 562 2664 Pompeia
573 2603 653 2664 lege.
668 2601 707 2650 En
719 2607 748 2649 63
761 2605 843 2649 avant
856 2602 870 2648 J
875 2600 936 2660 .-C.,
950 2602 1029 2663 apres
1042 2601 1067 2649 la
1083 2601 1183 2649 defaite
1197 2603 1227 2647 et

218 2665 244 2714 la
261 2668 332 2713 morl
348 2666 381 2712 de
401 2664 565 2723 Mithridate,
579 2663 695 2725 Pompee
709 2665 843 2712 constitua
860 2677 924 2710 avec
937 2679 978 2712 ses
996 2663 1071 2710 Etats
1084 2663 1151 2710 trois
1164 2677 1224 2724 pro·

220 2728 313 2774 vinces
327 2727 460 2773 romaines
473 2725 544 2787 (sans
558 2729 679 2786 compter
691 2739 721 2773 ce
734 2725 797 2787 qu'il
810 2727 898 2771 donna
912 2725 927 2772 1
943 2725 1043 2782 Attale,
1058 2725 1073 2771 a
1086 2724 1223 2772 Pharnace

220 2792 248 2836 et
261 2804 312 2837 aux
324 2791 414 2836 autres
425 2788 478 2833 rois
489 2787 563 2834 allie's
576 2788 608 2834 de
622 2788 715 2849 Rome)
728 2803 734 2835 ε
748 2787 874 2848 Bithynis
887 2790 915 2833 et
930 2786 1008 2842 Pont,
1022 2785 1123 2844 cilicie,
1136 2785 1222 2847 Syrie.

221 2851 271 2898 Ces
284 2850 427 2912 provinces
446 2851 570 2905 recurant
582 2847 780 2910 l’organisation
798 2849 846 2896 des
863 2848 1011 2910 municipes
1026 2847 1072 2908 qui
1089 2847 1227 2908 reprodui-

221 2913 308 2960 saient
324 2925 357 2958 en
376 2911 445 2972 petil
463 2909 662 2971 l'organisation
681 2911 713 2957 de
732 2910 824 2969 Rome,
841 2913 868 2958 et
887 2910 995 2956 avaient
1013 2923 1075 2956 sous
1088 2910 1136 2956 des
1148 2921 1228 2954 nonis

219 2973 360 3020 diite'rents
372 2972 443 3019 leurs
456 2972 573 3030 consuls,
585 2972 657 3018 leurs
672 2971 804 3033 preteurs,
822 2972 894 3018 leurs
911 2971 1003 3030 ediles,
1022 2972 1073 3018 etc.
1097 2971 1136 3018 Un
1149 2969 1227 3017 senat

218 3033 366 3096 municipal
378 3033 451 3081 avait
461 3048 493 3079 en
504 3032 610 3094 ge'neral
623 3037 668 3080 100
679 3033 811 3080 membres
821 3032 922 3080 soumis
934 3046 967 3079 au
979 3047 1051 3091 cens,
1063 3035 1091 3079 et
1106 3045 1228 3094 pourvus

218 3097 414 3144 ‘d'ornamenla
431 3094 481 3141 Les
501 3094 610 3142 anciens
629 3095 782 3156 magistrats
794 3110 813 3158 y
826 3095 962 3142 enlraient
975 3095 1007 3141 de
1023 3094 1102 3151 droit,
1115 3091 1226 3140 d'abord

222 3160 278 3206 a30
293 3172 348 3214 ans,
363 3157 423 3218 puis
439 3156 504 3216 125,
515 3160 542 3204 el
560 3157 574 3203 a
586 3160 625 3215 18,
643 3171 707 3204 sous
720 3156 860 3204 Theodose
873 3159 901 3204 et
913 3170 955 3202 ses
966 3169 1137 3203 successeurs
1150 3153 1225 3216 (Coa.

227 3220 334 3278 Theoti,
344 3218 403 3278 XII,
417 3222 440 3276 1,
453 3219 517 3280 118),
527 3217 572 3279 qui
579 3217 729 3265 donnerent
742 3219 825 3264 meme
839 3218 863 3264 le
878 3218 942 3264 titre
953 3217 985 3264 de
999 3217 1126 3264 se'nateur
1138 3216 1152 3261 ai
1165 3218 1226 3262 tout

219 3282 264 3329 fils
279 3283 311 3328 de
325 3281 458 3327 senateur.
472 3306 503 3314 -
513 3277 658 3329 Minores
672 3294 678 3327 :
692 3279 872 3341 compltment
882 3280 914 3325 de
924 3277 1058 3340 permisit,
1073 3277 1161 3325 landis
1174 3289 1228 3337 que

223 3343 399 3406 magistratus
410 3344 452 3388 est
462 3341 486 3388 le
497 3356 557 3388 com
577 3341 678 3388 lement
686 3343 719 3388 de
730 3355 832 3403 capere.
844 3367 874 3376 -
883 3338 1083 3390 Destlnatis:
1096 3338 1225 3396 nommes,

223 3421 258 3452 ou
276 3419 308 3452 en
326 3403 469 3451 fonctions.
491 3431 522 3438 -
571 3401 744 3452 cusoribus
763 3416 768 3449 ι
787 3402 825 3449 les
847 3401 1065 3465 quinquennales
1081 3401 1135 3462 qui,
1158 3401 1227 3446 dans

223 3467 262 3514 les
274 3467 423 3528 provinces,
442 3465 560 3511 revisent
577 3467 638 3511 tous
654 3465 692 3511 les
712 3464 773 3525 cinq
790 3479 837 3511 ans
850 3464 875 3510 la
892 3464 953 3510 liste
971 3464 1018 3510 des
1035 3463 1226 3510 5111111118.-

224 3526 421 3583 cessassent,
446 3526 595 3588 subjonctif
609 3527 642 3572 de
665 3526 734 3587 style
755 3526 884 3580 indirect;
899 3539 1002 3572 comme
1022 3525 1082 3586 plus
1098 3525 1146 3572 bas
1162 3538 1227 3587 per-

221 3589 348 3638 misisset.
361 3615 390 3622 -
402 3587 588 3637 Minoribus
601 3591 642 3634 est
652 3603 686 3634 au
699 3587 774 3644 datii,
787 3590 813 3634 et
826 3585 903 3634 annis
916 3587 931 3632 a
942 3585 1061 3634 l'ablatil.
1075 3614 1104 3622 -
1114 3583 1226 3635 Haesi-

223 3650 348 3702 tabam.
359 3651 408 3696 Les
416 3650 532 3708 anciens,
545 3653 645 3708 tenant,
657 3653 763 3710 compte
774 3650 809 3696 du
818 3652 905 3709 temps
914 3652 1029 3696 souvent
1041 3649 1095 3696 sort
1104 3648 1167 3707 long
1175 3660 1225 3707 que

223 3714 295 3760 leurs
308 3713 402 3759 lettres
415 3712 557 3759 mettaient
570 3725 639 3774 pour
655 3711 781 3773 parvenir
798 3711 813 3758 a
825 3711 882 3757 leur
894 3712 1010 3770 adressa,
1027 3710 1066 3756 les
1081 3707 1227 3756 dataienta

224 3773 386 3836 l‘imparsait.

644 3887 802 3940 -242-
