2658 4244
301 149 383 224 103.
404 147 657 204 Poltronnerie
677 150 721 204 de
740 147 958 216 l’empereur
977 149 1123 206 Claude.

426 243 521 306 (Quam
535 243 645 291 timidus
657 243 741 304 suerit
757 243 833 292 diuus
847 243 998 306 Claudius.)

155 354 195 417 4θ
252 357 335 415 Nihil
360 379 446 437 acque
476 359 622 417 Claudius
647 359 885 438 quamtimidns
909 357 1108 417 acdiffidens
1139 356 1211 415 fuit.
1312 419 1313 426 ,

213 453 323 512 Primis
359 455 480 534 imperii
506 455 625 526 diebuS,
656 476 842 535 quamquam
874 457 1009 536 jactator
1041 439 1216 524 civilitatis,¹
1312 477 1313 480 ¹

211 571 310 630 neque
325 552 468 611 convivia
481 553 559 611 inire
574 574 666 611 ausus
679 560 736 623 est,
761 553 819 610 nisi
840 562 875 611 ut
892 553 1100 632 speculatores
1115 554 1127 575 *
1141 571 1212 608 cum

211 647 325 707 lanceis
342 649 587 718 circumstarent,
605 651 778 730 militesque
793 651 860 708 vice
876 651 1087 728 ministrorum
1106 649 1215 725 funge-

212 752 332 816 rentur;
353 766 452 825 neque
468 766 582 823 aegrum
599 767 784 826 quemquam
806 747 953 818 visitavit,
976 746 1033 805 nisi
1053 744 1215 824 explorato

212 842 296 919 prius
327 843 480 916 cubiculo,
515 844 697 923 culcitisque
727 852 758 903 et
786 844 931 920 stragulis
964 842 1155 922 praetentatis
1185 846 1215 898 et

213 939 359 997 excussis,
370 940 502 1020 Reliqua
513 949 614 999 autem
625 949 763 1020 tempore
773 941 993 1000 salutatoribus
1008 939 1215 998 scrutatores*

213 1025 334 1114 semper
360 1037 515 1116 apposuit,
542 1046 573 1096 et
600 1038 724 1116 quidem
749 1038 905 1111 omnibus
931 1045 962 1096 et
987 1035 1212 1096 acerbissimos.

207 1133 288 1207 vSero
304 1133 385 1190 enim
401 1154 435 1192 ac
450 1134 502 1192 vix
518 1135 640 1193 remisit
654 1157 692 1193 ne
714 1135 934 1214 cujus*comiti
946 1135 958 1159 *
991 1140 1044 1192 aut
1069 1132 1217 1192 librario*

206 1229 385 1304 ,calamariae
396 1231 408 1254 *
423 1240 454 1289 et
470 1231 655 1310 graphiariae
665 1233 677 1256 *
691 1232 791 1290 thecae
805 1231 1045 1290 adimerentur*.
1060 1229 1216 1296 Quasdam

213 1326 339 1384 insidias
354 1333 468 1385 temere
490 1328 606 1386 delatas
626 1329 702 1387 adeo
727 1329 864 1408 expavit,
888 1336 922 1386 ut
947 1327 1101 1406 deponere
1120 1326 1217 1407 impe·
1312 1401 1313 1422 Χ

207 1425 292 1499 ¹rium
309 1424 484 1484 tentaverit.
501 1425 641 1491 Quodam
659 1446 728 1484 cum
744 1426 825 1484 ferro
854 1425 934 1484 circa
947 1425 1169 1484 sacrificantem
1185 1443 1218 1480 se
1312 1425 1313 1442 ¹

208 1521 416 1600 deprehenso,
443 1530 583 1580 senatum
607 1543 662 1601 per
688 1543 846 1602 praecones
874 1543 1006 1602 propere
1019 1520 1216 1589 convocavit,

215 1617 409 1696 lacrimisque
433 1625 464 1677 et
487 1619 709 1678 vociferatione
732 1619 895 1678 miseratus
924 1626 971 1677 est
999 1617 1216 1677 condicionem

209 1697 312 1790 [suam.
330 1715 379 1773 cui
395 1715 471 1772 nihil
488 1716 567 1774 tuti*
583 1736 712 1794 usquam
729 1717 840 1788 esset*,
858 1737 893 1774 ac
908 1715 961 1774 diu
982 1715 1108 1795 publico
1123 1710 1219 1772 absti-
1312 1767 1313 1788 ,

210 1812 294 1880 nuit.
313 1812 446 1870 Unusex
458 1813 667 1890 litigatoribus
679 1813 828 1872 seducto*
843 1813 874 1871 in
891 1813 1076 1871 salutatione
1087 1811 1219 1870 affirma·
1312 1839 1313 1894 ᾗ

215 1909 270 1980 vit,
287 1908 400 1967 vidisse
416 1931 447 1968 se
469 1931 524 1988 per
545 1910 680 1987 quietem
703 1910 802 1968 occidi
825 1930 894 1968 eum
918 1909 1091 1988 aquodam
1115 1927 1121 1968 :
1144 1908 1218 1968 dein
1312 1965 1313 1984 ,

213 2006 307 2090 paulo
321 2013 401 2085 post,
419 2007 504 2085 quasi
526 2027 738 2089 percussorem
761 2013 952 2084 agnosceret,
976 2006 1136 2064 libellum*
1155 2011 1220 2063 tra·

216 2103 338 2161 dentem
352 2102 561 2162 adversarium
578 2125 666 2161 suum
680 2103 919 2174 demonstravit3
934 2103 1160 2180 confestimque
1175 2102 1220 2159 is*
1312 2123 1313 2174 3

216 2220 271 2279 pro
293 2199 506 2278 deprehenso*
522 2199 557 2258 ad
573 2221 695 2278 poenam
712 2207 817 2278 raptus
832 2206 890 2259 est.

246 2340 288 2389 N⁰
303 2339 366 2389 103
376 2353 381 2386 :
392 2339 640 2401 Speculatores:
655 2354 684 2386 ce
698 2342 758 2387 sont
768 2340 806 2388 les
820 2340 913 2401 gardes
927 2341 962 2386 du
975 2353 1064 2400 corps,
1078 2336 1221 2445 composes

216 2417 248 2450 en
262 2397 367 2464 ge'neral
379 2403 412 2448 de
423 2401 563 2448 Germains
575 2403 607 2448 dc
616 2402 697 2448 haute
710 2403 793 2448 tuille.
804 2402 1063 2451 —Scrutatores
1077 2400 1135 2446 Let
1151 2399 1222 2446 moi-
1312 2441 1313 2458 ,

216 2478 299 2526 gnage
312 2464 344 2510 de
359 2463 476 2510 Suetone
489 2467 530 2509 est
545 2463 579 2510 ici
591 2463 717 2510 confirme'
727 2479 777 2524 par
788 2463 854 2510 celui
866 2464 898 2511 de
909 2463 1010 2519 Tacite,
1025 2463 1105 2520 Anu,
1119 2461 1165 2518 XI,
1181 2465 1221 2510 22.
1312 2465 1313 2468 ’

216 2553 246 2560 -
259 2525 359 2585 Cuius
372 2545 402 2566 :
419 2524 545 2586 alicujus.
562 2524 581 2571 ll
599 2525 713 2572 accorda
731 2540 796 2571 avec
815 2525 892 2586 peine
910 2528 980 2572 cette
997 2525 1099 2582 favour,
1113 2523 1169 2570 eta
1184 2538 1222 2578 un

216 2589 285 2648 petit
299 2587 409 2633 nombre
423 2588 455 2633 dc
466 2587 625 2633 courtisans.
633 2583 792 2644 -comiti,
803 2585 867 2633 c'est
875 2601 926 2633 une
934 2601 1065 2648 personne
1074 2585 1106 2631 de
1114 2585 1139 2632 la
1150 2585 1222 2633 suite

216 2648 277 2696 d'un
291 2650 382 2710 grand.
394 2647 429 2694 Ce
440 2651 496 2695 mot
509 2648 616 2708 designa
630 2649 701 2695 aussi
714 2649 750 2695 los
760 2648 915 2695 secretaires
926 2649 973 2695 des
985 2647 1224 2709 cmp'ereurs.Voir

216 2726 250 2758 au
262 2711 367 2771 texique
381 2709 504 2757 Comites.
513 2737 543 2744 -
554 2709 713 2768 Librario,
728 2711 879 2758 secretarire.
893 2710 1060 2760 -Thecae
1072 2710 1223 2774 calama·

216 2772 298 2830 riae,
311 2771 399 2818 buttes
412 2787 445 2817 on
460 2771 528 2818 ttuis
543 2773 557 2817 a
571 2772 673 2832 plumes
684 2786 689 2829 ;
702 2783 765 2832 gra
788 2771 918 2821 hiariae
931 2772 1058 2829 thecae,
1072 2769 1143 2818 tt'uis
1155 2784 1221 2816 eon-

216 2837 311 2881 tenant
325 2833 349 2879 le
361 2832 445 2888 burin
456 2848 488 2879 cn
501 2833 541 2880 ser
553 2848 586 2878 ou
604 2848 636 2878 en
654 2834 749 2879 bronze
765 2785 930 2896 graphium)
943 2835 1010 2880 dont
1023 2847 1056 2879 on
1075 2847 1102 2878 se
1120 2832 1223 2879 'servait

216 2911 285 2958 pour
299 2895 381 2942 ecrire
396 2910 441 2941 sur
455 2894 493 2940 les
510 2894 639 2941 tablettes
655 2896 776 2942 enduites
789 2896 822 2942 de
835 2896 896 2943 cire.
911 2921 940 2929 -
955 2893 1040 2944 Tuti.
1058 2894 1096 2941 cf.
1116 2893 1222 2952 Tacite,

217 2959 297 3016 Anu,
312 2957 357 3015 XI,
372 2961 409 3004 al.
424 2983 453 2991 —
471 2957 574 3012 Esset,
594 2957 742 3016 subjunctis
759 2958 792 3004 de
805 2957 874 3018 style
886 2957 1009 3004 indirect.
1023 2983 1052 2990 -
1068 2955 1222 3013 Seducto,

217 3020 412 3067 sous-entendu
430 3016 543 3075 Tiberio,
558 3017 663 3079 depend
674 3021 706 3066 de
719 3017 870 3081 adfirmavit.
882 3045 911 3054 -
923 3017 1101 3067 Libellum:
1112 3017 1130 3064 il
1144 3015 1224 3078 s'agit

217 3081 278 3129 d'un
292 3083 388 3142 placet,
403 3079 480 3126 d'une
497 3081 615 3140 requiete.
633 3107 661 3114 -
676 3081 716 3139 Is,
736 3080 901 3128 c'est-a-dire
916 3078 1095 3128 aduersarius.
1109 3105 1139 3114 -
1156 3079 1222 3128 Pro

218 3143 420 3203 deprehenso
435 3156 440 3188 :
455 3139 519 3188 c'est
532 3155 561 3188 ce
573 3157 623 3202 que
636 3158 703 3189 nous
716 3143 845 3203 appelons
857 3143 972 3204 prendre
985 3153 1030 3188 sur
1040 3141 1064 3188 le
1074 3141 1130 3188 fait.
1143 3138 1224 3188 Cette

217 3204 399 3266 poltronnerie
410 3204 442 3250 dc
454 3202 553 3250 Claude
566 3202 618 3250 s'cx
640 3205 710 3264 lique
723 3219 772 3264 par
786 3217 834 3250 son
850 3204 960 3251 enfance
974 3203 1114 3259 maladive‚
1129 3216 1222 3263 parsu

217 3265 334 3314 timidite
351 3265 490 3318 naturelle,
512 3269 538 3312 et
557 3281 605 3326 par
622 3219 659 3310 lis
677 3265 874 3312 circonstances
891 3267 991 3312 memes
1003 3280 1035 3311 au
1054 3264 1143 3311 milieu
1159 3264 1224 3311 des-

216 3327 319 3390 quelles
329 3327 348 3373 il
358 3328 446 3375 arriva
458 3329 471 3374 a
485 3327 609 3387 l'empire.
626 3326 746 3373 Pendant
757 3342 808 3388 que
819 3326 933 3374 Chtrtas
943 3330 971 3373 et
983 3341 1024 3372 ses
1037 3326 1104 3372 arnis
1118 3339 1226 3372 massa-

218 3389 320 3436 craicnt
333 3389 460 3448 Caligula,
480 3409 491 3431 «
510 3389 617 3445 Claude,
634 3389 733 3449 ess'raye
751 3389 786 3434 du
803 3388 918 3436 tumulte
934 3391 961 3435 et
973 3388 1020 3434 des
1033 3387 1084 3434 cris
1099 3387 1132 3433 de
1149 3389 1224 3434 mort

218 3452 285 3498 dont
297 3451 320 3498 le
334 3451 418 3511 palais
431 3451 603 3508 retentissait,
616 3449 704 3497 s'etait
714 3449 795 3496 cache
805 3465 837 3496 en
850 3465 885 3496 un
898 3451 958 3497 coin
967 3449 1077 3506 obscum
1088 3448 1224 3496 un‘soldat

218 3515 242 3560 le
256 3513 396 3560 ddcouvrit
411 3516 438 3559 et
451 3515 474 3559 le
489 3515 594 3558 mantra
610 3513 623 3558 a
642 3527 684 3558 ses
702 3513 863 3559 camarades.
884 3510 983 3558 Claude
996 3511 1055 3559 leur
1066 3511 1225 3558 demandait

217 3576 243 3623 la
255 3576 306 3622 vie.
322 3596 332 3617 a
348 3574 406 3622 Sois
419 3577 495 3621 notre
508 3587 654 3633 empereur,
669 3592 679 3615 υ
694 3573 923 3634 repondirent-ils.
940 3573 974 3621 Et
990 3587 1093 3621 comme
1106 3571 1125 3618 il
1138 3574 1224 3630 trem-

218 3637 286 3684 blait
297 3637 310 3682 a
322 3651 354 3683 ne
367 3636 481 3697 pouvoir
493 3635 623 3691 mercher,
637 3635 669 3681 ils
681 3633 881 3695 l'emporttrent
893 3635 909 3681 a
920 3635 979 3682 leur
993 3648 1079 3695 camp.
1094 3633 1183 3681 Toute
1194 3649 1224 3682 sa

204 3699 269 3756 ‚vie,
284 3698 383 3745 Claude
397 3703 441 3743 eut
454 3695 586 3756 presentet
600 3694 703 3757 l'esprit
714 3697 737 3743 le
750 3697 876 3743 souvenir
887 3697 921 3744 de
932 3696 1051 3758 Caligula
1062 3697 1196 3744 assassine
1211 3717 1223 3739 υ

216 3761 332 3821 (Duruy,
345 3758 391 3817 IV,
405 3762 459 3816 393,
474 3757 536 3818 396).

641 3899 799 3950 -104-
