2698 4234
256 144 258 146 ·
312 171 316 178 -
355 133 875 203 404.Les‚11vress1hy11ins.
917 153 918 158 ¹

449 227 496 292 (De
511 228 590 279 libris
607 229 771 297 Sibyllinis.)

149 349 185 408 ln
209 344 345 428 antiquis
367 347 528 406 annalibus
552 347 698 405 memoria
728 368 821 426 super
842 346 928 406 libris
959 345 1175 427 Sibyllinis&

106 445 176 506 haec
203 444 326 526 prodita
348 450 404 503 est.
428 445 534 502 Anus*
556 444 677 522 hospita
698 452 790 523 atque
815 445 971 522 incognita
987 433 1027 516 ad
1044 445 1119 504 Tar·

105 544 250 624 quinium
261 527 435 622 Superbum
451 562 553 618 regem
570 541 655 613 adiit,
670 563 780 600 novem
795 531 890 600 libros
909 541 1022 612 terena,
1041 563 1119 621 quos

105 661 172 700 esse
198 640 322 709 dicebat
350 638 455 698 divina
483 638 626 711 oracula;
644 659 696 697 eos
719 639 796 697 velle
822 639 899 698 dixit
927 638 1117 723 venundare.

104 737 294 817 Tarquinius
311 737 445 817 pretium
462 744 661 815 percontatus
675 744 731 796 est.
749 721 863 795 Mulier
879 735 1008 794 nimium
1026 743 1119 815 atque

105 833 291 894 immensum
316 835 468 916 poposcit.
499 834 576 904 Rex,
612 834 699 914 quasi
728 854 805 892 anus
836 841 926 892 aetate
952 818 1116 915 desiperet,

106 932 188 992 risit.
211 933 288 990 Tum
314 931 365 990 illa
391 929 527 990 loculum
554 951 658 991 coram
687 951 724 990 eo
742 951 812 990 cum
837 931 900 1010 igni
916 931 1071 1014 apposuit,
1088 937 1119 990 et

109 1036 172 1089 tres
190 1011 286 1087 libros
302 1049 339 1087 ex
351 1050 462 1087 novem
473 1029 607 1100 deussit;
623 1035 653 1086 et
668 1028 778 1109 ecquid
789 1028 924 1109 reliquos
940 1049 994 1088 sex
1009 1029 1116 1086 eodem

108 1127 207 1208 pretio
226 1136 327 1185 emere
345 1126 438 1186 vellet
454 1147 556 1202 regem
578 1126 792 1205 interrogavit.
816 1126 875 1186 Sed
893 1125 975 1186 enim
990 1125 1121 1207 Tarqui·

111 1225 180 1282 nius
197 1224 228 1282 id
239 1223 338 1283 multo
352 1223 543 1300 nsitnragis,
559 1223 698 1304 dixitque
713 1243 806 1282 anum
817 1223 883 1304 jam
898 1223 1005 1303 procul
1023 1223 1117 1296 dubio

111 1312 253 1381 delirare.
281 1322 397 1396 Mulier
418 1321 529 1379 ibidem
556 1321 659 1380 statim
685 1328 747 1380 tres
768 1320 863 1380 libros
887 1320 963 1380 alios
987 1320 1133 1394 exussit,'

108 1428 200 1499 atque
215 1419 362 1500 idipsum
381 1418 483 1476 denuo
493 1418 611 1497 placide
623 1424 721 1498 rogat,
736 1439 773 1478 an
784 1424 846 1476 tres
861 1418 996 1496 reliquos
1007 1402 1116 1498 eodem

106 1517 160 1576 illo
183 1517 283 1596 pretio
298 1525 391 1576 emat.
409 1516 596 1596 Tarquinius
607 1537 659 1575 ore
671 1516 736 1596 jam
752 1517 831 1574 serio
845 1522 936 1595 alque
952 1515 1116 1576 attentiore

105 1615 210 1674 animo
227 1615 261 1673 fit
282 1633 287 1673 :
305 1628 372 1672 eam
390 1615 594 1672 constantiam
613 1613 893 1692 confidentiamque
911 1633 972 1671 non
990 1613 1117 1694 insuper

105 1711 302 1770 habendam*
328 1711 504 1789 intellegit;
532 1719 562 1769 et
591 1711 685 1772 libros
713 1718 776 1770 tres
800 1710 935 1788 reliquos
963 1719 1117 1770 mercatur

106 1808 205 1868 nihilo
222 1809 341 1868 minore
361 1810 461 1889 pretio
486 1829 578 1888 quam
594 1808 678 1889 quod
700 1815 766 1868 erat
788 1808 920 1888 petitum
940 1828 996 1887 pro
1018 1807 1116 1866 omni·

106 1906 174 1966 bns.
206 1906 265 1965 Sed
291 1927 358 1965 eam
386 1905 561 1982 mulierem,
592 1913 669 1985 tuuc
693 1927 710 1966 a
740 1896 910 1986 Tarquinio
934 1905 1113 1984 digressam,

104 2011 212 2084 postea
233 2025 386 2084 nusquam
408 2004 467 2062 loci
489 2004 587 2062 visam
608 2003 759 2064 constitit.
777 2003 862 2062 Libri
879 2011 951 2078 tres,
968 2004 999 2061 in
1013 2023 1116 2070 sacra-

104 2100 208 2160 rium*
223 2101 351 2171 conditi,
368 2101 512 2182 Sibyllini
526 2102 538 2125 *
552 2101 708 2181 appellati.
724 2101 770 2160 Ad
786 2121 838 2160 eos
852 2101 939 2179 quasi
955 2101 991 2158 ad
1001 2121 1109 2160 ,oracu-

104 2198 169 2258 lum
184 2185 431 2278 quindecemviri
444 2200 456 2223 *
474 2199 599 2271 adeunt,
617 2219 688 2257 cum
705 2199 755 2256 Dii
780 2199 969 2258 immortales
991 2198 1115 2280 publice
1183 2269 1185 2272 .

103 2295 285 2356 consulendi
298 2303 382 2358 sunt.
1221 2297 1226 2304 ’

135 2409 176 2456 N⁰
184 2409 252 2459 404
262 2424 268 2458 :
278 2409 370 2460 Anus
385 2427 389 2459 :
399 2415 469 2462 cette
475 2413 562 2460 vieille
569 2414 665 2461 lemme
672 2429 704 2461 ne
713 2415 794 2462 serait
801 2418 876 2462 autre
885 2431 936 2476 que
943 2417 966 2463 la
973 2415 1070 2478 sibylla
1078 2419 1112 2466 de

104 2470 210 2530 cumea,
235 2487 321 2519 venue
343 2473 599 2536 d'Erythrae.·Voir
617 2475 654 2523 les
676 2476 759 2523 recits
785 2478 817 2522 de
837 2477 906 2524 Dion
927 2477 983 2540 (lv,
1008 2479 1057 2540 62),
1078 2481 1112 2528 de

105 2533 208 2580 Varron
228 2533 310 2596 (apud
331 2535 461 2595 bactani„
485 2536 504 2592 l,
527 2543 550 2596 6,
572 2539 620 2598 10),
635 2541 661 2586 et
678 2534 710 2584 de
726 2537 836 2585 Servius
856 2539 1000 2601 (AEn.,V1,
1020 2545 1112 2593 71).-

102 2595 243 2668 Idsdper
270 2595 455 2670 hahendam
484 2613 489 2644 ε
514 2602 571 2646 mot
594 2615 608 2670 a
630 2604 694 2657 mot,
716 2601 844 2660 regarder
862 2614 965 2648 comme
982 2604 1110 2662 superllu,

101 2656 795 2783 subtimitate·beatitati}
810 2663 1111 2773 ttttbtaasszi‘lt

101 2780 172 2826 deux
187 2780 319 2828 membres
333 2781 423 2843 (IIviri
435 2797 574 2830 sacrorum
589 2799 623 2830 ou
638 2785 722 2831 sacris
739 2785 883 2847 fiaciundis)
897 2787 1008 2847 charges
1023 2787 1109 2836 deles

101 2842 247 2900 consulter,
261 2857 329 2903 pour
341 2844 364 2890 le
380 2848 486 2905 compte
499 2846 531 2891 de
547 2843 627 2892 l'Etat
639 2847 857 2908 exclusivement,
874 2848 977 2910 chaque
992 2849 1043 2900 lois
1056 2864 1109 2911 que

101 2903 197 2950 besoin
210 2905 299 2951 serait.
314 2904 390 2952 Cette
405 2907 576 2954 commission
590 2907 656 2956 dtait
679 2907 815 2955 l'dbauchc
828 2911 862 2956 du
882 2910 984 2971 college
1004 2911 1071 2958 dont
1089 2911 1109 2958 il

100 2979 135 3011 va
152 2966 208 3012 etre
223 2967 355 3027 question.
375 2995 404 3001 —
421 2967 575 3030 Sibyllini
592 2968 680 3019 libri.
707 2971 742 3016 Le
760 2971 842 3018 Sinat
858 2973 1002 3020 ordonnait
1019 2971 1052 3019 de
1069 2972 1110 3020 lea

100 3027 238 3074 consulter
258 3029 346 3088 quand
370 3030 416 3076 des
442 3031 565 3090 prodiges
590 3033 811 3078 extraordinaires
839 3048 873 3079 ou
895 3034 942 3080 des
959 3032 1108 3094 epidimies

100 3087 258 3136 alarmaient
273 3088 541 3153 1‘0pini0npub1ique
570 3093 640 3138 Pour
657 3093 695 3140 lcs
712 3095 835 3154 prodiges
855 3094 1010 3152 ordinaires,
1024 3110 1058 3141 on
1078 3110 1109 3143 se

99 3150 251 3197 contentait
263 3151 309 3198 des
322 3154 509 3212 procurations
522 3153 688 3214 pontificales
701 3156 770 3215 (noir
780 3170 928 3216 procurare
938 3157 1105 3218 aulcxique).

100 3209 191 3264 Quant
209 3217 266 3259 aux‘
278 3213 359 3260 livres
372 3215 502 3276 sibyllins.
517 3229 547 3261 ce
565 3214 644 3276 qu'on
662 3218 794 3264 attendait
807 3217 892 3276 d‘eux,
911 3215 1001 3265 c'etait
1018 3219 1105 3266 moins

101 3286 152 3318 une
164 3272 369 3336 interpretation
382 3276 418 3322 du
431 3277 601 3338 prodigaque
613 3278 651 3324 les
665 3293 777 3340 moyens
790 3279 848 3325 d’en
858 3280 1002 3326 detourner
1015 3278 1104 3327 l'ell'et.

99 3333 141 3381 On
161 3335 218 3381 leur
234 3336 365 3398 adjoiunit
388 3352 419 3383 en
445 3342 489 3382 213
506 3338 543 3384 les
564 3338 683 3386 carmina
703 3339 837 3387 Marciana
860 3340 935 3402 (Voir
956 3341 982 3387 la
997 3343 1104 3390 version

98 3395 241 3455 suivante).
255 3423 285 3431 -—
303 3398 574 3458 Quindecemviri.
595 3400 629 3446 Le
650 3401 750 3462 college
772 3402 812 3449 lut
830 3401 908 3463 porte
927 3404 942 3448 a
961 3417 990 3448 ce
1011 3403 1105 3450 chillre

51 3488 58 3494 ·-
100 3457 304 3518 probablement
326 3475 388 3507 sous
407 3460 489 3522 Sylla,
509 3462 553 3523 qui
573 3462 725 3521 re'organisa
747 3464 785 3510 les
805 3464 902 3524 grands
922 3463 1045 3526 colleges.
1065 3465 1104 3512 En

98 3523 153 3577 367,
172 3535 223 3566 une
236 3521 283 3568 des
296 3522 344 3568 lois
359 3523 526 3569 Liciniennes
546 3524 618 3570 avait
637 3524 730 3570 decide
750 3523 814 3586 qu’ll
830 3526 911 3572 serait
930 3525 1057 3586 compost
1070 3528 1110 3578 de.

98 3582 145 3626 dix
158 3582 300 3638 membres,
321 3584 381 3644 cinq
395 3584 538 3644 patriciens
552 3587 579 3631 et
595 3585 656 3646 cinq
673 3585 810 3647 pldbdiens
831 3586 987 3645 (decemuiri
1007 3587 1032 3634 S.
1054 3588 1103 3650 F,)‚

99 3657 213 3704 pourvu,
228 3659 330 3691 comme
344 3648 403 3692 tous
417 3645 454 3691 les
464 3646 590 3706 colliges,
605 3647 638 3692 du
652 3647 724 3694 droit
736 3649 767 3694 de
781 3650 947 3710 cooptation,
958 3653 984 3696 ct
998 3649 1111 3710 preside.

98 3719 148 3765 par
162 3720 195 3751 un
211 3706 346 3769 mapisler.
361 3706 396 3752 Ce
410 3710 471 3754 sont
491 3722 534 3753 ces
553 3707 698 3756 decemviri
716 3711 760 3770 qui
775 3711 979 3758 introduisirent
991 3712 1006 3758 d
1020 3711 1104 3768 Rome

98 3769 158 3812 tout
177 3767 312 3828 l'appareil
329 3769 376 3815 des
389 3769 474 3814 cultes
494 3768 660 3830 lrclldniques
673 3775 700 3819 ct
717 3774 857 3820 orientaux
874 3773 1103 3836 (supplicationes.

100 3827 272 3889 lectisternia,
282 3828 423 3891 jejunium
437 3829 554 3892 Cereris,
570 3831 631 3894 etc.)

521 3947 557 3960 —
574 3919 625 3973 407
