<?xml version="1.0" encoding="UTF-8"?>
<!DOCTYPE html PUBLIC "-//W3C//DTD XHTML 1.0 Transitional//EN"
    "http://www.w3.org/TR/xhtml1/DTD/xhtml1-transitional.dtd">
<html xmlns="http://www.w3.org/1999/xhtml" xml:lang="en" lang="en">
 <head>
  <title>
</title>
<meta http-equiv="Content-Type" content="text/html;charset=utf-8" />
  <meta name='ocr-system' content='tesseract 3.04.00' />
  <meta name='ocr-capabilities' content='ocr_page ocr_carea ocr_par ocr_line ocrx_word'/>
</head>
<body>
  <div class='ocr_page' id='page_1' title='image "./depublicaprivat01arnagoog_0505.png"; bbox 0 0 2664 4234; ppageno 0'>
   <div class='ocr_carea' id='block_1_1' title="bbox 234 199 1253 270">
    <p class='ocr_par' dir='ltr' id='par_1_1' title="bbox 234 199 1253 270">
     <span class='ocr_line' id='line_1_1' title="bbox 234 199 1253 270; baseline -0.003 -12"><span class='ocrx_word' id='word_1_1' title='bbox 234 201 330 259; x_wconf 67' lang='grc' dir='ltr'>ι453.</span> <span class='ocrx_word' id='word_1_2' title='bbox 351 203 420 258; x_wconf 86' lang='lat' dir='ltr'>Les</span> <span class='ocrx_word' id='word_1_3' title='bbox 446 200 921 270; x_wconf 76' lang='lat' dir='ltr'>demonS,1nterme&#39;diaires</span> <span class='ocrx_word' id='word_1_4' title='bbox 941 203 1046 257; x_wconf 83' lang='lat' dir='ltr'>entre</span> <span class='ocrx_word' id='word_1_5' title='bbox 1063 201 1121 257; x_wconf 88' lang='lat' dir='ltr'>les</span> <span class='ocrx_word' id='word_1_6' title='bbox 1142 199 1253 256; x_wconf 84' lang='lat' dir='ltr'>dieux</span> 
     </span>
    </p>
   </div>
   <div class='ocr_carea' id='block_1_2' title="bbox 276 290 1228 518">
    <p class='ocr_par' dir='ltr' id='par_1_2' title="bbox 276 290 1228 518">
     <span class='ocr_line' id='line_1_2' title="bbox 599 290 897 346; baseline -0.007 0"><span class='ocrx_word' id='word_1_7' title='bbox 599 291 635 346; x_wconf 87' lang='lat' dir='ltr'>et</span> <span class='ocrx_word' id='word_1_8' title='bbox 650 290 707 346; x_wconf 88' lang='lat' dir='ltr'>les</span> <span class='ocrx_word' id='word_1_9' title='bbox 726 291 897 346; x_wconf 90' lang='lat' dir='ltr'>hommes.</span> 
     </span>
     <span class='ocr_line' id='line_1_3' title="bbox 276 373 1228 440; baseline -0.001 -17"><span class='ocrx_word' id='word_1_10' title='bbox 276 375 325 437; x_wconf 86' lang='lat' dir='ltr'>(De</span> <span class='ocrx_word' id='word_1_11' title='bbox 337 373 520 435; x_wconf 76' lang='lat' dir='ltr'>daemonibus,</span> <span class='ocrx_word' id='word_1_12' title='bbox 535 391 580 424; x_wconf 86' lang='lat' dir='ltr'>seu</span> <span class='ocrx_word' id='word_1_13' title='bbox 595 377 626 424; x_wconf 88' lang='lat' dir='ltr'>de</span> <span class='ocrx_word' id='word_1_14' title='bbox 642 376 805 440; x_wconf 82' lang='lat' dir='ltr'>quibusdem</span> <span class='ocrx_word' id='word_1_15' title='bbox 817 376 916 424; x_wconf 85' lang='lat' dir='ltr'>divinis</span> <span class='ocrx_word' id='word_1_16' title='bbox 929 376 1022 424; x_wconf 84' lang='lat' dir='ltr'>mediis</span> <span class='ocrx_word' id='word_1_17' title='bbox 1028 374 1228 440; x_wconf 80' lang='lat' dir='ltr'>potestatibus,</span> 
     </span>
     <span class='ocr_line' id='line_1_4' title="bbox 509 455 988 518; baseline 0 -16"><span class='ocrx_word' id='word_1_18' title='bbox 509 455 579 504; x_wconf 87' lang='lat' dir='ltr'>iuter</span> <span class='ocrx_word' id='word_1_19' title='bbox 591 456 652 504; x_wconf 86' lang='lat' dir='ltr'>deos</span> <span class='ocrx_word' id='word_1_20' title='bbox 665 459 691 503; x_wconf 85' lang='lat' dir='ltr'>et</span> <span class='ocrx_word' id='word_1_21' title='bbox 704 456 824 504; x_wconf 80' lang='lat' dir='ltr'>homines</span> <span class='ocrx_word' id='word_1_22' title='bbox 838 455 988 518; x_wconf 70' lang='lat' dir='ltr'>intersitis.)</span> 
     </span>
    </p>
   </div>
   <div class='ocr_carea' id='block_1_3' title="bbox 190 539 1260 2074">
    <p class='ocr_par' dir='ltr' id='par_1_3' title="bbox 190 539 1260 2074">
     <span class='ocr_line' id='line_1_5' title="bbox 190 539 1257 632; baseline -0.004 -22"><span class='ocrx_word' id='word_1_23' title='bbox 190 539 231 603; x_wconf 70' lang='grc' dir='ltr'>3ο</span> <span class='ocrx_word' id='word_1_24' title='bbox 286 553 365 610; x_wconf 88' lang='lat' dir='ltr'><strong>Sunt</strong></span> <span class='ocrx_word' id='word_1_25' title='bbox 379 553 519 632; x_wconf 86' lang='lat' dir='ltr'>quaedam</span> <span class='ocrx_word' id='word_1_26' title='bbox 540 554 653 612; x_wconf 84' lang='lat' dir='ltr'>divinae</span> <span class='ocrx_word' id='word_1_27' title='bbox 675 555 783 612; x_wconf 85' lang='lat' dir='ltr'>mediae</span> <span class='ocrx_word' id='word_1_28' title='bbox 803 561 980 632; x_wconf 63' lang='lat' dir='ltr'>potestates</span> <span class='ocrx_word' id='word_1_29' title='bbox 996 553 1078 611; x_wconf 90' lang='lat' dir='ltr'>inter</span> <span class='ocrx_word' id='word_1_30' title='bbox 1096 571 1257 611; x_wconf 88' lang='lat' dir='ltr'>summum</span> 
     </span>
     <span class='ocr_line' id='line_1_6' title="bbox 246 649 1258 728; baseline -0.001 -22"><span class='ocrx_word' id='word_1_31' title='bbox 246 649 361 708; x_wconf 85' lang='lat' dir='ltr'>aethera</span> <span class='ocrx_word' id='word_1_32' title='bbox 377 656 408 708; x_wconf 88' lang='lat' dir='ltr'>et</span> <span class='ocrx_word' id='word_1_33' title='bbox 423 651 543 708; x_wconf 86' lang='lat' dir='ltr'>infimas</span> <span class='ocrx_word' id='word_1_34' title='bbox 564 658 670 719; x_wconf 89' lang='lat' dir='ltr'>terras,</span> <span class='ocrx_word' id='word_1_35' title='bbox 687 651 716 708; x_wconf 92' lang='lat' dir='ltr'>in</span> <span class='ocrx_word' id='word_1_36' title='bbox 735 651 794 708; x_wconf 86' lang='lat' dir='ltr'>isto</span> <span class='ocrx_word' id='word_1_37' title='bbox 812 651 958 708; x_wconf 86' lang='lat' dir='ltr'>intersitae</span> <span class='ocrx_word' id='word_1_38' title='bbox 975 650 1053 708; x_wconf 87' lang='lat' dir='ltr'>aeris</span> <span class='ocrx_word' id='word_1_39' title='bbox 1069 651 1188 728; x_wconf 87' lang='lat' dir='ltr'>spatio,</span> <span class='ocrx_word' id='word_1_40' title='bbox 1206 670 1258 728; x_wconf 89' lang='lat' dir='ltr'>per</span> 
     </span>
     <span class='ocr_line' id='line_1_7' title="bbox 246 745 1260 825; baseline -0.003 -21"><span class='ocrx_word' id='word_1_41' title='bbox 246 767 321 825; x_wconf 88' lang='lat' dir='ltr'>quas</span> <span class='ocrx_word' id='word_1_42' title='bbox 337 754 367 804; x_wconf 85' lang='lat' dir='ltr'>et</span> <span class='ocrx_word' id='word_1_43' title='bbox 382 746 533 805; x_wconf 85' lang='lat' dir='ltr'>desideria</span> <span class='ocrx_word' id='word_1_44' title='bbox 550 756 653 806; x_wconf 85' lang='lat' dir='ltr'>nostra</span> <span class='ocrx_word' id='word_1_45' title='bbox 666 755 697 806; x_wconf 91' lang='lat' dir='ltr'>et</span> <span class='ocrx_word' id='word_1_46' title='bbox 716 747 823 806; x_wconf 88' lang='lat' dir='ltr'>merita</span> <span class='ocrx_word' id='word_1_47' title='bbox 839 747 876 804; x_wconf 88' lang='lat' dir='ltr'>ad</span> <span class='ocrx_word' id='word_1_48' title='bbox 897 747 969 805; x_wconf 87' lang='lat' dir='ltr'>deos</span> <span class='ocrx_word' id='word_1_49' title='bbox 989 754 1186 817; x_wconf 76' lang='lat' dir='ltr'>commeant,</span> <span class='ocrx_word' id='word_1_50' title='bbox 1204 745 1260 802; x_wconf 88' lang='lat' dir='ltr'>hos</span> 
     </span>
     <span class='ocr_line' id='line_1_8' title="bbox 247 842 1259 922; baseline -0.003 -20"><span class='ocrx_word' id='word_1_51' title='bbox 247 842 348 902; x_wconf 81' lang='lat' dir='ltr'>Graeci</span> <span class='ocrx_word' id='word_1_52' title='bbox 371 843 493 902; x_wconf 90' lang='lat' dir='ltr'>nomine</span> <span class='ocrx_word' id='word_1_53' title='bbox 514 847 662 922; x_wconf 69' lang='grc' dir='ltr'>δαίμονας*</span> <span class='ocrx_word' id='word_1_54' title='bbox 682 852 873 922; x_wconf 90' lang='lat' dir='ltr'>nuncupant.</span> <span class='ocrx_word' id='word_1_55' title='bbox 898 845 982 902; x_wconf 84' lang='lat' dir='ltr'>Inter</span> <span class='ocrx_word' id='word_1_56' title='bbox 997 842 1158 901; x_wconf 79' lang='lat' dir='ltr'><strong>terricolas</strong></span> <span class='ocrx_word' id='word_1_57' title='bbox 1177 843 1259 900; x_wconf 82' lang='lat' dir='ltr'>caeli-</span> 
     </span>
     <span class='ocr_line' id='line_1_9' title="bbox 246 939 1259 1019; baseline -0.002 -22"><span class='ocrx_word' id='word_1_58' title='bbox 246 939 390 1019; x_wconf 88' lang='lat' dir='ltr'>colasque</span> <span class='ocrx_word' id='word_1_59' title='bbox 412 948 561 1008; x_wconf 69' lang='lat' dir='ltr'>vectores</span> <span class='ocrx_word' id='word_1_60' title='bbox 580 940 652 1000; x_wconf 91' lang='lat' dir='ltr'>hinc</span> <span class='ocrx_word' id='word_1_61' title='bbox 672 961 809 1019; x_wconf 91' lang='lat' dir='ltr'>precum,</span> <span class='ocrx_word' id='word_1_62' title='bbox 824 940 895 1000; x_wconf 92' lang='lat' dir='ltr'>inde</span> <span class='ocrx_word' id='word_1_63' title='bbox 916 940 1082 1010; x_wconf 72' lang='lat' dir='ltr'>donorum,</span> <span class='ocrx_word' id='word_1_64' title='bbox 1103 940 1160 1018; x_wconf 91' lang='lat' dir='ltr'>qui</span> <span class='ocrx_word' id='word_1_65' title='bbox 1177 940 1259 998; x_wconf 89' lang='lat' dir='ltr'>ultro</span> 
     </span>
     <span class='ocr_line' id='line_1_10' title="bbox 246 1033 1260 1120; baseline -0.001 -26"><span class='ocrx_word' id='word_1_66' title='bbox 246 1036 323 1094; x_wconf 93' lang='lat' dir='ltr'>citro</span> <span class='ocrx_word' id='word_1_67' title='bbox 339 1045 474 1114; x_wconf 79' lang='lat' dir='ltr'>portant,</span> <span class='ocrx_word' id='word_1_68' title='bbox 492 1038 563 1095; x_wconf 88' lang='lat' dir='ltr'>hinc</span> <span class='ocrx_word' id='word_1_69' title='bbox 587 1038 762 1120; x_wconf 67' lang='lat' dir='ltr'>petitiones</span> <span class='ocrx_word' id='word_1_70' title='bbox 779 1037 848 1095; x_wconf 91' lang='lat' dir='ltr'>inde</span> <span class='ocrx_word' id='word_1_71' title='bbox 868 1037 1034 1116; x_wconf 67' lang='lat' dir='ltr'>suppetias</span> <span class='ocrx_word' id='word_1_72' title='bbox 1050 1057 1106 1094; x_wconf 92' lang='lat' dir='ltr'>ceu</span> <span class='ocrx_word' id='word_1_73' title='bbox 1128 1033 1260 1116; x_wconf 74' lang='lat' dir='ltr'>quidam</span> 
     </span>
     <span class='ocr_line' id='line_1_11' title="bbox 247 1133 1260 1213; baseline -0.004 -22"><span class='ocrx_word' id='word_1_74' title='bbox 247 1133 425 1213; x_wconf 86' lang='lat' dir='ltr'>utriusque*</span> <span class='ocrx_word' id='word_1_75' title='bbox 451 1134 633 1213; x_wconf 69' lang='lat' dir='ltr'><strong>interpretes</strong></span> <span class='ocrx_word' id='word_1_76' title='bbox 658 1144 688 1192; x_wconf 89' lang='lat' dir='ltr'>et</span> <span class='ocrx_word' id='word_1_77' title='bbox 708 1134 875 1211; x_wconf 79' lang='lat' dir='ltr'>salutigeri.</span> <span class='ocrx_word' id='word_1_78' title='bbox 904 1134 961 1192; x_wconf 90' lang='lat' dir='ltr'>Per</span> <span class='ocrx_word' id='word_1_79' title='bbox 980 1133 1034 1191; x_wconf 91' lang='lat' dir='ltr'>hos</span> <span class='ocrx_word' id='word_1_80' title='bbox 1059 1133 1206 1204; x_wconf 90' lang='lat' dir='ltr'>eosdem,</span> <span class='ocrx_word' id='word_1_81' title='bbox 1229 1141 1260 1188; x_wconf 84' lang='lat' dir='ltr'>ul</span> 
     </span>
     <span class='ocr_line' id='line_1_12' title="bbox 248 1229 1260 1310; baseline -0.002 -22"><span class='ocrx_word' id='word_1_82' title='bbox 248 1229 336 1288; x_wconf 86' lang='lat' dir='ltr'>Plato</span> <span class='ocrx_word' id='word_1_83' title='bbox 356 1231 387 1288; x_wconf 92' lang='lat' dir='ltr'>in</span> <span class='ocrx_word' id='word_1_84' title='bbox 408 1232 570 1310; x_wconf 79' lang='lat' dir='ltr'>Symposio</span> <span class='ocrx_word' id='word_1_85' title='bbox 593 1238 741 1299; x_wconf 85' lang='lat' dir='ltr'>autumat,</span> <span class='ocrx_word' id='word_1_86' title='bbox 757 1239 865 1289; x_wconf 84' lang='lat' dir='ltr'>cuncta</span> <span class='ocrx_word' id='word_1_87' title='bbox 886 1230 1077 1299; x_wconf 86' lang='lat' dir='ltr'>denuntiata,</span> <span class='ocrx_word' id='word_1_88' title='bbox 1098 1239 1129 1288; x_wconf 88' lang='lat' dir='ltr'>et</span> <span class='ocrx_word' id='word_1_89' title='bbox 1151 1250 1260 1307; x_wconf 86' lang='lat' dir='ltr'>mago-</span> 
     </span>
     <span class='ocr_line' id='line_1_13' title="bbox 247 1327 1260 1407; baseline -0.001 -23"><span class='ocrx_word' id='word_1_90' title='bbox 247 1347 314 1384; x_wconf 85' lang='lat' dir='ltr'>rum</span> <span class='ocrx_word' id='word_1_91' title='bbox 329 1328 412 1386; x_wconf 83' lang='lat' dir='ltr'>varia</span> <span class='ocrx_word' id='word_1_92' title='bbox 426 1329 584 1396; x_wconf 86' lang='lat' dir='ltr'>miracula,</span> <span class='ocrx_word' id='word_1_93' title='bbox 598 1349 765 1407; x_wconf 84' lang='lat' dir='ltr'>omnesque</span> <span class='ocrx_word' id='word_1_94' title='bbox 781 1328 996 1407; x_wconf 84' lang='lat' dir='ltr'>praesagiorum</span> <span class='ocrx_word' id='word_1_95' title='bbox 1010 1327 1128 1405; x_wconf 90' lang='lat' dir='ltr'>species</span> <span class='ocrx_word' id='word_1_96' title='bbox 1146 1347 1260 1404; x_wconf 87' lang='lat' dir='ltr'>regun-</span> 
     </span>
     <span class='ocr_line' id='line_1_14' title="bbox 249 1420 1257 1505; baseline 0.002 -26"><span class='ocrx_word' id='word_1_97' title='bbox 249 1431 308 1482; x_wconf 91' lang='lat' dir='ltr'>tur.</span> <span class='ocrx_word' id='word_1_98' title='bbox 335 1424 448 1483; x_wconf 86' lang='lat' dir='ltr'>Eorum</span> <span class='ocrx_word' id='word_1_99' title='bbox 479 1426 594 1505; x_wconf 82' lang='lat' dir='ltr'>quippe</span> <span class='ocrx_word' id='word_1_100' title='bbox 618 1424 655 1483; x_wconf 94' lang='lat' dir='ltr'>de</span> <span class='ocrx_word' id='word_1_101' title='bbox 684 1445 811 1483; x_wconf 90' lang='lat' dir='ltr'>numero</span> <span class='ocrx_word' id='word_1_102' title='bbox 838 1420 958 1504; x_wconf 80' lang='lat' dir='ltr'>praediti</span> <span class='ocrx_word' id='word_1_103' title='bbox 982 1433 1091 1482; x_wconf 84' lang='lat' dir='ltr'>curant</span> <span class='ocrx_word' id='word_1_104' title='bbox 1119 1423 1257 1502; x_wconf 82' lang='lat' dir='ltr'>singula,</span> 
     </span>
     <span class='ocr_line' id='line_1_15' title="bbox 250 1520 1260 1600; baseline -0.001 -23"><span class='ocrx_word' id='word_1_105' title='bbox 250 1520 375 1596; x_wconf 76' lang='lat' dir='ltr'>proinde</span> <span class='ocrx_word' id='word_1_106' title='bbox 394 1528 429 1579; x_wconf 88' lang='lat' dir='ltr'>ut</span> <span class='ocrx_word' id='word_1_107' title='bbox 448 1531 494 1580; x_wconf 91' lang='lat' dir='ltr'>cst</span> <span class='ocrx_word' id='word_1_108' title='bbox 511 1543 617 1581; x_wconf 90' lang='lat' dir='ltr'>eorum</span> <span class='ocrx_word' id='word_1_109' title='bbox 640 1522 749 1600; x_wconf 85' lang='lat' dir='ltr'>cuique</span> <span class='ocrx_word' id='word_1_110' title='bbox 770 1521 882 1580; x_wconf 86' lang='lat' dir='ltr'>tributa</span> <span class='ocrx_word' id='word_1_111' title='bbox 906 1521 1062 1600; x_wconf 85' lang='lat' dir='ltr'>provincia</span> <span class='ocrx_word' id='word_1_112' title='bbox 1080 1539 1086 1579; x_wconf 91' lang='lat'>:</span> <span class='ocrx_word' id='word_1_113' title='bbox 1104 1521 1158 1578; x_wconf 91' lang='lat' dir='ltr'>vel</span> <span class='ocrx_word' id='word_1_114' title='bbox 1178 1542 1260 1579; x_wconf 91' lang='lat' dir='ltr'>som-</span> 
     </span>
     <span class='ocr_line' id='line_1_16' title="bbox 249 1617 1259 1696; baseline -0.001 -22"><span class='ocrx_word' id='word_1_115' title='bbox 249 1617 326 1675; x_wconf 78' lang='lat' dir='ltr'>niis*</span> <span class='ocrx_word' id='word_1_116' title='bbox 346 1617 586 1688; x_wconf 77' lang='lat' dir='ltr'>conformandis,</span> <span class='ocrx_word' id='word_1_117' title='bbox 609 1619 655 1676; x_wconf 90' lang='lat' dir='ltr'>vel</span> <span class='ocrx_word' id='word_1_118' title='bbox 674 1619 751 1676; x_wconf 81' lang='lat' dir='ltr'>extis</span> <span class='ocrx_word' id='word_1_119' title='bbox 771 1617 984 1688; x_wconf 83' lang='lat' dir='ltr'>fissiculnndis,</span> <span class='ocrx_word' id='word_1_120' title='bbox 999 1617 1045 1675; x_wconf 93' lang='lat' dir='ltr'>vel</span> <span class='ocrx_word' id='word_1_121' title='bbox 1064 1619 1259 1696; x_wconf 82' lang='lat' dir='ltr'>praepetibus</span> 
     </span>
     <span class='ocr_line' id='line_1_17' title="bbox 248 1714 1258 1794; baseline -0.001 -23"><span class='ocrx_word' id='word_1_122' title='bbox 248 1714 467 1792; x_wconf 74' lang='lat' dir='ltr'>gubernandis,</span> <span class='ocrx_word' id='word_1_123' title='bbox 491 1716 538 1773; x_wconf 90' lang='lat' dir='ltr'>vel</span> <span class='ocrx_word' id='word_1_124' title='bbox 560 1716 715 1774; x_wconf 85' lang='lat' dir='ltr'>oscinibus</span> <span class='ocrx_word' id='word_1_125' title='bbox 738 1714 925 1785; x_wconf 63' lang='lat' dir='ltr'>erudiendis</span> <span class='ocrx_word' id='word_1_126' title='bbox 945 1715 993 1772; x_wconf 93' lang='lat' dir='ltr'>vel</span> <span class='ocrx_word' id='word_1_127' title='bbox 1012 1714 1136 1772; x_wconf 89' lang='lat' dir='ltr'>vatibus</span> <span class='ocrx_word' id='word_1_128' title='bbox 1162 1715 1258 1794; x_wconf 91' lang='lat' dir='ltr'>inspi-</span> 
     </span>
     <span class='ocr_line' id='line_1_18' title="bbox 248 1811 1256 1892; baseline 0.001 -25"><span class='ocrx_word' id='word_1_129' title='bbox 248 1811 361 1878; x_wconf 86' lang='lat' dir='ltr'>randis,</span> <span class='ocrx_word' id='word_1_130' title='bbox 379 1811 428 1869; x_wconf 91' lang='lat' dir='ltr'>vel</span> <span class='ocrx_word' id='word_1_131' title='bbox 441 1812 621 1871; x_wconf 76' lang='lat' dir='ltr'>fulminibus</span> <span class='ocrx_word' id='word_1_132' title='bbox 631 1812 815 1892; x_wconf 84' lang='lat' dir='ltr'>jaculandis,</span> <span class='ocrx_word' id='word_1_133' title='bbox 829 1812 877 1870; x_wconf 90' lang='lat' dir='ltr'>vel</span> <span class='ocrx_word' id='word_1_134' title='bbox 894 1811 1025 1870; x_wconf 89' lang='lat' dir='ltr'>nubibus</span> <span class='ocrx_word' id='word_1_135' title='bbox 1040 1812 1256 1880; x_wconf 88' lang='lat' dir='ltr'>coruscandis,</span> 
     </span>
     <span class='ocr_line' id='line_1_19' title="bbox 246 1908 1256 1988; baseline 0 -23"><span class='ocrx_word' id='word_1_136' title='bbox 246 1909 416 1986; x_wconf 86' lang='lat' dir='ltr'>ceterisque</span> <span class='ocrx_word' id='word_1_137' title='bbox 432 1908 507 1968; x_wconf 83' lang='lat' dir='ltr'>adeo</span> <span class='ocrx_word' id='word_1_138' title='bbox 524 1931 578 1988; x_wconf 90' lang='lat' dir='ltr'>per</span> <span class='ocrx_word' id='word_1_139' title='bbox 593 1930 660 1988; x_wconf 66' lang='lat' dir='ltr'>que}</span> <span class='ocrx_word' id='word_1_140' title='bbox 681 1909 802 1967; x_wconf 81' lang='lat' dir='ltr'>lutura*</span> <span class='ocrx_word' id='word_1_141' title='bbox 817 1909 1036 1986; x_wconf 83' lang='lat' dir='ltr'>dignoscimus.</span> <span class='ocrx_word' id='word_1_142' title='bbox 1053 1908 1128 1974; x_wconf 78' lang='lat' dir='ltr'>Quae</span> <span class='ocrx_word' id='word_1_143' title='bbox 1141 1917 1256 1967; x_wconf 84' lang='lat' dir='ltr'>cuncta</span> 
     </span>
     <span class='ocr_line' id='line_1_20' title="bbox 247 2005 1256 2074; baseline 0 -12"><span class='ocrx_word' id='word_1_144' title='bbox 247 2005 413 2062; x_wconf 68' lang='lat' dir='ltr'>celestium</span> <span class='ocrx_word' id='word_1_145' title='bbox 433 2006 592 2065; x_wconf 85' lang='lat' dir='ltr'>voluntate</span> <span class='ocrx_word' id='word_1_146' title='bbox 613 2015 642 2064; x_wconf 94' lang='lat' dir='ltr'>et</span> <span class='ocrx_word' id='word_1_147' title='bbox 660 2007 785 2065; x_wconf 91' lang='lat' dir='ltr'>numine</span> <span class='ocrx_word' id='word_1_148' title='bbox 805 2015 835 2063; x_wconf 89' lang='lat' dir='ltr'>et</span> <span class='ocrx_word' id='word_1_149' title='bbox 856 2006 1049 2074; x_wconf 69' lang='lat' dir='ltr'>auctoritaie,</span> <span class='ocrx_word' id='word_1_150' title='bbox 1066 2005 1118 2062; x_wconf 89' lang='lat' dir='ltr'>sed</span> <span class='ocrx_word' id='word_1_151' title='bbox 1140 2005 1256 2065; x_wconf 76' lang='lat' dir='ltr'>daemo</span> 
     </span>
    </p>
   </div>
   <div class='ocr_carea' id='block_1_4' title="bbox 247 2101 1258 2462">
    <p class='ocr_par' dir='ltr' id='par_1_4' title="bbox 247 2101 1258 2462">
     <span class='ocr_line' id='line_1_21' title="bbox 248 2101 1254 2182; baseline 0.001 -24"><span class='ocrx_word' id='word_1_152' title='bbox 248 2121 319 2158; x_wconf 91' lang='lat' dir='ltr'>num</span> <span class='ocrx_word' id='word_1_153' title='bbox 337 2101 485 2182; x_wconf 89' lang='lat' dir='ltr'>obsequio</span> <span class='ocrx_word' id='word_1_154' title='bbox 502 2111 532 2161; x_wconf 90' lang='lat' dir='ltr'>et</span> <span class='ocrx_word' id='word_1_155' title='bbox 547 2124 638 2182; x_wconf 87' lang='lat' dir='ltr'>opera</span> <span class='ocrx_word' id='word_1_156' title='bbox 655 2111 685 2161; x_wconf 91' lang='lat' dir='ltr'>et</span> <span class='ocrx_word' id='word_1_157' title='bbox 701 2103 871 2161; x_wconf 88' lang='lat' dir='ltr'>ministerio</span> <span class='ocrx_word' id='word_1_158' title='bbox 887 2103 950 2160; x_wconf 81' lang='lat' dir='ltr'>sieri</span> <span class='ocrx_word' id='word_1_159' title='bbox 965 2101 1185 2160; x_wconf 87' lang='lat' dir='ltr'>arbitrandum</span> <span class='ocrx_word' id='word_1_160' title='bbox 1202 2109 1254 2161; x_wconf 87' lang='lat' dir='ltr'>est.</span> 
     </span>
     <span class='ocr_line' id='line_1_22' title="bbox 247 2198 1256 2276; baseline 0 -22"><span class='ocrx_word' id='word_1_161' title='bbox 247 2198 398 2276; x_wconf 88' lang='lat' dir='ltr'>Superum</span> <span class='ocrx_word' id='word_1_162' title='bbox 414 2200 494 2258; x_wconf 91' lang='lat' dir='ltr'>enim</span> <span class='ocrx_word' id='word_1_163' title='bbox 509 2221 568 2258; x_wconf 93' lang='lat' dir='ltr'>non</span> <span class='ocrx_word' id='word_1_164' title='bbox 585 2207 631 2257; x_wconf 90' lang='lat' dir='ltr'>est</span> <span class='ocrx_word' id='word_1_165' title='bbox 646 2199 682 2258; x_wconf 87' lang='lat' dir='ltr'>ad</span> <span class='ocrx_word' id='word_1_166' title='bbox 693 2200 758 2258; x_wconf 67' lang='lat' dir='ltr'>haec</span> <span class='ocrx_word' id='word_1_167' title='bbox 770 2199 965 2258; x_wconf 88' lang='lat' dir='ltr'>descendere.</span> <span class='ocrx_word' id='word_1_168' title='bbox 978 2198 1155 2256; x_wconf 90' lang='lat' dir='ltr'>Mediorum</span> <span class='ocrx_word' id='word_1_169' title='bbox 1168 2201 1256 2257; x_wconf 93' lang='lat' dir='ltr'>divo-</span> 
     </span>
     <span class='ocr_line' id='line_1_23' title="bbox 247 2278 1258 2375; baseline 0.003 -25"><span class='ocrx_word' id='word_1_170' title='bbox 247 2299 333 2351; x_wconf 84' lang='lat' dir='ltr'>rum*</span> <span class='ocrx_word' id='word_1_171' title='bbox 345 2295 402 2353; x_wconf 85' lang='lat' dir='ltr'>ista</span> <span class='ocrx_word' id='word_1_172' title='bbox 416 2278 537 2355; x_wconf 83' lang='lat' dir='ltr'>sortitio</span> <span class='ocrx_word' id='word_1_173' title='bbox 551 2305 606 2369; x_wconf 83' lang='lat' dir='ltr'>est,</span> <span class='ocrx_word' id='word_1_174' title='bbox 618 2297 669 2375; x_wconf 93' lang='lat' dir='ltr'>qui</span> <span class='ocrx_word' id='word_1_175' title='bbox 682 2296 711 2353; x_wconf 94' lang='lat' dir='ltr'>in</span> <span class='ocrx_word' id='word_1_176' title='bbox 724 2296 909 2375; x_wconf 83' lang='lat' dir='ltr'>aerisplagis</span> <span class='ocrx_word' id='word_1_177' title='bbox 921 2303 1010 2354; x_wconf 85' lang='lat' dir='ltr'>terrae</span> <span class='ocrx_word' id='word_1_178' title='bbox 1020 2295 1193 2373; x_wconf 86' lang='lat' dir='ltr'>contiguis,</span> <span class='ocrx_word' id='word_1_179' title='bbox 1205 2315 1258 2354; x_wconf 89' lang='lat' dir='ltr'>nec</span> 
     </span>
     <span class='ocr_line' id='line_1_24' title="bbox 248 2391 829 2462; baseline 0.005 -16"><span class='ocrx_word' id='word_1_180' title='bbox 248 2391 350 2448; x_wconf 90' lang='lat' dir='ltr'>minus</span> <span class='ocrx_word' id='word_1_181' title='bbox 366 2394 540 2452; x_wconf 86' lang='lat' dir='ltr'>confinibus</span> <span class='ocrx_word' id='word_1_182' title='bbox 554 2394 640 2462; x_wconf 82' lang='lat' dir='ltr'>ceel0,</span> <span class='ocrx_word' id='word_1_183' title='bbox 656 2401 829 2450; x_wconf 84' lang='lat' dir='ltr'>versantur.</span> 
     </span>
    </p>
   </div>
   <div class='ocr_carea' id='block_1_5' title="bbox 247 2527 1258 3768">
    <p class='ocr_par' dir='ltr' id='par_1_5' title="bbox 247 2527 1258 3768">
     <span class='ocr_line' id='line_1_25' title="bbox 259 2527 1257 2597; baseline -0.003 -19"><span class='ocrx_word' id='word_1_184' title='bbox 259 2534 260 2540; x_wconf 77' lang='grc'>’</span> <span class='ocrx_word' id='word_1_185' title='bbox 282 2527 323 2578; x_wconf 80' lang='grc' dir='ltr'>Νο</span> <span class='ocrx_word' id='word_1_186' title='bbox 336 2527 404 2578; x_wconf 88' lang='lat'>453</span> <span class='ocrx_word' id='word_1_187' title='bbox 419 2544 424 2576; x_wconf 87' lang='lat'>:</span> <span class='ocrx_word' id='word_1_188' title='bbox 439 2532 573 2597; x_wconf 71' lang='grc' dir='ltr'><strong>Δαίμονας.</strong></span> <span class='ocrx_word' id='word_1_189' title='bbox 589 2530 609 2577; x_wconf 85' lang='grc' dir='ltr'>ΙΙ</span> <span class='ocrx_word' id='word_1_190' title='bbox 623 2529 699 2590; x_wconf 82' lang='lat' dir='ltr'>s&#39;agit</span> <span class='ocrx_word' id='word_1_191' title='bbox 709 2530 756 2575; x_wconf 89' lang='lat' dir='ltr'>des</span> <span class='ocrx_word' id='word_1_192' title='bbox 769 2529 880 2576; x_wconf 82' lang='lat' dir='ltr'>dc&#39;mons</span> <span class='ocrx_word' id='word_1_193' title='bbox 894 2528 999 2590; x_wconf 82' lang='lat' dir='ltr'>appele&#39;s</span> <span class='ocrx_word' id='word_1_194' title='bbox 1010 2527 1143 2596; x_wconf 74' lang='grc' dir='ltr'>πρόπολοι,</span> <span class='ocrx_word' id='word_1_195' title='bbox 1156 2530 1257 2578; x_wconf 89' lang='lat' dir='ltr'>dontle</span> 
     </span>
     <span class='ocr_line' id='line_1_26' title="bbox 249 2597 1257 2648; baseline 0.002 -5"><span class='ocrx_word' id='word_1_196' title='bbox 249 2598 303 2643; x_wconf 77' lang='lat' dir='ltr'>role</span> <span class='ocrx_word' id='word_1_197' title='bbox 313 2601 354 2644; x_wconf 87' lang='lat' dir='ltr'>est</span> <span class='ocrx_word' id='word_1_198' title='bbox 366 2597 503 2646; x_wconf 80' lang='lat' dir='ltr'>d’assistcr</span> <span class='ocrx_word' id='word_1_199' title='bbox 521 2601 557 2647; x_wconf 89' lang='lat' dir='ltr'>les</span> <span class='ocrx_word' id='word_1_200' title='bbox 575 2601 653 2646; x_wconf 84' lang='lat' dir='ltr'>dieux</span> <span class='ocrx_word' id='word_1_201' title='bbox 673 2601 686 2645; x_wconf 78' lang='lat' dir='ltr'>a</span> <span class='ocrx_word' id='word_1_202' title='bbox 707 2600 768 2646; x_wconf 87' lang='lat' dir='ltr'>titre</span> <span class='ocrx_word' id='word_1_203' title='bbox 781 2599 958 2646; x_wconf 78' lang='lat' dir='ltr'>d&#39;auxiliuires</span> <span class='ocrx_word' id='word_1_204' title='bbox 971 2602 997 2647; x_wconf 90' lang='lat' dir='ltr'>et</span> <span class='ocrx_word' id='word_1_205' title='bbox 1012 2599 1045 2644; x_wconf 90' lang='lat' dir='ltr'>de</span> <span class='ocrx_word' id='word_1_206' title='bbox 1060 2600 1212 2648; x_wconf 88' lang='lat' dir='ltr'>ministres.</span> <span class='ocrx_word' id='word_1_207' title='bbox 1225 2601 1257 2648; x_wconf 85' lang='lat' dir='ltr'>Ils</span> 
     </span>
     <span class='ocr_line' id='line_1_27' title="bbox 248 2660 1257 2722; baseline 0.003 -18"><span class='ocrx_word' id='word_1_208' title='bbox 248 2663 310 2705; x_wconf 89' lang='lat' dir='ltr'>sont</span> <span class='ocrx_word' id='word_1_209' title='bbox 322 2660 376 2706; x_wconf 79' lang='lat' dir='ltr'>trts</span> <span class='ocrx_word' id='word_1_210' title='bbox 389 2662 544 2717; x_wconf 82' lang='lat' dir='ltr'>nombreux,</span> <span class='ocrx_word' id='word_1_211' title='bbox 558 2665 583 2708; x_wconf 90' lang='lat' dir='ltr'>et</span> <span class='ocrx_word' id='word_1_212' title='bbox 597 2663 629 2708; x_wconf 93' lang='lat' dir='ltr'>ils</span> <span class='ocrx_word' id='word_1_213' title='bbox 642 2661 715 2707; x_wconf 73' lang='lat' dir='ltr'>nont</span> <span class='ocrx_word' id='word_1_214' title='bbox 726 2676 772 2722; x_wconf 86' lang='lat' dir='ltr'>pas</span> <span class='ocrx_word' id='word_1_215' title='bbox 788 2661 830 2708; x_wconf 76' lang='lat' dir='ltr'>e&#39;te</span> <span class='ocrx_word' id='word_1_216' title='bbox 843 2661 929 2707; x_wconf 90' lang='lat' dir='ltr'>moins</span> <span class='ocrx_word' id='word_1_217' title='bbox 946 2661 1052 2706; x_wconf 85' lang='lat' dir='ltr'>vivants</span> <span class='ocrx_word' id='word_1_218' title='bbox 1068 2661 1137 2707; x_wconf 87' lang='lat' dir='ltr'>dans</span> <span class='ocrx_word' id='word_1_219' title='bbox 1148 2661 1257 2722; x_wconf 78' lang='lat' dir='ltr'>l&#39;imagi—</span> 
     </span>
     <span class='ocr_line' id='line_1_28' title="bbox 248 2721 1256 2785; baseline 0.002 -19"><span class='ocrx_word' id='word_1_220' title='bbox 248 2721 339 2767; x_wconf 85' lang='lat' dir='ltr'>nation</span> <span class='ocrx_word' id='word_1_221' title='bbox 353 2721 399 2768; x_wconf 90' lang='lat' dir='ltr'>des</span> <span class='ocrx_word' id='word_1_222' title='bbox 413 2723 496 2770; x_wconf 90' lang='lat' dir='ltr'>Grecs</span> <span class='ocrx_word' id='word_1_223' title='bbox 509 2739 560 2784; x_wconf 88' lang='lat' dir='ltr'>que</span> <span class='ocrx_word' id='word_1_224' title='bbox 574 2724 610 2770; x_wconf 91' lang='lat' dir='ltr'>les</span> <span class='ocrx_word' id='word_1_225' title='bbox 623 2723 720 2783; x_wconf 80' lang='lat' dir='ltr'>grands</span> <span class='ocrx_word' id='word_1_226' title='bbox 731 2724 817 2769; x_wconf 83' lang='lat' dir='ltr'>(lieux.</span> <span class='ocrx_word' id='word_1_227' title='bbox 838 2722 872 2768; x_wconf 92' lang='lat' dir='ltr'>lls</span> <span class='ocrx_word' id='word_1_228' title='bbox 890 2737 918 2769; x_wconf 87' lang='lat' dir='ltr'>se</span> <span class='ocrx_word' id='word_1_229' title='bbox 937 2726 1076 2782; x_wconf 78' lang='lat' dir='ltr'>partegent</span> <span class='ocrx_word' id='word_1_230' title='bbox 1089 2722 1128 2768; x_wconf 89' lang='lat' dir='ltr'>les</span> <span class='ocrx_word' id='word_1_231' title='bbox 1142 2726 1256 2785; x_wconf 87' lang='lat' dir='ltr'>emplois</span> 
     </span>
     <span class='ocr_line' id='line_1_29' title="bbox 247 2783 1255 2845; baseline 0.003 -18"><span class='ocrx_word' id='word_1_232' title='bbox 247 2783 337 2828; x_wconf 83' lang='lat' dir='ltr'>divers</span> <span class='ocrx_word' id='word_1_233' title='bbox 350 2785 376 2828; x_wconf 90' lang='lat' dir='ltr'>et</span> <span class='ocrx_word' id='word_1_234' title='bbox 389 2783 426 2831; x_wconf 90' lang='lat' dir='ltr'>les</span> <span class='ocrx_word' id='word_1_235' title='bbox 438 2786 541 2832; x_wconf 87' lang='lat' dir='ltr'>actions</span> <span class='ocrx_word' id='word_1_236' title='bbox 551 2787 597 2831; x_wconf 85' lang='lat' dir='ltr'>des</span> <span class='ocrx_word' id='word_1_237' title='bbox 610 2786 706 2845; x_wconf 79' lang='lat' dir='ltr'>grands</span> <span class='ocrx_word' id='word_1_238' title='bbox 718 2785 809 2841; x_wconf 72' lang='lat' dir='ltr'>(lieux,</span> <span class='ocrx_word' id='word_1_239' title='bbox 821 2784 853 2830; x_wconf 92' lang='lat' dir='ltr'>ils</span> <span class='ocrx_word' id='word_1_240' title='bbox 864 2788 972 2830; x_wconf 85' lang='lat' dir='ltr'>servent</span> <span class='ocrx_word' id='word_1_241' title='bbox 984 2784 998 2830; x_wconf 76' lang='lat' dir='ltr'>a</span> <span class='ocrx_word' id='word_1_242' title='bbox 1011 2799 1090 2830; x_wconf 75' lang='lat' dir='ltr'>orne-r</span> <span class='ocrx_word' id='word_1_243' title='bbox 1101 2784 1163 2830; x_wconf 89' lang='lat' dir='ltr'>leur</span> <span class='ocrx_word' id='word_1_244' title='bbox 1175 2786 1255 2833; x_wconf 83' lang='lat' dir='ltr'>culte.</span> 
     </span>
     <span class='ocr_line' id='line_1_30' title="bbox 249 2843 1257 2907; baseline 0.007 -18"><span class='ocrx_word' id='word_1_245' title='bbox 249 2843 283 2889; x_wconf 89' lang='lat' dir='ltr'>Le</span> <span class='ocrx_word' id='word_1_246' title='bbox 296 2847 441 2907; x_wconf 78' lang='lat' dir='ltr'>prototypc</span> <span class='ocrx_word' id='word_1_247' title='bbox 451 2846 510 2892; x_wconf 75' lang='lat' dir='ltr'>d&#39;un</span> <span class='ocrx_word' id='word_1_248' title='bbox 521 2848 602 2906; x_wconf 76' lang='lat' dir='ltr'>grand</span> <span class='ocrx_word' id='word_1_249' title='bbox 617 2846 728 2892; x_wconf 86' lang='lat' dir='ltr'>nombre</span> <span class='ocrx_word' id='word_1_250' title='bbox 737 2846 942 2892; x_wconf 78' lang='lat' dir='ltr'>d&#39;cntreeuxest</span> <span class='ocrx_word' id='word_1_251' title='bbox 951 2845 1071 2891; x_wconf 77' lang='lat' dir='ltr'>Hermes</span> <span class='ocrx_word' id='word_1_252' title='bbox 1083 2872 1112 2878; x_wconf 96' lang='lat'>-</span> <span class='ocrx_word' id='word_1_253' title='bbox 1122 2845 1257 2896; x_wconf 74' lang='lat' dir='ltr'>Uinius-</span> 
     </span>
     <span class='ocr_line' id='line_1_31' title="bbox 250 2905 1257 2969; baseline 0.001 -16"><span class='ocrx_word' id='word_1_254' title='bbox 250 2917 322 2965; x_wconf 84' lang='lat' dir='ltr'>que,</span> <span class='ocrx_word' id='word_1_255' title='bbox 337 2919 369 2951; x_wconf 85' lang='lat' dir='ltr'>au</span> <span class='ocrx_word' id='word_1_256' title='bbox 381 2913 483 2961; x_wconf 77' lang='lat' dir='ltr'>ncutre,</span> <span class='ocrx_word' id='word_1_257' title='bbox 496 2909 602 2968; x_wconf 64' lang='lat' dir='ltr'>designo</span> <span class='ocrx_word' id='word_1_258' title='bbox 623 2907 765 2969; x_wconf 83' lang='lat' dir='ltr'>petitiones</span> <span class='ocrx_word' id='word_1_259' title='bbox 786 2911 813 2954; x_wconf 91' lang='lat' dir='ltr'>ct</span> <span class='ocrx_word' id='word_1_260' title='bbox 827 2906 971 2968; x_wconf 77' lang='lat' dir='ltr'>suppetias,</span> <span class='ocrx_word' id='word_1_261' title='bbox 991 2933 1017 2940; x_wconf 89' lang='lat'>-·</span> <span class='ocrx_word' id='word_1_262' title='bbox 1038 2905 1193 2957; x_wconf 79' lang='lat' dir='ltr'>somniis.</span> <span class='ocrx_word' id='word_1_263' title='bbox 1211 2910 1257 2955; x_wconf 85' lang='lat' dir='ltr'>Les</span> 
     </span>
     <span class='ocr_line' id='line_1_32' title="bbox 248 2967 1257 3034; baseline -0.002 -16"><span class='ocrx_word' id='word_1_264' title='bbox 248 2967 370 3034; x_wconf 72' lang='grc' dir='ltr'>πρόπολοι</span> <span class='ocrx_word' id='word_1_265' title='bbox 384 2974 444 3016; x_wconf 86' lang='lat' dir='ltr'>sont</span> <span class='ocrx_word' id='word_1_266' title='bbox 455 2971 699 3031; x_wconf 77' lang='lat' dir='ltr'>particuli&#39;eremcnt</span> <span class='ocrx_word' id='word_1_267' title='bbox 716 2970 863 3015; x_wconf 85' lang='lat' dir='ltr'>nombreux</span> <span class='ocrx_word' id='word_1_268' title='bbox 874 2972 971 3014; x_wconf 84' lang='lat' dir='ltr'>auteur</span> <span class='ocrx_word' id='word_1_269' title='bbox 983 2969 1030 3014; x_wconf 90' lang='lat' dir='ltr'>des</span> <span class='ocrx_word' id='word_1_270' title='bbox 1041 2967 1171 3016; x_wconf 77' lang='lat' dir='ltr'>divinites</span> <span class='ocrx_word' id='word_1_271' title='bbox 1187 2986 1257 3032; x_wconf 70' lang='lat' dir='ltr'>mys-</span> 
     </span>
     <span class='ocr_line' id='line_1_33' title="bbox 247 3029 1258 3091; baseline -0.005 -8"><span class='ocrx_word' id='word_1_272' title='bbox 247 3035 377 3083; x_wconf 77' lang='lat' dir='ltr'>terieuses</span> <span class='ocrx_word' id='word_1_273' title='bbox 391 3036 417 3078; x_wconf 88' lang='lat' dir='ltr'>et</span> <span class='ocrx_word' id='word_1_274' title='bbox 428 3033 621 3078; x_wconf 87' lang='lat' dir='ltr'>chthonicnncs</span> <span class='ocrx_word' id='word_1_275' title='bbox 640 3032 785 3091; x_wconf 64' lang='lat' dir='ltr'>[Dtiueten</span> <span class='ocrx_word' id='word_1_276' title='bbox 806 3031 881 3087; x_wconf 83' lang='lat' dir='ltr'>Corn,</span> <span class='ocrx_word' id='word_1_277' title='bbox 902 3029 1000 3088; x_wconf 78' lang='lat' dir='ltr'>Hndts,</span> <span class='ocrx_word' id='word_1_278' title='bbox 1014 3029 1172 3090; x_wconf 64' lang='lat' dir='ltr'>Dionysos),</span> <span class='ocrx_word' id='word_1_279' title='bbox 1192 3047 1258 3078; x_wconf 82' lang='lat' dir='ltr'>aux-</span> 
     </span>
     <span class='ocr_line' id='line_1_34' title="bbox 247 3091 1257 3159; baseline -0.006 -15"><span class='ocrx_word' id='word_1_280' title='bbox 247 3098 348 3159; x_wconf 89' lang='lat' dir='ltr'>quelles</span> <span class='ocrx_word' id='word_1_281' title='bbox 366 3098 397 3143; x_wconf 90' lang='lat' dir='ltr'>ils</span> <span class='ocrx_word' id='word_1_282' title='bbox 421 3097 592 3154; x_wconf 87' lang='lat' dir='ltr'>empruntcut</span> <span class='ocrx_word' id='word_1_283' title='bbox 609 3094 721 3154; x_wconf 85' lang='lat' dir='ltr'>quelque</span> <span class='ocrx_word' id='word_1_284' title='bbox 737 3093 817 3139; x_wconf 89' lang='lat' dir='ltr'>chose</span> <span class='ocrx_word' id='word_1_285' title='bbox 839 3092 871 3137; x_wconf 92' lang='lat' dir='ltr'>de</span> <span class='ocrx_word' id='word_1_286' title='bbox 890 3091 998 3137; x_wconf 89' lang='lat' dir='ltr'>terrible</span> <span class='ocrx_word' id='word_1_287' title='bbox 1010 3099 1048 3137; x_wconf 83' lang='lat' dir='ltr'>&#39;ou</span> <span class='ocrx_word' id='word_1_288' title='bbox 1064 3091 1096 3136; x_wconf 88' lang='lat' dir='ltr'>de</span> <span class='ocrx_word' id='word_1_289' title='bbox 1117 3092 1257 3140; x_wconf 87' lang='lat' dir='ltr'>me&#39;lanco-</span> 
     </span>
     <span class='ocr_line' id='line_1_35' title="bbox 249 3153 1256 3221; baseline 0.001 -17"><span class='ocrx_word' id='word_1_290' title='bbox 249 3161 319 3221; x_wconf 89' lang='lat' dir='ltr'>lique</span> <span class='ocrx_word' id='word_1_291' title='bbox 333 3161 381 3219; x_wconf 71' lang='lat' dir='ltr'>(les</span> <span class='ocrx_word' id='word_1_292' title='bbox 395 3155 502 3214; x_wconf 66' lang='lat' dir='ltr'>Songes,</span> <span class='ocrx_word' id='word_1_293' title='bbox 520 3155 640 3216; x_wconf 63' lang='lat' dir='ltr'>Hp&#39;pnos,</span> <span class='ocrx_word' id='word_1_294' title='bbox 653 3155 806 3214; x_wconf 77' lang='lat' dir='ltr'>l&#39;lrnnatos).</span> <span class='ocrx_word' id='word_1_295' title='bbox 820 3180 848 3187; x_wconf 94' lang='lat'><em>-</em></span> <span class='ocrx_word' id='word_1_296' title='bbox 861 3153 997 3202; x_wconf 79' lang='lat' dir='ltr'>Futura.</span> <span class='ocrx_word' id='word_1_297' title='bbox 1012 3153 1077 3198; x_wconf 73' lang='lat' dir='ltr'>Voir</span> <span class='ocrx_word' id='word_1_298' title='bbox 1089 3167 1122 3198; x_wconf 76' lang='lat' dir='ltr'>au</span> <span class='ocrx_word' id='word_1_299' title='bbox 1137 3154 1256 3216; x_wconf 74' lang='lat' dir='ltr'>lexiqut.</span> 
     </span>
     <span class='ocr_line' id='line_1_36' title="bbox 248 3213 1256 3282; baseline -0.005 -14"><span class='ocrx_word' id='word_1_300' title='bbox 248 3237 316 3282; x_wconf 92' lang='lat' dir='ltr'>pour</span> <span class='ocrx_word' id='word_1_301' title='bbox 330 3217 506 3280; x_wconf 75' lang='lat' dir='ltr'>l&#39;explication</span> <span class='ocrx_word' id='word_1_302' title='bbox 520 3217 552 3262; x_wconf 88' lang='lat' dir='ltr'>de</span> <span class='ocrx_word' id='word_1_303' title='bbox 562 3220 631 3263; x_wconf 89' lang='lat' dir='ltr'>cette</span> <span class='ocrx_word' id='word_1_304' title='bbox 645 3217 748 3277; x_wconf 82' lang='lat' dir='ltr'>phrase,</span> <span class='ocrx_word' id='word_1_305' title='bbox 762 3215 799 3262; x_wconf 89' lang='lat' dir='ltr'>les</span> <span class='ocrx_word' id='word_1_306' title='bbox 810 3217 879 3261; x_wconf 86' lang='lat' dir='ltr'>mets</span> <span class='ocrx_word' id='word_1_307' title='bbox 892 3229 990 3276; x_wconf 73' lang='lat' dir='ltr'>arigur,</span> <span class='ocrx_word' id='word_1_308' title='bbox 1004 3213 1151 3275; x_wconf 66' lang='lat' dir='ltr'>haruspex,</span> <span class='ocrx_word' id='word_1_309' title='bbox 1160 3217 1256 3277; x_wconf 84' lang='lat' dir='ltr'>ponti-</span> 
     </span>
     <span class='ocr_line' id='line_1_37' title="bbox 248 3274 1254 3344; baseline -0.006 -14"><span class='ocrx_word' id='word_1_310' title='bbox 248 3284 299 3344; x_wconf 60' lang='grc' dir='ltr'>ιω,</span> <span class='ocrx_word' id='word_1_311' title='bbox 312 3277 524 3344; x_wconf 76' lang='lat' dir='ltr'>quindecemriri</span> <span class='ocrx_word' id='word_1_312' title='bbox 535 3278 559 3325; x_wconf 91' lang='lat' dir='ltr'>S.</span> <span class='ocrx_word' id='word_1_313' title='bbox 573 3278 599 3334; x_wconf 88' lang='lat' dir='ltr'>F,</span> <span class='ocrx_word' id='word_1_314' title='bbox 614 3276 763 3324; x_wconf 72' lang='lat' dir='ltr'>Decemviri</span> <span class='ocrx_word' id='word_1_315' title='bbox 776 3277 799 3324; x_wconf 88' lang='lat' dir='ltr'>S.</span> <span class='ocrx_word' id='word_1_316' title='bbox 812 3277 839 3324; x_wconf 84' lang='lat' dir='ltr'>F.</span> <span class='ocrx_word' id='word_1_317' title='bbox 852 3303 877 3310; x_wconf 93' lang='lat'><strong>—</strong></span> <span class='ocrx_word' id='word_1_318' title='bbox 889 3275 1073 3324; x_wconf 86' lang='lat' dir='ltr'>Mediorum</span> <span class='ocrx_word' id='word_1_319' title='bbox 1087 3274 1254 3327; x_wconf 84' lang='lat' dir='ltr'>divorum.</span> 
     </span>
     <span class='ocr_line' id='line_1_38' title="bbox 249 3337 1257 3400; baseline -0.004 -9"><span class='ocrx_word' id='word_1_320' title='bbox 249 3346 284 3392; x_wconf 87' lang='lat' dir='ltr'>La</span> <span class='ocrx_word' id='word_1_321' title='bbox 297 3345 398 3391; x_wconf 78' lang='lat' dir='ltr'>theorie</span> <span class='ocrx_word' id='word_1_322' title='bbox 412 3342 444 3387; x_wconf 92' lang='lat' dir='ltr'>de</span> <span class='ocrx_word' id='word_1_323' title='bbox 467 3342 491 3386; x_wconf 84' lang='lat' dir='ltr'>la</span> <span class='ocrx_word' id='word_1_324' title='bbox 511 3339 742 3400; x_wconf 83' lang='lat' dir='ltr'>mc&#39;tcmpsychose</span> <span class='ocrx_word' id='word_1_325' title='bbox 757 3338 852 3384; x_wconf 64' lang='lat' dir='ltr'>stabnt</span> <span class='ocrx_word' id='word_1_326' title='bbox 874 3353 924 3384; x_wconf 90' lang='lat' dir='ltr'>unc</span> <span class='ocrx_word' id='word_1_327' title='bbox 944 3337 1091 3384; x_wconf 74' lang='lat' dir='ltr'>hieiorcliie</span> <span class='ocrx_word' id='word_1_328' title='bbox 1106 3339 1195 3397; x_wconf 83' lang='lat' dir='ltr'>parmi</span> <span class='ocrx_word' id='word_1_329' title='bbox 1214 3355 1257 3387; x_wconf 83' lang='lat' dir='ltr'>ces</span> 
     </span>
     <span class='ocr_line' id='line_1_39' title="bbox 249 3399 1257 3466; baseline -0.006 -13"><span class='ocrx_word' id='word_1_330' title='bbox 249 3405 358 3453; x_wconf 72' lang='lat' dir='ltr'>dentons</span> <span class='ocrx_word' id='word_1_331' title='bbox 371 3404 416 3466; x_wconf 89' lang='lat' dir='ltr'>qui</span> <span class='ocrx_word' id='word_1_332' title='bbox 430 3403 599 3462; x_wconf 87' lang='lat' dir='ltr'>remplissent</span> <span class='ocrx_word' id='word_1_333' title='bbox 619 3401 753 3447; x_wconf 85' lang='lat' dir='ltr'>l&#39;univers.</span> <span class='ocrx_word' id='word_1_334' title='bbox 770 3419 779 3440; x_wconf 70' lang='grc' dir='ltr'>α</span> <span class='ocrx_word' id='word_1_335' title='bbox 796 3399 882 3446; x_wconf 68' lang='lat' dir='ltr'>neme</span> <span class='ocrx_word' id='word_1_336' title='bbox 900 3400 1023 3446; x_wconf 87' lang='lat' dir='ltr'>humainc</span> <span class='ocrx_word' id='word_1_337' title='bbox 1037 3405 1078 3444; x_wconf 76' lang='lat' dir='ltr'>est</span> <span class='ocrx_word' id='word_1_338' title='bbox 1094 3411 1132 3444; x_wconf 66' lang='lat' dir='ltr'>‘un</span> <span class='ocrx_word' id='word_1_339' title='bbox 1154 3400 1257 3448; x_wconf 73' lang='lat' dir='ltr'>denum</span> 
     </span>
     <span class='ocr_line' id='line_1_40' title="bbox 248 3461 1258 3529; baseline -0.005 -14"><span class='ocrx_word' id='word_1_340' title='bbox 248 3465 417 3529; x_wconf 79' lang='lat' dir='ltr'>emprisonne</span> <span class='ocrx_word' id='word_1_341' title='bbox 440 3465 506 3510; x_wconf 81' lang='lat' dir='ltr'>dans</span> <span class='ocrx_word' id='word_1_342' title='bbox 525 3463 547 3510; x_wconf 87' lang='lat' dir='ltr'>la</span> <span class='ocrx_word' id='word_1_343' title='bbox 566 3463 689 3518; x_wconf 66' lang='lat' dir='ltr'>mentre,</span> <span class='ocrx_word' id='word_1_344' title='bbox 722 3462 786 3507; x_wconf 91' lang='lat' dir='ltr'>mais</span> <span class='ocrx_word' id='word_1_345' title='bbox 803 3461 853 3522; x_wconf 86' lang='lat' dir='ltr'>ily</span> <span class='ocrx_word' id='word_1_346' title='bbox 872 3476 886 3507; x_wconf 86' lang='lat' dir='ltr'>n</span> <span class='ocrx_word' id='word_1_347' title='bbox 904 3462 950 3507; x_wconf 89' lang='lat' dir='ltr'>des</span> <span class='ocrx_word' id='word_1_348' title='bbox 967 3461 1078 3507; x_wconf 78' lang='lat' dir='ltr'>ddnrons</span> <span class='ocrx_word' id='word_1_349' title='bbox 1100 3461 1215 3521; x_wconf 71' lang='lat' dir='ltr'>purifies</span> <span class='ocrx_word' id='word_1_350' title='bbox 1234 3467 1258 3510; x_wconf 87' lang='lat' dir='ltr'>et</span> 
     </span>
     <span class='ocr_line' id='line_1_41' title="bbox 249 3521 1257 3586; baseline -0.005 -10"><span class='ocrx_word' id='word_1_351' title='bbox 249 3529 390 3577; x_wconf 82' lang='lat' dir='ltr'>atl&#39;mnchis</span> <span class='ocrx_word' id='word_1_352' title='bbox 408 3526 453 3586; x_wconf 87' lang='lat' dir='ltr'>qui</span> <span class='ocrx_word' id='word_1_353' title='bbox 467 3524 589 3570; x_wconf 81' lang='lat' dir='ltr'>habitent</span> <span class='ocrx_word' id='word_1_354' title='bbox 602 3523 658 3570; x_wconf 81' lang='lat' dir='ltr'>l&#39;nir</span> <span class='ocrx_word' id='word_1_355' title='bbox 671 3525 813 3582; x_wconf 91' lang='lat' dir='ltr'>lumineux,</span> <span class='ocrx_word' id='word_1_356' title='bbox 828 3527 854 3570; x_wconf 89' lang='lat' dir='ltr'>et</span> <span class='ocrx_word' id='word_1_357' title='bbox 867 3521 983 3569; x_wconf 78' lang='lat' dir='ltr'>d&#39;autres</span> <span class='ocrx_word' id='word_1_358' title='bbox 999 3522 1098 3569; x_wconf 87' lang='lat' dir='ltr'>soumis</span> <span class='ocrx_word' id='word_1_359' title='bbox 1114 3523 1165 3570; x_wconf 71' lang='lat' dir='ltr'>elle</span> <span class='ocrx_word' id='word_1_360' title='bbox 1178 3528 1257 3584; x_wconf 87' lang='lat' dir='ltr'>puri-</span> 
     </span>
     <span class='ocr_line' id='line_1_42' title="bbox 249 3583 1257 3644; baseline -0.002 -8"><span class='ocrx_word' id='word_1_361' title='bbox 249 3591 356 3638; x_wconf 84' lang='lat' dir='ltr'>fication</span> <span class='ocrx_word' id='word_1_362' title='bbox 368 3590 434 3634; x_wconf 88' lang='lat' dir='ltr'>dans</span> <span class='ocrx_word' id='word_1_363' title='bbox 446 3587 483 3632; x_wconf 90' lang='lat' dir='ltr'>les</span> <span class='ocrx_word' id='word_1_364' title='bbox 497 3585 601 3644; x_wconf 75' lang='lat' dir='ltr'>rdgions</span> <span class='ocrx_word' id='word_1_365' title='bbox 617 3586 803 3631; x_wconf 86' lang='lat' dir='ltr'>sonterraines.</span> <span class='ocrx_word' id='word_1_366' title='bbox 826 3584 875 3631; x_wconf 89' lang='lat' dir='ltr'>Les</span> <span class='ocrx_word' id='word_1_367' title='bbox 895 3585 1006 3630; x_wconf 88' lang='lat' dir='ltr'>dc&#39;mons</span> <span class='ocrx_word' id='word_1_368' title='bbox 1024 3585 1055 3630; x_wconf 88' lang='lat' dir='ltr'>de</span> <span class='ocrx_word' id='word_1_369' title='bbox 1072 3583 1167 3630; x_wconf 83' lang='lat' dir='ltr'>l&#39;dther</span> <span class='ocrx_word' id='word_1_370' title='bbox 1188 3592 1257 3633; x_wconf 86' lang='lat' dir='ltr'>sont</span> 
     </span>
     <span class='ocr_line' id='line_1_43' title="bbox 249 3645 1256 3705; baseline -0.002 -8"><span class='ocrx_word' id='word_1_371' title='bbox 249 3653 287 3697; x_wconf 88' lang='lat' dir='ltr'>les</span> <span class='ocrx_word' id='word_1_372' title='bbox 301 3650 462 3697; x_wconf 83' lang='lat' dir='ltr'>conseillers,</span> <span class='ocrx_word' id='word_1_373' title='bbox 474 3648 512 3692; x_wconf 90' lang='lat' dir='ltr'>les</span> <span class='ocrx_word' id='word_1_374' title='bbox 525 3646 625 3705; x_wconf 73' lang='lat' dir='ltr'>guides,</span> <span class='ocrx_word' id='word_1_375' title='bbox 638 3645 675 3690; x_wconf 89' lang='lat' dir='ltr'>les</span> <span class='ocrx_word' id='word_1_376' title='bbox 686 3647 752 3691; x_wconf 86' lang='lat' dir='ltr'>amis</span> <span class='ocrx_word' id='word_1_377' title='bbox 763 3646 794 3691; x_wconf 89' lang='lat' dir='ltr'>de</span> <span class='ocrx_word' id='word_1_378' title='bbox 806 3646 928 3691; x_wconf 81' lang='lat' dir='ltr'>l&#39;homme</span> <span class='ocrx_word' id='word_1_379' title='bbox 941 3645 1037 3692; x_wconf 84' lang='lat' dir='ltr'>durant</span> <span class='ocrx_word' id='word_1_380' title='bbox 1050 3659 1098 3692; x_wconf 89' lang='lat' dir='ltr'>son</span> <span class='ocrx_word' id='word_1_381' title='bbox 1114 3646 1256 3694; x_wconf 79' lang='lat' dir='ltr'>existence</span> 
     </span>
     <span class='ocr_line' id='line_1_44' title="bbox 250 3706 1256 3768; baseline -0.002 -10"><span class='ocrx_word' id='word_1_382' title='bbox 250 3714 389 3765; x_wconf 77' lang='lat' dir='ltr'>terrestre3</span> <span class='ocrx_word' id='word_1_383' title='bbox 403 3721 469 3753; x_wconf 88' lang='lat' dir='ltr'>ceux</span> <span class='ocrx_word' id='word_1_384' title='bbox 482 3708 528 3752; x_wconf 89' lang='lat' dir='ltr'>des</span> <span class='ocrx_word' id='word_1_385' title='bbox 541 3707 627 3763; x_wconf 76' lang='lat' dir='ltr'>enters</span> <span class='ocrx_word' id='word_1_386' title='bbox 641 3710 702 3752; x_wconf 91' lang='lat' dir='ltr'>sont</span> <span class='ocrx_word' id='word_1_387' title='bbox 712 3721 745 3751; x_wconf 90' lang='lat' dir='ltr'>ou</span> <span class='ocrx_word' id='word_1_388' title='bbox 759 3707 796 3751; x_wconf 90' lang='lat' dir='ltr'>les</span> <span class='ocrx_word' id='word_1_389' title='bbox 817 3707 951 3753; x_wconf 84' lang='lat' dir='ltr'>ministres</span> <span class='ocrx_word' id='word_1_390' title='bbox 970 3708 1002 3753; x_wconf 91' lang='lat' dir='ltr'>de</span> <span class='ocrx_word' id='word_1_391' title='bbox 1022 3707 1046 3752; x_wconf 87' lang='lat' dir='ltr'>la</span> <span class='ocrx_word' id='word_1_392' title='bbox 1069 3706 1256 3768; x_wconf 84' lang='lat' dir='ltr'>purification,</span> 
     </span>
    </p>
   </div>
   <div class='ocr_carea' id='block_1_6' title="bbox 250 3767 1257 3888">
    <p class='ocr_par' dir='ltr' id='par_1_6' title="bbox 250 3767 1257 3888">
     <span class='ocr_line' id='line_1_45' title="bbox 250 3767 1257 3827; baseline 0 -9"><span class='ocrx_word' id='word_1_393' title='bbox 250 3787 284 3823; x_wconf 86' lang='lat' dir='ltr'>ou</span> <span class='ocrx_word' id='word_1_394' title='bbox 313 3772 350 3816; x_wconf 91' lang='lat' dir='ltr'>les</span> <span class='ocrx_word' id='word_1_395' title='bbox 370 3772 441 3815; x_wconf 74' lang='lat' dir='ltr'>times</span> <span class='ocrx_word' id='word_1_396' title='bbox 464 3781 515 3812; x_wconf 90' lang='lat' dir='ltr'>non</span> <span class='ocrx_word' id='word_1_397' title='bbox 541 3767 664 3826; x_wconf 70' lang='lat' dir='ltr'>purifices</span> <span class='ocrx_word' id='word_1_398' title='bbox 685 3781 780 3812; x_wconf 87' lang='lat' dir='ltr'>encore</span> <span class='ocrx_word' id='word_1_399' title='bbox 802 3767 846 3827; x_wconf 91' lang='lat' dir='ltr'>qui</span> <span class='ocrx_word' id='word_1_400' title='bbox 871 3771 918 3814; x_wconf 89' lang='lat' dir='ltr'>ont</span> <span class='ocrx_word' id='word_1_401' title='bbox 939 3769 953 3814; x_wconf 74' lang='lat' dir='ltr'>a</span> <span class='ocrx_word' id='word_1_402' title='bbox 977 3771 1110 3814; x_wconf 86' lang='lat' dir='ltr'>treverser</span> <span class='ocrx_word' id='word_1_403' title='bbox 1133 3768 1257 3818; x_wconf 84' lang='lat' dir='ltr'>d&#39;autres</span> 
     </span>
     <span class='ocr_line' id='line_1_46' title="bbox 251 3825 824 3888; baseline -0.007 -11"><span class='ocrx_word' id='word_1_404' title='bbox 251 3832 399 3877; x_wconf 87' lang='lat' dir='ltr'>existences</span> <span class='ocrx_word' id='word_1_405' title='bbox 414 3848 434 3874; x_wconf 79' lang='grc' dir='ltr'>υ.</span> <span class='ocrx_word' id='word_1_406' title='bbox 450 3826 528 3888; x_wconf 75' lang='lat' dir='ltr'>(Dici.</span> <span class='ocrx_word' id='word_1_407' title='bbox 543 3827 587 3873; x_wconf 88' lang='lat' dir='ltr'>des</span> <span class='ocrx_word' id='word_1_408' title='bbox 600 3825 703 3888; x_wconf 74' lang='lat' dir='ltr'>antiq,</span> <span class='ocrx_word' id='word_1_409' title='bbox 718 3827 824 3887; x_wconf 82' lang='lat' dir='ltr'>Saglio).</span> 
     </span>
    </p>
   </div>
   <div class='ocr_carea' id='block_1_7' title="bbox 671 3945 828 3994">
    <p class='ocr_par' dir='ltr' id='par_1_7' title="bbox 671 3945 828 3994">
     <span class='ocr_line' id='line_1_47' title="bbox 671 3945 828 3994; baseline 0.006 -1"><span class='ocrx_word' id='word_1_410' title='bbox 671 3945 828 3994; x_wconf 76' lang='lat'>-456-</span> 
     </span>
    </p>
   </div>
   <div class='ocr_carea' id='block_1_8' title="bbox 0 0 1339 4234">
    <p class='ocr_par' dir='ltr' id='par_1_8' title="bbox 0 0 1339 4234">
     <span class='ocr_line' id='line_1_48' title="bbox 0 0 1339 4234; baseline 0 0"><span class='ocrx_word' id='word_1_411' title='bbox 0 0 1339 4234; x_wconf 95' lang='lat' dir='ltr'> </span> 
     </span>
    </p>
   </div>
  </div>
 </body>
</html>
