2696 4244
219 189 303 246 228.
322 190 391 246 Sur
409 190 444 245 le
465 186 579 246 senat
599 190 635 246 et
654 191 712 247 les
729 187 885 247 seances
901 191 949 246 du
965 187 1088 248 senat.

150 285 215 349 (Per
227 300 304 355 quos,
324 283 424 348 quibus
437 285 540 345 diebus,
555 285 657 350 quibus
674 285 739 334 locis
754 287 779 334 et
792 285 926 350 quomodo
938 287 1046 334 senatus
1063 283 1158 334 haberi

575 365 673 414 solitus
685 365 740 428 sit.)

194 506 227 565 In
244 531 258 560 u
278 506 453 586 Epistolicis
467 506 697 574 Quaestionibus
714 531 728 561 s
742 506 840 566 Varro
854 508 985 586 primum
1000 506 1089 585 ponit
1103 506 1154 586 qui
1172 502 1212 566 3⁰

156 601 272 686 fuerint
292 624 348 682 per
362 623 438 682 quos
458 624 543 662 more
563 604 715 683 majorum
740 605 882 663 senatus*
907 603 1012 661 haberi
1032 603 1154 675 soleret,

150 719 268 779 eosque
289 701 430 758 nominat
451 719 458 760 ε
477 700 684 772 «dictatores,
709 700 861 772 consules,
881 708 1039 780 praetores,
1062 700 1158 758 tribu-

157 817 213 858 nos
236 796 330 876 plebi,
356 797 552 875 interregem,
577 797 777 877 praelectum*
798 797 868 856 urbi
891 816 926 871 »3
950 817 1050 876 neque
1071 796 1154 868 alii*,

156 903 269 973 praeter
281 895 348 966 hos,
363 895 414 974 jus
428 895 522 953 luisse
537 893 616 953 dixit
631 896 730 954 lacere
746 893 1064 965 senatusconsultum;
1081 913 1157 972 quo-

152 991 275 1071 tiesque
302 1013 378 1050 usus
401 991 538 1051 venisset
564 999 598 1050 ut
621 1012 727 1050 omnes
753 992 805 1050 isti
828 992 1025 1068 magistratus
1048 989 1156 1049 eodem

154 1095 291 1168 tempore
301 1089 408 1147 Romae
420 1097 531 1160 essent,
544 1096 609 1147 tum
620 1109 681 1168 quo
693 1110 783 1168 supra
797 1089 905 1146 ordine
920 1088 1027 1167 scripti
1042 1095 1154 1158 essent,

150 1185 208 1264 qui
223 1205 329 1243 eorum
349 1186 435 1264 prior
449 1186 517 1244 aliis
538 1193 628 1255 esset,
648 1186 675 1243 ei
694 1186 888 1264 potissimum
904 1193 1027 1243 senatus
1047 1204 1157 1242 cousu-

152 1281 236 1339 lendi
262 1282 313 1361 jus
344 1282 449 1342 fuisse.
484 1283 562 1340 Tum
598 1282 763 1362 adscripsit
796 1283 834 1340 de
868 1282 944 1340 locis
976 1283 1008 1339 in
1044 1281 1157 1362 quibus

150 1379 454 1438 senatusconsultum
469 1379 534 1437 fieri
546 1381 614 1458 jure
629 1387 750 1459 posset,
768 1379 934 1459 docuitque
949 1378 1157 1437 confirmavit·

154 1491 225 1550 que,
252 1471 311 1529 nisi
338 1473 369 1529 in
394 1472 484 1530 loco*
508 1492 563 1550 per
586 1492 718 1548 augures
737 1473 917 1548 constituto,
940 1471 1056 1551 quod«
1081 1478 1158 1529 tem-

153 1568 259 1647 plum*
275 1591 289 1623 »
304 1569 522 1649 appellaretur,
540 1569 840 1627 senatusconsultum
859 1570 974 1626 lactum
987 1576 1077 1638 esset,
1091 1567 1157 1647 jus-

152 1672 218 1724 tum
232 1665 262 1722 id
279 1685 341 1724 non
355 1686 431 1724 esse.
450 1666 548 1724 Docet
563 1665 674 1724 deiude
692 1667 769 1724 inibi
784 1666 891 1733 multa,
907 1665 1019 1745 quibus
1034 1665 1156 1723 diebus*

153 1762 265 1820 habere
283 1771 424 1821 senatum
441 1763 493 1843 jus
505 1795 506 1800 κ
518 1784 580 1821 non
597 1763 656 1836 sit,
678 1763 899 1842 immolareque
920 1763 1051 1821 hostiam
1071 1762 1157 1841 prius

151 1861 367 1940 auspicarique
396 1859 508 1918 debere
540 1861 591 1940 qui
626 1869 766 1919 senatum
799 1860 961 1919 habiturus
993 1868 1088 1930 esset,
1118 1858 1156 1916 de

153 1957 307 2036 rebusque
323 1957 437 2015 divinis
453 1958 632 2037 priusquam
653 1957 794 2015 humanis
812 1958 849 2016 ad
866 1965 1005 2017 senatum
1021 1958 1155 2015 referen-

150 2053 225 2112 dum
239 2075 304 2114 esse
316 2072 323 2127 3
338 2062 404 2113 tum
419 2075 512 2134 porro
525 2055 632 2113 rel'erri
643 2057 653 2078 *
666 2062 808 2134 oportere
820 2063 873 2114 aut
883 2055 1001 2114 infinite
1014 2055 1052 2112 de
1067 2075 1157 2133 repu-

154 2151 245 2223 blica,
267 2158 321 2211 aut
338 2151 375 2210 de
395 2151 524 2228 siugulis
542 2152 633 2210 rebus
654 2151 757 2226 finite;
779 2160 964 2231 senatusque
979 2152 1155 2210 consultum

153 2247 219 2306 fieri
235 2248 357 2307 duobus
372 2248 473 2307 modis
491 2267 497 2309 :
516 2257 569 2307 aut
586 2268 640 2327 per
658 2248 906 2322 discessionem*,
924 2250 947 2307 si
966 2251 1156 2308 consentire·

154 2351 205 2404 tur
228 2363 234 2406 :
257 2353 320 2417 aut,
347 2347 372 2403 si
397 2367 445 2404 res
466 2345 559 2404 dubia
584 2353 674 2412 esset,
698 2367 753 2426 per
774 2345 965 2422 singulorum
989 2347 1156 2406 sententias

151 2443 340 2522 exquisitas;
364 2442 501 2520 singulos
516 2450 619 2500 autem
635 2441 746 2500 debere
761 2442 880 2500 consuli
899 2443 1061 2520 gradatim,
1079 2444 1158 2502 inci·

153 2540 247 2619 pique
263 2561 278 2598 a
295 2539 448 2598 consulari
464 2539 571 2617 gradu.

184 2671 225 2721 Νο
240 2671 326 2722 228:
343 2671 495 2722 Senatus
515 2670 551 2718 La
570 2672 747 2718 convocetion
767 2672 813 2718 des
833 2671 972 2719 se'nateurs
989 2686 1017 2720 se
1034 2673 1156 2720 faisaitd

153 2734 273 2796 l'origine
286 2749 335 2795 par
348 2735 372 2781 le
387 2733 492 2791 beraut,
505 2733 565 2794 plus
578 2734 637 2780 tard
650 2748 699 2793 per
711 2734 771 2780 voie
785 2733 920 2780 d'affiches
934 2748 968 2781 ou
987 2753 998 2776 α
1015 2733 1104 2790 edit»,
1119 2738 1155 2794 et,

151 2797 219 2843 dans
229 2797 267 2843 les
278 2810 322 2842 cas
337 2799 457 2856 urgents,
473 2809 522 2855 par
534 2795 677 2843 invitation
696 2795 829 2842 nominale
847 2796 939 2855 portde
952 2797 967 2842 a
980 2795 1111 2843 domicile.
1126 2823 1154 2830 -

153 2857 364 2907 Praefectum
377 2856 451 2906 urbi
467 2872 473 2905 :
486 2857 682 2903 fonctionnaire
696 2856 756 2902 cro'e
769 2871 818 2916 par
830 2857 950 2917 Auguste
964 2872 1031 2918 pour
1043 2859 1155 2905 mainte-

152 2920 203 2975 nir,
224 2933 256 2966 en
272 2933 319 2965 son
340 2918 464 2977 absence,
487 2919 512 2965 la
531 2918 727 2978 tranquilliteal
750 2918 833 2964 Rome
853 2923 880 2965 et
896 2933 928 2964 en
948 2919 1031 2966 ltalie.
1048 2919 1069 2965 Il
1089 2919 1155 2966 e'tait

153 2979 259 3028 nomme
270 2995 319 3041 par
331 2978 496 3041 l‘empereur,
510 2982 538 3026 et
549 2981 604 3040 pris
612 2980 696 3040 parmi
710 2979 748 3026 les
761 2979 906 3037 senateurs,
919 2984 946 3027 et
958 2983 1043 3026 meme
1055 2981 1087 3028 de
1098 2981 1156 3042 pre-

154 3042 259 3090 le'rence
283 3043 367 3102 parmi
387 3043 426 3094 les
446 3041 617 3106 consulaires.
637 3041 675 3087 En
696 3046 773 3088 vertu
794 3042 826 3087 de
853 3057 881 3088 sa
903 3043 1013 3089 mission
1034 3043 1065 3088 de
1086 3043 1157 3089 salut

154 3104 254 3166 public,
269 3104 286 3150 il
305 3103 423 3160 exercuit
439 3117 490 3150 une
506 3103 662 3163 juridiction
676 3103 879 3164 crimiuellequi
898 3104 934 3150 lui
952 3105 1107 3165 permettait
1123 3105 1156 3150 de

152 3166 257 3212 donner
269 3180 320 3211 une
332 3165 453 3212 sanction
468 3165 619 3225 expeditive
630 3179 681 3210 aux
694 3165 751 3222 lois,
767 3165 926 3225 reglements
940 3169 966 3212 et
980 3165 1080 3212 arretes
1093 3165 1156 3228 qu'il

154 3227 219 3274 e'tait
230 3227 325 3287 clrarge‘
339 3226 512 3287 d'appliquer.
525 3253 555 3260 -
567 3225 634 3274 Alii
648 3240 653 3272 :
666 3226 683 3272 il
697 3224 740 3287 n'y
754 3227 827 3272 avait
840 3227 908 3273 donc
922 3242 973 3288 que
986 3228 1023 3274 les
1034 3227 1117 3275 ediles
1129 3229 1157 3275 et

155 3288 194 3336 les
218 3293 359 3350 questeurs
380 3289 425 3350 qui
444 3288 549 3334 fussent
565 3288 718 3348 incapabl'es
741 3289 772 3334 de
793 3288 913 3348 presider-
931 3289 1106 3337 l‘assemblde.
1125 3315 1157 3324 -

153 3349 246 3400 Loco.
266 3350 287 3396 Il
298 3349 341 3412 n'y
354 3350 426 3396 avait
439 3365 486 3410 pas
500 3350 532 3396 de
545 3350 612 3396 local
626 3349 773 3396 de'tcrmine'
789 3364 857 3410 pour
871 3350 909 3396 les
923 3351 1031 3398 seances
1042 3365 1048 3409 3
1061 3352 1085 3398 la
1098 3351 1158 3398 rell-

153 3413 214 3472 gion
228 3413 340 3472 exigeait
352 3413 499 3458 seulement
510 3426 561 3471 que
577 3411 628 3457 l'on
646 3411 775 3471 proce'datt
792 3427 824 3458 au
842 3415 905 3458 vote
918 3412 964 3458 des
982 3413 1156 3460 senatuscon-

152 3475 236 3521 sultes
253 3474 319 3520 dans
340 3488 374 3519 un
392 3473 443 3519 lieu
467 3472 593 3534 inaugure
611 3473 769 3535 (temptum).
790 3500 819 3506 —
841 3473 1018 3534 Templum.
1040 3475 1106 3521 Voir
1122 3490 1156 3522 au

157 3535 272 3596 lexique.
284 3561 313 3568 -
326 3534 471 3583 Diebus:
488 3549 534 3580 sur
551 3549 580 3580 ce
600 3534 685 3594 point,
706 3535 729 3581 la
743 3534 837 3581 liberte
856 3535 902 3581 des
916 3537 1069 3596 magistrats
1089 3535 1157 3584 n'est

151 3597 253 3645 limites
267 3611 317 3658 que
330 3611 378 3657 par
390 3594 573 3653 l'intercessio,
588 3599 614 3642 et
625 3597 756 3642 certaines
769 3596 933 3642 ce'rdmonies
951 3598 1111 3658 religieuses.
1125 3623 1156 3634 -

153 3686 182 3694 -
193 3657 333 3708 Referri.
349 3659 415 3704 Voir
425 3658 463 3704 les
475 3661 545 3704 mots
556 3656 667 3717 referre,
683 3656 809 3706 discessio
819 3673 850 3704 au
862 3659 975 3719 leuique.
988 3686 1017 3693 -
1028 3659 1157 3709 Disces-

153 3722 277 3769 sionem
290 3720 411 3781 :lorsque
423 3719 460 3766 les
471 3719 604 3780 partisans
615 3717 766 3780 d'opinions
779 3720 932 3767 differentes
945 3725 1011 3767 vont
1021 3736 1048 3767 se
1061 3735 1157 3782 ranger

150 3796 186 3828 en
195 3783 269 3850 'deux
282 3794 404 3843 groupes.
419 3781 458 3828 De
471 3781 496 3826 la
506 3778 680 3843 l’expression
695 3795 700 3827 ι
712 3781 827 3842 pedibus
839 3781 878 3829 ire
890 3781 918 3829 in
933 3782 1092 3830 sententiam
1105 3781 1156 3829 ati-

150 3858 241 3905 quus.

575 3939 735 3991 -231-
