2730 4234
385 155 468 217 337.
490 116 749 230 Friponneries
769 163 852 217 d’un
867 158 1063 230 publicata.

496 256 648 318 (Publiceni
665 257 807 320 cujusdam
822 255 953 320 fraudes.)

170 362 210 424 3θ
266 362 472 427 Publicanus*
501 370 638 449 quidam,
675 371 720 429 M.
749 371 936 445 Postumius,
964 369 1038 450 quia
1066 366 1228 448 publicum

225 459 395 539 periculum
415 473 479 524 erat
504 467 566 524 avi
581 469 772 546 tempestatis
785 458 824 526 'in
852 468 888 526 iis
912 488 981 546 quae
1004 465 1229 545 portarentur*

224 557 263 616 ad
285 561 465 634 excercitus,
492 570 523 622 et
550 565 714 623 ementitus
739 574 805 624 erat
828 565 904 624 lalsa
928 563 1097 640 naufragia,
1117 559 1163 620 'et
1191 579 1228 618 ea

224 653 289 732 ipsa
300 657 322 728 *,
340 678 408 736 quae
423 680 494 718 vera
508 661 749 734 renuntiaverat,
766 662 873 722 fraude
887 682 941 720 sua
954 660 1035 719 iacta
1048 664 1146 729 erant,
1162 676 1227 714 non

224 770 307 810 casu.
333 753 367 812 ln
391 764 510 815 veteres
525 744 712 838 quassasque
731 779 824 818 naves
849 757 954 838 paucis
981 764 1012 816 et
1029 754 1115 836 parvi
1133 752 1226 833 pretii

223 848 314 907 rebus
337 849 500 930 impositis,
524 874 593 912 cum
623 855 779 913 mersisset
807 875 856 915 eas
881 855 912 913 in
938 855 1012 926 alte,
1030 851 1165 931 exceptis
1193 849 1226 908 in

223 954 408 1024 praeparatas
439 951 567 1029 scaphas
598 952 709 1024 nautis,
744 952 953 1032 multiplices*
983 950 1077 1010 fuisse
1109 966 1229 1006 merces

223 1044 456 1106 ementiebatur.
479 1047 547 1106 Duo
561 1047 677 1107 tribuni
697 1048 805 1128 plebis,
823 1050 875 1129 Sp.
894 1057 925 1108 et
939 1049 973 1108 L„
1000 1045 1136 1114 Carvilii,
1154 1063 1226 1102 cum

222 1158 286 1196 rem
313 1140 442 1200 invisam
466 1142 672 1224 infamemque
698 1155 868 1218 cernerent,
895 1141 1225 1204 ducentum*·milium

222 1235 308 1294 aeris*
324 1238 450 1297 multam
465 1239 508 1298 M.
526 1240 684 1302 Postumio
697 1243 873 1303 dixerunt*.
889 1242 948 1302 Cui
960 1240 1132 1301 certandae*
1154 1257 1226 1296 cum

222 1330 288 1390 dies
308 1333 491 1408 advenisset,
517 1344 578 1396 tam
604 1338 748 1419 frequens
771 1341 803 1398 in
827 1361 896 1399 area
921 1337 1064 1418 Capitolii
1090 1333 1228 1416 populus

222 1437 334 1508 praesto
357 1430 415 1490 luit
438 1440 473 1492 ut
494 1455 590 1514 prope
617 1436 655 1494 ad
680 1437 863 1496 seditionem
882 1421 1021 1495 ¹ventum
1049 1435 1098 1493 sit.
1131 1430 1225 1490 Plebe

222 1524 356 1600 dimissa,
379 1537 503 1589 senatus
524 1540 652 1591 vocatus
680 1541 738 1606 est,
763 1540 794 1593 et
808 1533 949 1593 consules
973 1531 1159 1591 rettulerunt
1183 1528 1223 1584 de

221 1621 348 1682 audacia
371 1625 615 1703 publicanorum.
637 1630 756 1712 Deinde
779 1631 860 1690 diem
886 1629 1045 1689 Postumio
1065 1627 1223 1694 dixerunt,

220 1739 266 1788 ac,
283 1719 314 1776 ni
336 1721 449 1780 vades*
476 1724 572 1798 daret,
601 1727 709 1805 prendi
732 1748 748 1786 a
768 1728 886 1787 viatore
907 1735 999 1806 atque
1015 1727 1046 1784 in
1069 1743 1227 1783 carcerem

220 1814 290 1874 duci
302 1815 471 1895 jusserunt.
490 1821 676 1895 Postumius,
691 1824 821 1884 vadibus
837 1825 927 1896 datis,
943 1844 1005 1882 non
1023 1821 1131 1881 adluit.
1160 1819 1228 1876 Tri-

219 1911 294 1970 buni
306 1913 427 1993 plebem
436 1923 651 1995 rogaverunt*,
659 1920 824 2002 plebesque
835 1921 878 1980 ita
886 1920 995 1980 scivit*
1007 1919 1049 1980 :si
1062 1917 1230 1992 M2Postu-

220 2009 300 2068 mins
315 2019 385 2070 ante
397 2012 457 2074 kal.
482 2013 580 2075 Maias
594 2037 657 2075 non
673 2018 836 2097 prodisset,
854 2018 1030 2097 citatusque
1045 2036 1081 2074 eo
1098 2013 1147 2071 die
1163 2033 1227 2070 non

219 2108 436 2186 respondisset,
449 2131 548 2191 neque
559 2116 740 2173 excusatus*
753 2123 843 2189 esset,
853 2114 972 2174 videri*
988 2133 1057 2172 eum
1070 2111 1102 2170 in
1115 2109 1229 2169 exsilio

220 2223 296 2276 esse,
313 2204 455 2284 bonaque
465 2207 531 2287 ejus
548 2209 663 2283 venire,
680 2211 738 2291 ipsi
765 2232 845 2293 aqua
862 2218 893 2271 et
914 2211 976 2289 igni
991 2210 1113 2289 placere
1129 2208 1229 2264 inter-

219 2299 291 2360 dici.

218 2435 312 2494 omnes
323 2426 414 2486 populi
427 2425 519 2487 liberi;
532 2444 612 2489 regna
626 2431 801 2492 deniquejam
814 2432 902 2480 omnia
918 2431 950 2478 de
968 2430 1067 2479 nostris
1090 2427 1229 2489 cupidita-

219 2484 292 2532 tibus
304 2489 331 2532 et
343 2487 447 2548 injuriis
457 2491 629 2551 expostulant
648 2512 674 2540 n.
1121 2500 1133 2508 ·

249 2571 296 2644 N⁰.
307 2572 374 2623 337
387 2589 393 2623 ε
407 2576 616 2628 Publicanus.
635 2580 685 2627 Les
702 2580 812 2641 impdts,
825 2581 840 2628 d
853 2581 946 2640 Rome,
960 2579 1061 2628 etaient
1073 2576 1198 2626 atlermes
1212 2577 1229 2622 d

218 2632 252 2681 de
275 2635 361 2682 riches
383 2638 559 2698 particuliers,
583 2654 618 2687 ou
638 2641 797 2701 publicains,
812 2643 856 2714 qui
880 2641 1062 2690 s'associaient
1079 2642 1154 2687 entre
1173 2653 1227 2684 eux

217 2697 489 2807 pppvralfiqrpeppefgoir
506 2699 672 2810 tropietatesl).
687 2703 746 2810 Lesd
756 2704 906 2812 pulplicuins
930 2704 1037 2812 aqplient
1053 2698 1080 2749 l'e
1097 2701 1228 2819 cenaniqs

446 2776 545 2809 rmaien
572 2778 721 2811 unecasse
749 2780 827 2812 ecio
849 2780 896 2812 ens
937 2780 952 2812 u
987 2777 1152 2812 teanorumo
1190 2776 1225 2808 0.

217 2842 247 2855 -
270 2818 495 2888 Bortarentur,
517 2825 540 2870 le
562 2825 712 2884 subjonctif
724 2781 869 2888 s'expliqyue
891 2765 972 2889 piiice
989 2840 1041 2887 que
1060 2823 1136 2871 l'idde
1159 2825 1225 2870 est:

219 2883 393 2988 maprstpqtus
407 2882 526 2991 Milli
537 2889 613 2960 erant
625 2887 764 2962 publicum,
775 2889 922 2960 periculum
934 2889 1008 2945 lore;
1028 2888 1052 2934 le
1063 2887 1135 2957 style
1154 2885 1228 2953 indi-

218 2948 1227 3077 una,usuuanitatem}ttinient-natlittura

218 3064 343 3124 perducs.
358 3066 472 3127 -Ipsa
483 3067 657 3133 (naul'rapia).
673 3098 701 3106 —
713 3071 811 3122 Multi
835 3073 956 3122 lices:
968 3072 1052 3119 multo
1061 3084 1224 3133 superiores,

216 3149 248 3159 -
269 3125 458 3185 Ducentum,
472 3144 541 3190 pour
555 3131 740 3181 ducentorum.
755 3162 786 3168 —
846 3134 936 3183 ris:
954 3132 1062 3181 assium.
1085 3159 1110 3166 -—
1127 3132 1226 3180 Dixe-

216 3187 304 3257 runt.
318 3187 368 3234 Les
382 3189 485 3237 tribuns
497 3191 604 3254 u'ayant
621 3209 668 3255 pas
688 3195 712 3241 le
725 3196 797 3242 droit
810 3197 842 3242 de
855 3195 878 3242 le
891 3196 1062 3253 condamner,
1083 3193 1227 3255 porttrent

216 3245 325 3320 l'allaire
342 3251 443 3320 devant
463 3253 487 3298 le
526 3255 602 3315 euple
620 3270 652 3302 en
672 3257 812 3318 speciliant
832 3255 960 3304 l'amende
982 3254 1060 3317 qu'ils
1084 3255 1226 3301 voulaient

176 3339 181 3348 ·
217 3309 283 3356 fatre
296 3311 407 3378 {nsslgeh
419 3339 449 3347 -
462 3314 520 3363 Gul
533 3318 722 3375 certandae,
733 3318 750 3364 il
763 3316 880 3379 s'agitde
893 3318 918 3365 la
929 3318 1079 3364 discussion
1094 3316 1223 3424 publique

217 3384 250 3416 au
266 3375 335 3429 quet
347 3374 379 3420 de
395 3377 465 3422 cette
483 3379 602 3426 amende.
625 3405 655 3414 -
672 3380 783 3428 vades
806 3379 941 3427 :l'accuse
954 3379 1045 3425 devait
1060 3379 1163 3424 donner
1194 3392 1226 3425 es

217 3433 351 3502 garanties
377 3435 493 3496 (caution
515 3453 546 3485 en
567 3442 668 3501 argent,
692 3455 726 3487 ou
741 3441 926 3549 hypotheque)
943 3441 1007 3501 qu'il
1027 3441 1168 3501 paraltrait
1189 3453 1222 3485 au

213 3497 352 3564 jugement
368 3496 485 3559 (adsuit).
497 3527 528 3533 —
537 3500 762 3563 Rogaverunt.
799 3516 813 3549 o
834 3515 880 3550 are
889 3517 915 3550 se
926 3503 966 3549 dit
979 3502 1025 3549 des
1038 3500 1225 3561 preposilifflls

217 3567 347 3602 soumrses
359 3557 373 3603 d
386 3557 581 3649 l'approbation
595 3564 631 3609 du
642 3565 747 3625 peuple.
763 3591 789 3600 -
829 3563 930 3614 civit:
945 3566 1029 3610 terme
1047 3561 1175 3610 consuere
1188 3575 1222 3608 en

217 3615 322 3684 parlant
339 3618 386 3665 des
398 3619 531 3669 decisions
551 3624 587 3669 du
609 3625 705 3685 peuple
724 3624 823 3687 (plebei
846 3640 881 3673 ou
903 3623 1102 3687 plebiscitum,
1124 3621 1224 3685 populi

216 3678 331 3748 scitum).
344 3704 375 3713 -
385 3679 582 3733 Excusatus.
596 3684 636 3731 On
650 3689 762 3746 pouvait
772 3702 800 3734 se
811 3687 876 3733 faire
889 3701 1000 3733 excuser
1012 3700 1081 3746 pour
1093 3700 1173 3732 cause
1186 3685 1222 3730 de

216 3738 330 3806 malndre
343 3754 377 3786 ou
391 3756 459 3800 pour
470 3758 505 3789 un
516 3748 592 3791 autre
602 3747 682 3793 motis
690 3748 802 3795 valable.
818 3774 845 3782 —
859 3747 972 3796 videri
988 3750 1015 3793 ct
1024 3747 1133 3808 placere
1146 3765 1176 3787 =
1189 3749 1221 3792 ut

214 3799 363 3860 videretur,
378 3803 407 3848 ut
419 3803 549 3866 placeret,
563 3807 794 3869 dl'impersonnel,
807 3807 959 3870 dependant
969 3808 1002 3855 de
1017 3807 1111 3870 plebes
1130 3805 1221 3854 scivit.

636 3944 669 3950 -
689 3915 792 3964 ato.-
