2696 4244
296 174 379 232 215.
395 175 662 233 L’enrolemcnt
681 179 748 233 des
761 175 945 234 esclaves.

416 281 463 345 (De
481 281 565 330 servis
582 281 802 346 conscribendis.)

158 441 289 523 Aliquot
303 439 441 502 adversis
462 439 579 521 proeliis
598 442 735 501 secundo
755 441 869 521 punico
884 441 965 502 bello
978 441 1127 502 exhausta
1140 442 1182 505 4‘

118 538 245 598 militari
257 539 425 620 juventute
440 547 734 613 romana,‘senatuS,
750 546 875 599 auctore
888 539 1015 598 Tiberio
1031 540 1127 600 Grac·

117 636 196 696 cho*
208 635 345 709 consule,
360 635 481 697 censuit
501 659 516 690 a
542 637 586 695 uti
601 636 725 716 publice
741 637 822 695 servi
838 636 987 695 adversus
1001 637 1129 717 propul-

117 732 285 793 sandorum
313 732 450 792 hostium
471 732 622 814 impetum
644 740 820 794 emerentur
844 759 856 788 i
881 754 888 796 :
913 748 1012 814 eaque·
1032 734 1070 792 de
1097 754 1128 792 re

117 851 174 911 per
187 831 329 889 tribunos
338 829 456 910 plebis*
467 831 507 890 ad
521 831 672 911 populum
687 832 748 889 lata
763 833 933 910 rogatione,
951 839 1012 890 tres
1028 830 1129 889 creati

116 933 192 1000 sunt
202 927 274 1000 viri,
291 927 344 1007 qui
358 934 493 1009 quatuor
508 934 538 988 et
553 929 663 1006 viginti
679 928 762 986 milia
786 949 946 987 servorum
964 949 1128 1007 compara-

116 1031 240 1098 verunt,
265 1025 472 1106 adactosque*
484 1025 689 1106 jurejurando
705 1049 720 1081 <c
735 1032 892 1084 strenuam
908 1047 939 1085 se
954 1025 1128 1105 sortemque

117 1142 244 1202 operam
258 1122 395 1195 daturos,
409 1122 513 1202 quoad
524 1122 612 1182 Poeni
625 1129 728 1182 essent
741 1122 774 1181 in
786 1123 874 1182 ltalia
888 1148 914 1196 s,
928 1123 1007 1182 datis
1023 1123 1127 1194 armis,
1147 1126 1149 1130 ’

116 1219 152 1278 in
166 1227 266 1279 castra
281 1219 442 1280 miserunt.
456 1219 579 1288 Quanta
594 1219 742 1280 violentia
758 1227 804 1279 est
817 1221 1032 1280 casusacerbil
1051 1221 1127 1288 Quae

117 1316 230 1376 civitas
244 1316 284 1376 ad
298 1315 330 1374 id
351 1323 474 1396 tempus
489 1316 632 1396 ingenuae
650 1338 774 1398 quoque
795 1317 923 1395 originis
942 1318 1045 1397 capite
1058 1338 1115 1376 cen

117 1415 188 1472 soe*
211 1413 324 1473 habere
352 1413 466 1473 milites
495 1413 682 1485 fastidierat,
709 1415 815 1473 eadem
843 1413 928 1473 cellis
959 1415 1130 1474 servilibus

117 1517 255 1570 extracta
270 1531 400 1589 corpora
413 1516 444 1568 et
458 1531 475 1570 a
496 1511 702 1590 pastoralibus
719 1511 797 1570 casis
812 1511 943 1570 collecta
958 1511 1127 1591 mancipia,

118 1608 206 1667 velut
220 1607 412 1688 praecipuum
424 1607 652 1666 firmamentum
667 1608 814 1666 exercitui
830 1629 886 1668 suo
901 1608 1028 1688 adjecit.
1048 1607 1131 1667 Can-

118 1705 224 1764 nensis
238 1711 341 1764 autem
355 1704 456 1763 clades
470 1704 548 1763 adeo
563 1706 669 1764 urbem
685 1712 821 1763 nostram
837 1705 1041 1764 vehementer
1057 1693 1138 1763 con·¹
1167 1707 1170 1713 '

120 1802 213 1875 fudit,
229 1808 264 1862 ut
278 1801 323 1862 M.
339 1801 356 1860 J
361 1801 426 1861 unii
441 1822 545 1880 opera,
562 1801 715 1861 dictatura
735 1803 957 1881 rempublicam
981 1803 1131 1861 adminis-

121 1899 242 1972 trantis,
255 1898 468 1958 addictorum*
483 1898 574 1958 etiam
586 1906 617 1958 et
631 1898 755 1979 capitali
767 1899 895 1958 crimine
909 1899 1127 1958 damnatorum

123 2018 174 2056 sex
191 1996 276 2055 milia
288 1996 566 2055 conscriberentur.
581 1996 659 2071 ‘Quae
675 1997 699 2055 si
710 2017 767 2076 per
780 2017 812 2056 se
828 1996 1050 2077 adspicientur,
1075 1997 1130 2055 ali-

120 2094 197 2175 quid
211 2092 334 2152 ruboris
348 2093 496 2166 habeant;
523 2093 547 2151 si
572 2101 675 2152 autem
691 2092 824 2152 admotis
842 2094 1037 2153 necessitatis
1052 2094 1131 2151 viri-

84 2239 86 2244 .
121 2193 179 2250 bus
194 2189 422 2271 ponderentur,
439 2189 566 2249 saevitiae
584 2190 731 2269 temporis
755 2189 972 2249 convenientia
985 2191 1130 2270 praesidia

123 2289 317 2348 videantur*.
863 2274 864 2278 ¹

152 2438 194 2487 Νο
210 2437 275 2488 215
292 2435 442 2486 :Tiberio
453 2436 610 2487 Graccho.
625 2436 646 2483 ΙΙ
660 2435 736 2498 s'agit
749 2438 782 2484 de
794 2436 969 2498 Sempronius
992 2437 1131 2486 Gracchus

121 2499 276 2562 (Tiberius),
290 2499 384 2546 consul
396 2513 428 2546 en
440 2503 484 2545 215
494 2502 522 2547 et
532 2513 563 2546 en
579 2503 632 2546 213.
646 2501 669 2545 A
681 2499 706 2545 la
715 2501 769 2546 tete
778 2499 825 2546 des
838 2499 957 2546 esclaves
966 2499 1132 2547 volontaires

121 2564 190 2609 dont
204 2561 268 2608 ilva
281 2562 337 2608 etre
352 2561 486 2621 question,
501 2560 520 2606 il
532 2560 615 2607 battit
627 2560 742 2608 Hannon
756 2562 771 2608 a
784 2560 932 2620 Benevent,
949 2575 982 2607 en
993 2563 1038 2607 214
1050 2563 1133 2608 avant

121 2625 136 2672 J
141 2623 188 2672 .-'C.
201 2649 231 2657 -
241 2621 406 2672 Tribunos
421 2621 535 2683 plebis.
555 2620 634 2669 Crtes
646 2623 723 2683 apres
734 2622 759 2669 la
777 2623 886 2669 retraite
907 2623 939 2668 de
951 2622 976 2668 la
993 2623 1072 2684 plebe
1084 2637 1133 2670 sur

122 2685 146 2732 le
157 2688 234 2732 mont
245 2683 324 2731 Sacre
340 2683 413 2745 (493),
428 2683 460 2730 ils
480 2684 570 2731 iurent
590 2681 702 2731 d'abord
717 2699 749 2730 au
763 2684 875 2731 nombre
890 2684 923 2730 de
938 2684 1009 2744 cinq,
1023 2684 1085 2746 puis
1098 2685 1132 2732 de

122 2747 176 2794 dix.
202 2745 238 2793 Ils
255 2745 356 2823 etaient
372 2745 428 2793 elus
446 2745 512 2792 dans
526 2745 565 2792 les
585 2746 701 2792 comicos
719 2760 767 2807 par
783 2745 880 2804 tribus,
896 2744 1029 2793 n'avaient
1044 2760 1132 2818 uucpn

122 2807 528 2931 tiitititittttitttili?
539 2807 1132 2939 utilitatir.elimatissima

124 2931 286 2992 magistrats,
299 2932 466 2977 notamment
480 2931 513 2977 de
530 2945 597 2977 ceux
609 2945 654 2992 qui
670 2929 770 2978 etaient
785 2932 893 2978 revetus
908 2931 941 2978 de
957 2929 1130 2993 l’imperium.

124 2994 175 3040 Par
184 2991 360 3039 l'intcrcessio
371 2995 398 3038 et
409 2990 524 3038 l'aucitii
537 2991 602 3040 tatio
624 2991 700 3052 (Voir
712 3007 746 3038 au
760 2992 884 3054 lenique),
901 2993 934 3040 ils
950 2991 1133 3054 s'opposaient

123 3070 176 3102 aux
187 3068 306 3101 mesures
317 3054 402 3114 prises
418 3053 516 3114 parles
529 3057 618 3101 autres
630 3055 792 3115 magistrats.
807 3054 841 3101 Ils
857 3055 964 3101 avaient
975 3054 1000 3102 le
1014 3055 1086 3102 droit
1098 3055 1132 3101 de

123 3130 255 3178 proposer
265 3116 312 3162 des
328 3115 378 3162 lois
389 3116 456 3162 dans
468 3115 507 3162 les
521 3116 636 3162 cornices
655 3115 811 3177 partribus.
829 3117 897 3163 Leur
912 3117 1055 3177 puissance
1072 3112 1133 3164 finit

123 3193 173 3240 par
181 3179 291 3224 devenir
299 3177 352 3223 tres
361 3178 468 3238 grande.
477 3204 507 3211 —
517 3176 788 3240 adactostservost
799 3178 904 3238 depend
912 3179 945 3224 de
954 3178 1094 3234 miserunt.
1103 3204 1132 3214 -

124 3237 240 3301 capite
263 3250 387 3289 censos.
410 3238 445 3286 Le
462 3253 526 3286 cens
548 3239 581 3286 de
596 3240 621 3286 la
638 3243 663 3285 θ’
677 3240 761 3286 classe
781 3239 847 3286 etait
866 3241 898 3286 de
918 3243 962 3286 375
980 3255 1008 3288 as
1026 3240 1132 3303 (census

124 3300 271 3362 extremus)
286 3313 291 3347 :
305 3301 463 3347 au-dcssous
476 3301 577 3349 etaient
586 3301 626 3349 les
641 3300 727 3372 capite
740 3301 821 3361 censi,
837 3302 883 3362 qui
899 3299 1063 3350 n‘avaientt
1079 3317 1133 3363 peu

123 3363 186 3426 prbs
203 3376 306 3410 aucune
330 3362 444 3409 fortune.
463 3361 499 3409 Le
516 3363 602 3410 tribut
620 3361 686 3410 etait
704 3363 837 3424 remplace
855 3377 924 3424 pour
942 3378 992 3410 eux
1010 3379 1060 3425 par
1080 3379 1133 3412 une

124 3425 273 3486 capitulien
289 3423 356 3470 fixis
373 3423 590 3471 arbitrairement
604 3438 655 3495 par
667 3424 705 3471 les
723 3438 859 3483 censeurs,
873 3427 900 3471 et
914 3424 953 3472 les
971 3424 1132 3494 reglements

124 3487 264 3534 militaires
280 3485 318 3532 les
333 3485 484 3533 excluaient
498 3486 545 3534 des
558 3485 661 3547 legions
677 3483 743 3549 (nisi
759 3485 786 3532 in
805 3485 923 3533 tumultu
943 3487 1077 3549 marimo).
1096 3488 1132 3536 lls

124 3548 227 3596 etaient
245 3547 395 3607 ineligibles
414 3561 466 3594 aux
486 3547 697 3610 magistratures
717 3574 749 3583 —-
769 3546 993 3598 Addictorum.
1015 3547 1084 3596 Voir
1099 3565 1133 3596 au

124 3610 238 3670 lexique.
254 3634 284 3643 -
296 3608 489 3658 Videantur.
503 3609 542 3655 En
556 3611 643 3672 temps
655 3609 798 3669 ordinaire,
809 3609 848 3656 les
859 3612 920 3670 sept
930 3609 1054 3657 cohortes
1064 3609 1134 3674 vipi-

126 3672 183 3719 lum
202 3670 362 3732 (pompiers,
387 3669 483 3732 police)
506 3669 607 3718 etaient
628 3685 688 3718 com
709 3670 785 3719 ostes
809 3669 954 3719 d'esclaves
978 3670 1084 3734 publice
1106 3675 1135 3720 et

124 3731 304 3780 d'affranchis
323 3731 372 3778 Ces
389 3731 523 3790 cohortes,
537 3733 679 3780 command
697 3748 725 3780 es
738 3747 788 3794 par
801 3734 848 3780 des
863 3733 969 3780 tribuns
982 3732 1134 3781 subordon·

125 3795 172 3841 nes
184 3809 218 3840 au
226 3793 313 3854 pretet
323 3794 370 3840 des
380 3791 486 3858 viqiles,
499 3793 600 3842 etaient
610 3795 728 3842 chacune
739 3796 772 3843 de
783 3795 854 3842 mille
867 3794 988 3842 hommes
1009 3795 1131 3843 environ.

552 3936 709 3986 —217-
