<?xml version="1.0" encoding="UTF-8"?>
<!DOCTYPE html PUBLIC "-//W3C//DTD XHTML 1.0 Transitional//EN"
    "http://www.w3.org/TR/xhtml1/DTD/xhtml1-transitional.dtd">
<html xmlns="http://www.w3.org/1999/xhtml" xml:lang="en" lang="en">
 <head>
  <title>
</title>
<meta http-equiv="Content-Type" content="text/html;charset=utf-8" />
  <meta name='ocr-system' content='tesseract 3.04.00' />
  <meta name='ocr-capabilities' content='ocr_page ocr_carea ocr_par ocr_line ocrx_word'/>
</head>
<body>
  <div class='ocr_page' id='page_1' title='image "./depublicaprivat01arnagoog_0502.png"; bbox 0 0 2664 4234; ppageno 0'>
   <div class='ocr_carea' id='block_1_1' title="bbox 275 129 1021 278">
    <p class='ocr_par' dir='ltr' id='par_1_1' title="bbox 275 129 1021 278">
     <span class='ocr_line' id='line_1_1' title="bbox 275 129 1021 199; baseline 0.001 -15"><span class='ocrx_word' id='word_1_1' title='bbox 275 131 360 187; x_wconf 85' lang='grc'><strong>450.</strong></span> <span class='ocrx_word' id='word_1_2' title='bbox 383 131 452 186; x_wconf 87' lang='lat' dir='ltr'>Sur</span> <span class='ocrx_word' id='word_1_3' title='bbox 467 131 522 186; x_wconf 90' lang='lat' dir='ltr'>les</span> <span class='ocrx_word' id='word_1_4' title='bbox 538 130 646 185; x_wconf 73' lang='lat' dir='ltr'>(lieux</span> <span class='ocrx_word' id='word_1_5' title='bbox 662 132 709 185; x_wconf 85' lang='lat' dir='ltr'>du</span> <span class='ocrx_word' id='word_1_6' title='bbox 728 129 955 199; x_wconf 73' lang='lat' dir='ltr'>paganismo.</span> <span class='ocrx_word' id='word_1_7' title='bbox 1018 161 1021 169; x_wconf 89' lang='lat'>-</span> 
     </span>
     <span class='ocr_line' id='line_1_2' title="bbox 454 216 776 278; baseline -0.003 -15"><span class='ocrx_word' id='word_1_8' title='bbox 454 217 500 277; x_wconf 79' lang='lat' dir='ltr'>(De</span> <span class='ocrx_word' id='word_1_9' title='bbox 514 216 690 264; x_wconf 86' lang='lat' dir='ltr'>Elhnicorum</span> <span class='ocrx_word' id='word_1_10' title='bbox 705 216 776 278; x_wconf 89' lang='lat' dir='ltr'>diis.)</span> 
     </span>
    </p>
   </div>
   <div class='ocr_carea' id='block_1_2' title="bbox 113 287 1174 2218">
    <p class='ocr_par' dir='ltr' id='par_1_2' title="bbox 113 287 1174 2218">
     <span class='ocr_line' id='line_1_3' title="bbox 157 287 1174 376; baseline 0 -25"><span class='ocrx_word' id='word_1_11' title='bbox 157 295 317 373; x_wconf 82' lang='lat' dir='ltr'>Elligiem*</span> <span class='ocrx_word' id='word_1_12' title='bbox 337 297 391 354; x_wconf 93' lang='lat' dir='ltr'>Dei</span> <span class='ocrx_word' id='word_1_13' title='bbox 404 297 594 376; x_wconf 78' lang='lat' dir='ltr'>formamque</span> <span class='ocrx_word' id='word_1_14' title='bbox 611 317 757 376; x_wconf 78' lang='lat' dir='ltr'>quaerere,</span> <span class='ocrx_word' id='word_1_15' title='bbox 774 295 991 354; x_wconf 73' lang='lat' dir='ltr'>imbecillitatis</span> <span class='ocrx_word' id='word_1_16' title='bbox 1007 297 1115 356; x_wconf 91' lang='lat' dir='ltr'>huma·</span> <span class='ocrx_word' id='word_1_17' title='bbox 1131 287 1174 351; x_wconf 75' lang='lat'>2⁶</span> 
     </span>
     <span class='ocr_line' id='line_1_4' title="bbox 114 388 1113 467; baseline 0.002 -23"><span class='ocrx_word' id='word_1_18' title='bbox 114 407 164 445; x_wconf 89' lang='lat' dir='ltr'>nae</span> <span class='ocrx_word' id='word_1_19' title='bbox 181 408 260 446; x_wconf 88' lang='lat' dir='ltr'>reor.</span> <span class='ocrx_word' id='word_1_20' title='bbox 282 389 426 467; x_wconf 89' lang='lat' dir='ltr'>Quisquis</span> <span class='ocrx_word' id='word_1_21' title='bbox 447 397 493 448; x_wconf 90' lang='lat' dir='ltr'>est</span> <span class='ocrx_word' id='word_1_22' title='bbox 513 389 605 458; x_wconf 91' lang='lat' dir='ltr'>Deus,</span> <span class='ocrx_word' id='word_1_23' title='bbox 624 397 707 447; x_wconf 89' lang='lat' dir='ltr'>totus</span> <span class='ocrx_word' id='word_1_24' title='bbox 723 396 770 446; x_wconf 88' lang='lat' dir='ltr'>est</span> <span class='ocrx_word' id='word_1_25' title='bbox 784 408 901 459; x_wconf 80' lang='lat' dir='ltr'>sensuS,</span> <span class='ocrx_word' id='word_1_26' title='bbox 921 395 1004 446; x_wconf 90' lang='lat' dir='ltr'>totus</span> <span class='ocrx_word' id='word_1_27' title='bbox 1018 388 1113 461; x_wconf 76' lang='lat' dir='ltr'>visne,</span> 
     </span>
     <span class='ocr_line' id='line_1_5' title="bbox 114 480 1169 552; baseline 0.002 -15"><span class='ocrx_word' id='word_1_28' title='bbox 114 487 200 538; x_wconf 90' lang='lat' dir='ltr'>totus</span> <span class='ocrx_word' id='word_1_29' title='bbox 211 480 345 551; x_wconf 90' lang='lat' dir='ltr'>auditus,</span> <span class='ocrx_word' id='word_1_30' title='bbox 360 482 560 540; x_wconf 74' lang='lat' dir='ltr'>totusanimae</span> <span class='ocrx_word' id='word_1_31' title='bbox 570 483 591 551; x_wconf 83' lang='lat'>*,</span> <span class='ocrx_word' id='word_1_32' title='bbox 602 490 687 540; x_wconf 88' lang='lat' dir='ltr'>totus</span> <span class='ocrx_word' id='word_1_33' title='bbox 702 481 824 552; x_wconf 88' lang='lat' dir='ltr'>animi*,</span> <span class='ocrx_word' id='word_1_34' title='bbox 837 488 920 540; x_wconf 87' lang='lat' dir='ltr'>totus</span> <span class='ocrx_word' id='word_1_35' title='bbox 934 483 1009 542; x_wconf 90' lang='lat' dir='ltr'>sui*.</span> <span class='ocrx_word' id='word_1_36' title='bbox 1024 483 1117 539; x_wconf 90' lang='lat' dir='ltr'>lnnu—</span> <span class='ocrx_word' id='word_1_37' title='bbox 1165 487 1169 532; x_wconf 70' lang='lat'>2</span> 
     </span>
     <span class='ocr_line' id='line_1_6' title="bbox 115 573 1117 653; baseline 0.003 -24"><span class='ocrx_word' id='word_1_38' title='bbox 115 592 216 631; x_wconf 88' lang='lat' dir='ltr'>meros</span> <span class='ocrx_word' id='word_1_39' title='bbox 233 573 356 652; x_wconf 90' lang='lat' dir='ltr'>quidem</span> <span class='ocrx_word' id='word_1_40' title='bbox 377 574 501 632; x_wconf 84' lang='lat' dir='ltr'>credere</span> <span class='ocrx_word' id='word_1_41' title='bbox 519 582 610 653; x_wconf 87' lang='lat' dir='ltr'>atque</span> <span class='ocrx_word' id='word_1_42' title='bbox 629 575 716 632; x_wconf 91' lang='lat' dir='ltr'>etiam</span> <span class='ocrx_word' id='word_1_43' title='bbox 736 594 772 631; x_wconf 85' lang='lat' dir='ltr'>ex</span> <span class='ocrx_word' id='word_1_44' title='bbox 791 574 957 632; x_wconf 87' lang='lat' dir='ltr'>virtutibus</span> <span class='ocrx_word' id='word_1_45' title='bbox 972 573 1117 652; x_wconf 90' lang='lat' dir='ltr'>vitiisque</span> 
     </span>
     <span class='ocr_line' id='line_1_7' title="bbox 115 665 1118 739; baseline 0.001 -18"><span class='ocrx_word' id='word_1_46' title='bbox 115 665 287 732; x_wconf 85' lang='lat' dir='ltr'>hominum,</span> <span class='ocrx_word' id='word_1_47' title='bbox 303 674 337 727; x_wconf 93' lang='lat' dir='ltr'>ut</span> <span class='ocrx_word' id='word_1_48' title='bbox 354 666 565 736; x_wconf 84' lang='lat' dir='ltr'>Pudicitiam*,</span> <span class='ocrx_word' id='word_1_49' title='bbox 583 666 797 735; x_wconf 77' lang='lat' dir='ltr'>Concordiam,</span> <span class='ocrx_word' id='word_1_50' title='bbox 813 667 960 739; x_wconf 80' lang='lat' dir='ltr'>Mentem,</span> <span class='ocrx_word' id='word_1_51' title='bbox 978 666 1118 726; x_wconf 83' lang='lat' dir='ltr'>Clemen-</span> 
     </span>
     <span class='ocr_line' id='line_1_8' title="bbox 113 756 1120 837; baseline 0.001 -23"><span class='ocrx_word' id='word_1_52' title='bbox 113 757 202 826; x_wconf 81' lang='lat' dir='ltr'>tiam,</span> <span class='ocrx_word' id='word_1_53' title='bbox 227 757 346 824; x_wconf 84' lang='lat' dir='ltr'>Fidem,</span> <span class='ocrx_word' id='word_1_54' title='bbox 379 766 432 816; x_wconf 90' lang='lat' dir='ltr'>aut</span> <span class='ocrx_word' id='word_1_55' title='bbox 454 759 501 834; x_wconf 86' lang='lat' dir='ltr'>(ut</span> <span class='ocrx_word' id='word_1_56' title='bbox 529 759 707 817; x_wconf 81' lang='lat' dir='ltr'>Democrito</span> <span class='ocrx_word' id='word_1_57' title='bbox 737 756 863 837; x_wconf 78' lang='lat' dir='ltr'>placuit)</span> <span class='ocrx_word' id='word_1_58' title='bbox 887 758 964 816; x_wconf 91' lang='lat' dir='ltr'>duos</span> <span class='ocrx_word' id='word_1_59' title='bbox 990 758 1120 816; x_wconf 90' lang='lat' dir='ltr'>omnino</span> 
     </span>
     <span class='ocr_line' id='line_1_9' title="bbox 114 849 1115 928; baseline -0.001 -21"><span class='ocrx_word' id='word_1_60' title='bbox 114 849 243 919; x_wconf 83' lang='lat' dir='ltr'>Poenam</span> <span class='ocrx_word' id='word_1_61' title='bbox 275 857 306 908; x_wconf 91' lang='lat' dir='ltr'>et</span> <span class='ocrx_word' id='word_1_62' title='bbox 332 850 550 920; x_wconf 83' lang='lat' dir='ltr'>Beneficium*,</span> <span class='ocrx_word' id='word_1_63' title='bbox 571 851 717 928; x_wconf 82' lang='lat' dir='ltr'>majorem</span> <span class='ocrx_word' id='word_1_64' title='bbox 740 851 776 908; x_wconf 89' lang='lat' dir='ltr'>ad</span> <span class='ocrx_word' id='word_1_65' title='bbox 802 850 971 908; x_wconf 83' lang='lat' dir='ltr'>socordiam</span> <span class='ocrx_word' id='word_1_66' title='bbox 987 849 1115 918; x_wconf 74' lang='lat' dir='ltr'>accedit,</span> 
     </span>
     <span class='ocr_line' id='line_1_10' title="bbox 118 941 1142 1022; baseline 0.002 -24"><span class='ocrx_word' id='word_1_67' title='bbox 118 941 247 1018; x_wconf 83' lang='lat' dir='ltr'>Fragilis</span> <span class='ocrx_word' id='word_1_68' title='bbox 274 949 304 1000; x_wconf 91' lang='lat' dir='ltr'>et</span> <span class='ocrx_word' id='word_1_69' title='bbox 326 943 479 1002; x_wconf 87' lang='lat' dir='ltr'>laboriosa</span> <span class='ocrx_word' id='word_1_70' title='bbox 503 944 693 1002; x_wconf 80' lang='lat' dir='ltr'>mortalitas*</span> <span class='ocrx_word' id='word_1_71' title='bbox 715 944 744 1000; x_wconf 91' lang='lat' dir='ltr'>in</span> <span class='ocrx_word' id='word_1_72' title='bbox 771 949 871 1022; x_wconf 88' lang='lat' dir='ltr'>partes</span> <span class='ocrx_word' id='word_1_73' title='bbox 898 943 955 1001; x_wconf 89' lang='lat' dir='ltr'>ista</span> <span class='ocrx_word' id='word_1_74' title='bbox 980 943 1115 1020; x_wconf 82' lang='lat' dir='ltr'>digessit,</span> <span class='ocrx_word' id='word_1_75' title='bbox 1140 971 1142 974; x_wconf 96' lang='lat'>·</span> 
     </span>
     <span class='ocr_line' id='line_1_11' title="bbox 116 1034 1118 1116; baseline 0.002 -25"><span class='ocrx_word' id='word_1_76' title='bbox 116 1035 308 1093; x_wconf 85' lang='lat' dir='ltr'>infirmitatis</span> <span class='ocrx_word' id='word_1_77' title='bbox 334 1057 395 1094; x_wconf 75' lang='lat' dir='ltr'>suae</span> <span class='ocrx_word' id='word_1_78' title='bbox 421 1057 548 1106; x_wconf 89' lang='lat' dir='ltr'>memor,</span> <span class='ocrx_word' id='word_1_79' title='bbox 567 1043 600 1094; x_wconf 91' lang='lat' dir='ltr'>ut</span> <span class='ocrx_word' id='word_1_80' title='bbox 622 1034 834 1116; x_wconf 82' lang='lat' dir='ltr'>portionibus*</span> <span class='ocrx_word' id='word_1_81' title='bbox 859 1037 973 1094; x_wconf 85' lang='lat' dir='ltr'>coleret</span> <span class='ocrx_word' id='word_1_82' title='bbox 988 1036 1118 1115; x_wconf 88' lang='lat' dir='ltr'>quisque</span> 
     </span>
     <span class='ocr_line' id='line_1_12' title="bbox 115 1128 1116 1207; baseline 0.002 -23"><span class='ocrx_word' id='word_1_83' title='bbox 115 1147 179 1205; x_wconf 91' lang='lat' dir='ltr'>quo</span> <span class='ocrx_word' id='word_1_84' title='bbox 193 1128 323 1185; x_wconf 80' lang='lat' dir='ltr'>maxime</span> <span class='ocrx_word' id='word_1_85' title='bbox 341 1128 502 1205; x_wconf 78' lang='lat' dir='ltr'>indigeret.</span> <span class='ocrx_word' id='word_1_86' title='bbox 523 1129 629 1207; x_wconf 90' lang='lat' dir='ltr'>ltaque</span> <span class='ocrx_word' id='word_1_87' title='bbox 649 1129 772 1186; x_wconf 87' lang='lat' dir='ltr'>nomina</span> <span class='ocrx_word' id='word_1_88' title='bbox 793 1128 855 1186; x_wconf 88' lang='lat' dir='ltr'>alia·</span> <span class='ocrx_word' id='word_1_89' title='bbox 876 1129 940 1186; x_wconf 87' lang='lat' dir='ltr'>aliis</span> <span class='ocrx_word' id='word_1_90' title='bbox 963 1129 1116 1206; x_wconf 73' lang='lat' dir='ltr'>gentibue,</span> 
     </span>
     <span class='ocr_line' id='line_1_13' title="bbox 118 1219 1119 1300; baseline 0 -24"><span class='ocrx_word' id='word_1_91' title='bbox 118 1226 150 1276; x_wconf 91' lang='lat' dir='ltr'>et</span> <span class='ocrx_word' id='word_1_92' title='bbox 178 1221 304 1279; x_wconf 89' lang='lat' dir='ltr'>numina</span> <span class='ocrx_word' id='word_1_93' title='bbox 330 1221 361 1278; x_wconf 92' lang='lat' dir='ltr'>in</span> <span class='ocrx_word' id='word_1_94' title='bbox 392 1221 516 1278; x_wconf 87' lang='lat' dir='ltr'>iisdem*</span> <span class='ocrx_word' id='word_1_95' title='bbox 541 1221 773 1279; x_wconf 88' lang='lat' dir='ltr'>innumerabilia</span> <span class='ocrx_word' id='word_1_96' title='bbox 800 1221 986 1300; x_wconf 85' lang='lat' dir='ltr'>reperimus,</span> <span class='ocrx_word' id='word_1_97' title='bbox 1013 1219 1119 1278; x_wconf 87' lang='lat' dir='ltr'>inferis</span> 
     </span>
     <span class='ocr_line' id='line_1_14' title="bbox 117 1313 1117 1392; baseline 0 -23"><span class='ocrx_word' id='word_1_98' title='bbox 117 1332 239 1391; x_wconf 86' lang='lat' dir='ltr'>quoque</span> <span class='ocrx_word' id='word_1_99' title='bbox 256 1313 286 1369; x_wconf 93' lang='lat' dir='ltr'>in</span> <span class='ocrx_word' id='word_1_100' title='bbox 305 1316 433 1390; x_wconf 78' lang='lat' dir='ltr'>genera*</span> <span class='ocrx_word' id='word_1_101' title='bbox 451 1313 623 1392; x_wconf 68' lang='lat' dir='ltr'>descriptis</span> <span class='ocrx_word' id='word_1_102' title='bbox 636 1313 840 1391; x_wconf 79' lang='lat' dir='ltr'>morbisque*,</span> <span class='ocrx_word' id='word_1_103' title='bbox 858 1322 888 1370; x_wconf 89' lang='lat' dir='ltr'>et</span> <span class='ocrx_word' id='word_1_104' title='bbox 903 1313 1007 1372; x_wconf 89' lang='lat' dir='ltr'>multis</span> <span class='ocrx_word' id='word_1_105' title='bbox 1026 1313 1117 1370; x_wconf 90' lang='lat' dir='ltr'>etiam</span> 
     </span>
     <span class='ocr_line' id='line_1_15' title="bbox 117 1403 1119 1485; baseline 0 -24"><span class='ocrx_word' id='word_1_106' title='bbox 117 1403 264 1481; x_wconf 90' lang='lat' dir='ltr'>pestibus,</span> <span class='ocrx_word' id='word_1_107' title='bbox 282 1405 353 1463; x_wconf 89' lang='lat' dir='ltr'>dum</span> <span class='ocrx_word' id='word_1_108' title='bbox 369 1426 433 1464; x_wconf 81' lang='lat' dir='ltr'>esse</span> <span class='ocrx_word' id='word_1_109' title='bbox 451 1405 585 1485; x_wconf 87' lang='lat' dir='ltr'>placatas</span> <span class='ocrx_word' id='word_1_110' title='bbox 599 1406 719 1484; x_wconf 90' lang='lat' dir='ltr'>trepido</span> <span class='ocrx_word' id='word_1_111' title='bbox 735 1413 817 1463; x_wconf 89' lang='lat' dir='ltr'>metu</span> <span class='ocrx_word' id='word_1_112' title='bbox 838 1407 989 1484; x_wconf 77' lang='lat' dir='ltr'>cupimus,</span> <span class='ocrx_word' id='word_1_113' title='bbox 1008 1406 1119 1472; x_wconf 85' lang='lat' dir='ltr'>Quam-</span> 
     </span>
     <span class='ocr_line' id='line_1_16' title="bbox 117 1495 1117 1577; baseline 0.002 -25"><span class='ocrx_word' id='word_1_114' title='bbox 117 1495 221 1553; x_wconf 89' lang='lat' dir='ltr'>obrem</span> <span class='ocrx_word' id='word_1_115' title='bbox 254 1498 352 1576; x_wconf 76' lang='lat' dir='ltr'>major</span> <span class='ocrx_word' id='word_1_116' title='bbox 384 1499 521 1556; x_wconf 81' lang='lat' dir='ltr'>caelitum</span> <span class='ocrx_word' id='word_1_117' title='bbox 554 1497 685 1576; x_wconf 81' lang='lat' dir='ltr'>populus</span> <span class='ocrx_word' id='word_1_118' title='bbox 714 1499 805 1555; x_wconf 89' lang='lat' dir='ltr'>etiam</span> <span class='ocrx_word' id='word_1_119' title='bbox 839 1519 929 1577; x_wconf 89' lang='lat' dir='ltr'>quam</span> <span class='ocrx_word' id='word_1_120' title='bbox 958 1497 1117 1555; x_wconf 90' lang='lat' dir='ltr'>hominum</span> 
     </span>
     <span class='ocr_line' id='line_1_17' title="bbox 116 1586 1118 1669; baseline 0.003 -26"><span class='ocrx_word' id='word_1_121' title='bbox 116 1586 251 1665; x_wconf 82' lang='lat' dir='ltr'>intellegi</span> <span class='ocrx_word' id='word_1_122' title='bbox 265 1596 376 1668; x_wconf 90' lang='lat' dir='ltr'>potest,</span> <span class='ocrx_word' id='word_1_123' title='bbox 392 1610 460 1648; x_wconf 91' lang='lat' dir='ltr'>cum</span> <span class='ocrx_word' id='word_1_124' title='bbox 483 1590 593 1666; x_wconf 76' lang='lat' dir='ltr'>singuli</span> <span class='ocrx_word' id='word_1_125' title='bbox 614 1611 735 1668; x_wconf 89' lang='lat' dir='ltr'>quoque</span> <span class='ocrx_word' id='word_1_126' title='bbox 749 1611 784 1647; x_wconf 85' lang='lat' dir='ltr'>ex</span> <span class='ocrx_word' id='word_1_127' title='bbox 801 1591 971 1669; x_wconf 88' lang='lat' dir='ltr'>semetipsis</span> <span class='ocrx_word' id='word_1_128' title='bbox 989 1591 1118 1648; x_wconf 92' lang='lat' dir='ltr'>totidem</span> 
     </span>
     <span class='ocr_line' id='line_1_18' title="bbox 118 1679 1119 1760; baseline 0.004 -24"><span class='ocrx_word' id='word_1_129' title='bbox 118 1679 199 1737; x_wconf 87' lang='lat' dir='ltr'>Deos</span> <span class='ocrx_word' id='word_1_130' title='bbox 213 1680 337 1751; x_wconf 85' lang='lat' dir='ltr'>iaciant,</span> <span class='ocrx_word' id='word_1_131' title='bbox 355 1681 510 1740; x_wconf 75' lang='lat' dir='ltr'>iunones*</span> <span class='ocrx_word' id='word_1_132' title='bbox 531 1682 706 1760; x_wconf 87' lang='lat' dir='ltr'>Geniosque</span> <span class='ocrx_word' id='word_1_133' title='bbox 729 1683 905 1760; x_wconf 89' lang='lat' dir='ltr'>adoptando</span> <span class='ocrx_word' id='word_1_134' title='bbox 919 1683 987 1742; x_wconf 91' lang='lat' dir='ltr'>sibi.</span> <span class='ocrx_word' id='word_1_135' title='bbox 1004 1683 1119 1741; x_wconf 86' lang='lat' dir='ltr'>Gentes</span> 
     </span>
     <span class='ocr_line' id='line_1_19' title="bbox 118 1772 1119 1854; baseline 0.004 -27"><span class='ocrx_word' id='word_1_136' title='bbox 118 1792 189 1829; x_wconf 92' lang='lat' dir='ltr'>vero</span> <span class='ocrx_word' id='word_1_137' title='bbox 202 1772 343 1851; x_wconf 68' lang='lat' dir='ltr'>quaedam</span> <span class='ocrx_word' id='word_1_138' title='bbox 363 1773 517 1844; x_wconf 89' lang='lat' dir='ltr'>animalia,</span> <span class='ocrx_word' id='word_1_139' title='bbox 533 1782 563 1832; x_wconf 89' lang='lat' dir='ltr'>et</span> <span class='ocrx_word' id='word_1_140' title='bbox 579 1775 680 1853; x_wconf 91' lang='lat' dir='ltr'>aliqua</span> <span class='ocrx_word' id='word_1_141' title='bbox 700 1775 791 1832; x_wconf 90' lang='lat' dir='ltr'>etiam</span> <span class='ocrx_word' id='word_1_142' title='bbox 808 1774 971 1842; x_wconf 83' lang='lat' dir='ltr'>obscena*‚</span> <span class='ocrx_word' id='word_1_143' title='bbox 987 1796 1041 1854; x_wconf 92' lang='lat' dir='ltr'>pro</span> <span class='ocrx_word' id='word_1_144' title='bbox 1061 1775 1119 1832; x_wconf 90' lang='lat' dir='ltr'>diis</span> 
     </span>
     <span class='ocr_line' id='line_1_20' title="bbox 119 1863 1119 1946; baseline 0.004 -26"><span class='ocrx_word' id='word_1_145' title='bbox 119 1863 242 1922; x_wconf 89' lang='lat' dir='ltr'>habent.</span> <span class='ocrx_word' id='word_1_146' title='bbox 265 1865 462 1924; x_wconf 88' lang='lat' dir='ltr'>Matrimonia</span> <span class='ocrx_word' id='word_1_147' title='bbox 488 1866 609 1946; x_wconf 85' lang='lat' dir='ltr'>quidem</span> <span class='ocrx_word' id='word_1_148' title='bbox 635 1868 714 1924; x_wconf 89' lang='lat' dir='ltr'>inter</span> <span class='ocrx_word' id='word_1_149' title='bbox 745 1867 826 1925; x_wconf 89' lang='lat' dir='ltr'>Deos</span> <span class='ocrx_word' id='word_1_150' title='bbox 851 1867 944 1938; x_wconf 89' lang='lat' dir='ltr'>credi,</span> <span class='ocrx_word' id='word_1_151' title='bbox 971 1875 1119 1946; x_wconf 91' lang='lat' dir='ltr'>tantoque</span> 
     </span>
     <span class='ocr_line' id='line_1_21' title="bbox 117 1957 1120 2036; baseline 0.005 -23"><span class='ocrx_word' id='word_1_152' title='bbox 117 1976 182 2014; x_wconf 88' lang='lat' dir='ltr'>aevo</span> <span class='ocrx_word' id='word_1_153' title='bbox 195 1977 231 2014; x_wconf 89' lang='lat' dir='ltr'>cx</span> <span class='ocrx_word' id='word_1_154' title='bbox 248 1957 294 2014; x_wconf 92' lang='lat' dir='ltr'>his</span> <span class='ocrx_word' id='word_1_155' title='bbox 310 1959 462 2016; x_wconf 88' lang='lat' dir='ltr'>neminem</span> <span class='ocrx_word' id='word_1_156' title='bbox 484 1961 576 2030; x_wconf 88' lang='lat' dir='ltr'>nasci,</span> <span class='ocrx_word' id='word_1_157' title='bbox 594 1967 621 2016; x_wconf 88' lang='lat' dir='ltr'>et</span> <span class='ocrx_word' id='word_1_158' title='bbox 646 1959 720 2017; x_wconf 90' lang='lat' dir='ltr'>alios</span> <span class='ocrx_word' id='word_1_159' title='bbox 738 1981 802 2018; x_wconf 88' lang='lat' dir='ltr'>esse</span> <span class='ocrx_word' id='word_1_160' title='bbox 828 1959 1027 2036; x_wconf 71' lang='lat' dir='ltr'>grandaevos*</span> <span class='ocrx_word' id='word_1_161' title='bbox 1043 1981 1120 2018; x_wconf 91' lang='lat' dir='ltr'>sem-</span> 
     </span>
     <span class='ocr_line' id='line_1_22' title="bbox 117 2051 1117 2130; baseline 0.003 -25"><span class='ocrx_word' id='word_1_162' title='bbox 117 2069 231 2130; x_wconf 86' lang='lat' dir='ltr'>perque</span> <span class='ocrx_word' id='word_1_163' title='bbox 255 2069 358 2124; x_wconf 80' lang='lat' dir='ltr'>canoa,</span> <span class='ocrx_word' id='word_1_164' title='bbox 388 2051 463 2109; x_wconf 91' lang='lat' dir='ltr'>alios</span> <span class='ocrx_word' id='word_1_165' title='bbox 482 2052 612 2129; x_wconf 80' lang='lat' dir='ltr'>juvenes</span> <span class='ocrx_word' id='word_1_166' title='bbox 637 2059 728 2129; x_wconf 90' lang='lat' dir='ltr'>atque</span> <span class='ocrx_word' id='word_1_167' title='bbox 751 2073 871 2130; x_wconf 88' lang='lat' dir='ltr'>pueros,</span> <span class='ocrx_word' id='word_1_168' title='bbox 898 2053 975 2110; x_wconf 83' lang='lat' dir='ltr'>atri*</span> <span class='ocrx_word' id='word_1_169' title='bbox 995 2053 1117 2127; x_wconf 85' lang='lat' dir='ltr'>coloris,</span> 
     </span>
     <span class='ocr_line' id='line_1_23' title="bbox 117 2140 1120 2218; baseline 0.003 -19"><span class='ocrx_word' id='word_1_170' title='bbox 117 2140 277 2218; x_wconf 83' lang='lat' dir='ltr'>aligeros*,</span> <span class='ocrx_word' id='word_1_171' title='bbox 296 2142 432 2210; x_wconf 70' lang='lat' dir='ltr'>claudos</span> <span class='ocrx_word' id='word_1_172' title='bbox 446 2163 505 2201; x_wconf 88' lang='lat' dir='ltr'>ovo</span> <span class='ocrx_word' id='word_1_173' title='bbox 523 2144 649 2214; x_wconf 85' lang='lat' dir='ltr'>editos*,</span> <span class='ocrx_word' id='word_1_174' title='bbox 666 2152 696 2201; x_wconf 89' lang='lat' dir='ltr'>ct</span> <span class='ocrx_word' id='word_1_175' title='bbox 708 2144 832 2202; x_wconf 87' lang='lat' dir='ltr'>alternis</span> <span class='ocrx_word' id='word_1_176' title='bbox 853 2144 959 2203; x_wconf 88' lang='lat' dir='ltr'>diebus</span> <span class='ocrx_word' id='word_1_177' title='bbox 979 2146 1120 2203; x_wconf 84' lang='lat' dir='ltr'>viventes</span> 
     </span>
    </p>
   </div>
   <div class='ocr_carea' id='block_1_3' title="bbox 66 2229 1000 2315">
    <p class='ocr_par' dir='ltr' id='par_1_3' title="bbox 66 2229 1000 2315">
     <span class='ocr_line' id='line_1_24' title="bbox 66 2229 1000 2315; baseline 0.007 -26"><span class='ocrx_word' id='word_1_178' title='bbox 66 2229 69 2234; x_wconf 74' lang='grc'><strong>’</strong></span> <span class='ocrx_word' id='word_1_179' title='bbox 119 2233 358 2312; x_wconf 87' lang='lat' dir='ltr'>morientesque,</span> <span class='ocrx_word' id='word_1_180' title='bbox 374 2235 537 2314; x_wconf 88' lang='lat' dir='ltr'>puerilium</span> <span class='ocrx_word' id='word_1_181' title='bbox 553 2256 647 2315; x_wconf 89' lang='lat' dir='ltr'>prope</span> <span class='ocrx_word' id='word_1_182' title='bbox 658 2235 927 2294; x_wconf 87' lang='lat' dir='ltr'>deliramentorum</span> <span class='ocrx_word' id='word_1_183' title='bbox 944 2245 1000 2296; x_wconf 86' lang='lat' dir='ltr'>est.</span> 
     </span>
    </p>
   </div>
   <div class='ocr_carea' id='block_1_4' title="bbox 116 2329 1220 3948">
    <p class='ocr_par' dir='ltr' id='par_1_4' title="bbox 116 2329 1220 3948">
     <span class='ocr_line' id='line_1_25' title="bbox 147 2329 1120 2396; baseline 0.003 -18"><span class='ocrx_word' id='word_1_184' title='bbox 147 2329 187 2378; x_wconf 85' lang='lat' dir='ltr'>N⁰</span> <span class='ocrx_word' id='word_1_185' title='bbox 200 2329 267 2378; x_wconf 90' lang='grc'>450</span> <span class='ocrx_word' id='word_1_186' title='bbox 284 2330 459 2392; x_wconf 74' lang='lat' dir='ltr'>:Effigiem</span> <span class='ocrx_word' id='word_1_187' title='bbox 473 2331 511 2378; x_wconf 84' lang='lat' dir='ltr'>Cf.</span> <span class='ocrx_word' id='word_1_188' title='bbox 528 2331 566 2378; x_wconf 87' lang='lat' dir='ltr'>les</span> <span class='ocrx_word' id='word_1_189' title='bbox 583 2332 729 2392; x_wconf 83' lang='lat' dir='ltr'>fragments</span> <span class='ocrx_word' id='word_1_190' title='bbox 743 2332 779 2379; x_wconf 94' lang='lat' dir='ltr'>Vl</span> <span class='ocrx_word' id='word_1_191' title='bbox 790 2337 817 2380; x_wconf 90' lang='lat' dir='ltr'>et</span> <span class='ocrx_word' id='word_1_192' title='bbox 833 2332 883 2379; x_wconf 93' lang='lat' dir='ltr'>VII</span> <span class='ocrx_word' id='word_1_193' title='bbox 899 2334 931 2380; x_wconf 88' lang='lat' dir='ltr'>de</span> <span class='ocrx_word' id='word_1_194' title='bbox 946 2334 1120 2396; x_wconf 76' lang='lat' dir='ltr'>Xenophane,</span> 
     </span>
     <span class='ocr_line' id='line_1_26' title="bbox 117 2391 1122 2462; baseline 0.004 -24"><span class='ocrx_word' id='word_1_195' title='bbox 117 2391 178 2438; x_wconf 88' lang='lat' dir='ltr'>edit.</span> <span class='ocrx_word' id='word_1_196' title='bbox 203 2391 325 2439; x_wconf 81' lang='lat' dir='ltr'>Karsten.</span> <span class='ocrx_word' id='word_1_197' title='bbox 346 2393 419 2440; x_wconf 87' lang='lat' dir='ltr'>Dans</span> <span class='ocrx_word' id='word_1_198' title='bbox 440 2408 486 2439; x_wconf 91' lang='lat' dir='ltr'>son</span> <span class='ocrx_word' id='word_1_199' title='bbox 510 2393 574 2458; x_wconf 80' lang='grc' dir='ltr'>Περὶ</span> <span class='ocrx_word' id='word_1_200' title='bbox 587 2396 688 2462; x_wconf 75' lang='grc' dir='ltr'>φύσεως,</span> <span class='ocrx_word' id='word_1_201' title='bbox 711 2409 741 2440; x_wconf 90' lang='lat' dir='ltr'>ce</span> <span class='ocrx_word' id='word_1_202' title='bbox 759 2394 918 2455; x_wconf 91' lang='lat' dir='ltr'>philosophe</span> <span class='ocrx_word' id='word_1_203' title='bbox 936 2395 1055 2454; x_wconf 86' lang='lat' dir='ltr'>(nevers</span> <span class='ocrx_word' id='word_1_204' title='bbox 1075 2401 1122 2442; x_wconf 74' lang='lat'>620</span> 
     </span>
     <span class='ocr_line' id='line_1_27' title="bbox 117 2461 1120 2525; baseline 0.005 -17"><span class='ocrx_word' id='word_1_205' title='bbox 117 2461 282 2522; x_wconf 67' lang='lat' dir='ltr'>avanti-C.)</span> <span class='ocrx_word' id='word_1_206' title='bbox 290 2463 363 2508; x_wconf 92' lang='lat' dir='ltr'>raille</span> <span class='ocrx_word' id='word_1_207' title='bbox 376 2463 414 2509; x_wconf 92' lang='lat' dir='ltr'>les</span> <span class='ocrx_word' id='word_1_208' title='bbox 425 2464 503 2509; x_wconf 85' lang='lat' dir='ltr'>dieux</span> <span class='ocrx_word' id='word_1_209' title='bbox 514 2462 656 2510; x_wconf 81' lang='lat' dir='ltr'>d&#39;Homere</span> <span class='ocrx_word' id='word_1_210' title='bbox 667 2467 693 2510; x_wconf 89' lang='lat' dir='ltr'>ct</span> <span class='ocrx_word' id='word_1_211' title='bbox 702 2463 845 2510; x_wconf 78' lang='lat' dir='ltr'>d&#39;Hesiode</span> <span class='ocrx_word' id='word_1_212' title='bbox 856 2485 866 2506; x_wconf 75' lang='grc' dir='ltr'>α</span> <span class='ocrx_word' id='word_1_213' title='bbox 876 2465 921 2525; x_wconf 89' lang='lat' dir='ltr'>qui</span> <span class='ocrx_word' id='word_1_214' title='bbox 930 2469 991 2512; x_wconf 89' lang='lat' dir='ltr'>sont</span> <span class='ocrx_word' id='word_1_215' title='bbox 1002 2467 1120 2524; x_wconf 86' lang='lat' dir='ltr'>volcurs,</span> 
     </span>
     <span class='ocr_line' id='line_1_28' title="bbox 117 2525 1121 2586; baseline 0.007 -18"><span class='ocrx_word' id='word_1_216' title='bbox 117 2528 251 2570; x_wconf 89' lang='lat' dir='ltr'>menteurs</span> <span class='ocrx_word' id='word_1_217' title='bbox 265 2527 291 2569; x_wconf 89' lang='lat' dir='ltr'>et</span> <span class='ocrx_word' id='word_1_218' title='bbox 307 2525 448 2580; x_wconf 75' lang='lat' dir='ltr'>adulteres,</span> <span class='ocrx_word' id='word_1_219' title='bbox 464 2525 501 2570; x_wconf 93' lang='lat' dir='ltr'>les</span> <span class='ocrx_word' id='word_1_220' title='bbox 519 2526 598 2572; x_wconf 76' lang='lat' dir='ltr'>dicun</span> <span class='ocrx_word' id='word_1_221' title='bbox 616 2526 720 2572; x_wconf 80' lang='lat' dir='ltr'>thraces</span> <span class='ocrx_word' id='word_1_222' title='bbox 738 2527 783 2586; x_wconf 92' lang='lat' dir='ltr'>qui</span> <span class='ocrx_word' id='word_1_223' title='bbox 802 2530 864 2573; x_wconf 92' lang='lat' dir='ltr'>sont</span> <span class='ocrx_word' id='word_1_224' title='bbox 881 2541 974 2586; x_wconf 76' lang='lat' dir='ltr'>rouges</span> <span class='ocrx_word' id='word_1_225' title='bbox 992 2542 1057 2574; x_wconf 89' lang='lat' dir='ltr'>avec</span> <span class='ocrx_word' id='word_1_226' title='bbox 1072 2529 1121 2575; x_wconf 91' lang='lat' dir='ltr'>des</span> 
     </span>
     <span class='ocr_line' id='line_1_29' title="bbox 116 2585 1123 2647; baseline 0.006 -17"><span class='ocrx_word' id='word_1_227' title='bbox 116 2599 186 2646; x_wconf 84' lang='lat' dir='ltr'>yeux</span> <span class='ocrx_word' id='word_1_228' title='bbox 199 2585 283 2638; x_wconf 85' lang='lat' dir='ltr'>blcus,</span> <span class='ocrx_word' id='word_1_229' title='bbox 297 2586 334 2631; x_wconf 90' lang='lat' dir='ltr'>tes</span> <span class='ocrx_word' id='word_1_230' title='bbox 347 2586 425 2632; x_wconf 79' lang='lat' dir='ltr'>dicun</span> <span class='ocrx_word' id='word_1_231' title='bbox 439 2586 588 2647; x_wconf 88' lang='lat' dir='ltr'>ethiopiens</span> <span class='ocrx_word' id='word_1_232' title='bbox 609 2589 661 2647; x_wconf 91' lang='lat' dir='ltr'>qui·</span> <span class='ocrx_word' id='word_1_233' title='bbox 672 2591 734 2634; x_wconf 88' lang='lat' dir='ltr'>sont</span> <span class='ocrx_word' id='word_1_234' title='bbox 753 2588 825 2634; x_wconf 89' lang='lat' dir='ltr'>noirs</span> <span class='ocrx_word' id='word_1_235' title='bbox 839 2591 865 2634; x_wconf 93' lang='lat' dir='ltr'>et</span> <span class='ocrx_word' id='word_1_236' title='bbox 876 2603 966 2634; x_wconf 90' lang='lat' dir='ltr'>camus</span> <span class='ocrx_word' id='word_1_237' title='bbox 981 2608 1000 2634; x_wconf 75' lang='lat' dir='ltr'>i.</span> <span class='ocrx_word' id='word_1_238' title='bbox 1017 2589 1036 2634; x_wconf 94' lang='lat' dir='ltr'>Il</span> <span class='ocrx_word' id='word_1_239' title='bbox 1052 2591 1123 2637; x_wconf 83' lang='lat' dir='ltr'>croit.</span> 
     </span>
     <span class='ocr_line' id='line_1_30' title="bbox 116 2647 1119 2711; baseline 0.006 -19"><span class='ocrx_word' id='word_1_240' title='bbox 116 2662 166 2706; x_wconf 91' lang='lat' dir='ltr'>quc</span> <span class='ocrx_word' id='word_1_241' title='bbox 179 2647 203 2692; x_wconf 92' lang='lat' dir='ltr'>la</span> <span class='ocrx_word' id='word_1_242' title='bbox 215 2647 326 2693; x_wconf 74' lang='lat' dir='ltr'>divinite</span> <span class='ocrx_word' id='word_1_243' title='bbox 340 2651 380 2694; x_wconf 87' lang='lat' dir='ltr'>est</span> <span class='ocrx_word' id='word_1_244' title='bbox 393 2663 457 2706; x_wconf 78' lang='lat' dir='ltr'>unc3</span> <span class='ocrx_word' id='word_1_245' title='bbox 470 2649 538 2702; x_wconf 86' lang='lat' dir='ltr'>dieu,</span> <span class='ocrx_word' id='word_1_246' title='bbox 553 2648 634 2706; x_wconf 85' lang='lat' dir='ltr'>dit-il,</span> <span class='ocrx_word' id='word_1_247' title='bbox 648 2669 658 2690; x_wconf 71' lang='lat' dir='ltr'>a</span> <span class='ocrx_word' id='word_1_248' title='bbox 672 2653 713 2695; x_wconf 88' lang='lat' dir='ltr'>est</span> <span class='ocrx_word' id='word_1_249' title='bbox 727 2652 785 2696; x_wconf 89' lang='lat' dir='ltr'>tout</span> <span class='ocrx_word' id='word_1_250' title='bbox 798 2650 851 2709; x_wconf 85' lang='lat' dir='ltr'>oeit,</span> <span class='ocrx_word' id='word_1_251' title='bbox 866 2652 926 2696; x_wconf 88' lang='lat' dir='ltr'>tout</span> <span class='ocrx_word' id='word_1_252' title='bbox 942 2649 1119 2711; x_wconf 78' lang='lat' dir='ltr'>intelligence,</span> 
     </span>
     <span class='ocr_line' id='line_1_31' title="bbox 116 2707 1119 2778; baseline 0.006 -24"><span class='ocrx_word' id='word_1_253' title='bbox 116 2711 175 2754; x_wconf 86' lang='lat' dir='ltr'>tout</span> <span class='ocrx_word' id='word_1_254' title='bbox 186 2707 274 2754; x_wconf 88' lang='lat' dir='ltr'>oreille</span> <span class='ocrx_word' id='word_1_255' title='bbox 289 2726 309 2754; x_wconf 78' lang='lat' dir='ltr'>u.</span> <span class='ocrx_word' id='word_1_256' title='bbox 321 2735 350 2742; x_wconf 89' lang='lat'>-</span> <span class='ocrx_word' id='word_1_257' title='bbox 360 2707 498 2759; x_wconf 80' lang='lat' dir='ltr'>Animae</span> <span class='ocrx_word' id='word_1_258' title='bbox 510 2711 612 2778; x_wconf 71' lang='lat' dir='ltr'>(soulllc</span> <span class='ocrx_word' id='word_1_259' title='bbox 622 2711 705 2768; x_wconf 73' lang='lat' dir='ltr'>vitali,</span> <span class='ocrx_word' id='word_1_260' title='bbox 720 2711 830 2758; x_wconf 90' lang='lat' dir='ltr'>distinct</span> <span class='ocrx_word' id='word_1_261' title='bbox 843 2712 875 2756; x_wconf 90' lang='lat' dir='ltr'>de</span> <span class='ocrx_word' id='word_1_262' title='bbox 886 2710 987 2760; x_wconf 83' lang='lat' dir='ltr'>animi</span> <span class='ocrx_word' id='word_1_263' title='bbox 1000 2713 1119 2773; x_wconf 83' lang='lat' dir='ltr'>(raison).</span> 
     </span>
     <span class='ocr_line' id='line_1_32' title="bbox 116 2769 1122 2832; baseline 0.004 -15"><span class='ocrx_word' id='word_1_264' title='bbox 116 2796 145 2803; x_wconf 94' lang='lat'>-</span> <span class='ocrx_word' id='word_1_265' title='bbox 155 2769 257 2818; x_wconf 77' lang='lat' dir='ltr'>Totus</span> <span class='ocrx_word' id='word_1_266' title='bbox 270 2769 362 2818; x_wconf 86' lang='lat' dir='ltr'>sui:</span> <span class='ocrx_word' id='word_1_267' title='bbox 377 2772 446 2817; x_wconf 86' lang='lat' dir='ltr'>lctus</span> <span class='ocrx_word' id='word_1_268' title='bbox 456 2771 531 2832; x_wconf 74' lang='lat' dir='ltr'>juris</span> <span class='ocrx_word' id='word_1_269' title='bbox 542 2770 592 2818; x_wconf 89' lang='lat' dir='ltr'>sui.</span> <span class='ocrx_word' id='word_1_270' title='bbox 603 2798 632 2805; x_wconf 93' lang='lat'>-</span> <span class='ocrx_word' id='word_1_271' title='bbox 641 2771 848 2822; x_wconf 76' lang='lat' dir='ltr'>Pudicitiam.</span> <span class='ocrx_word' id='word_1_272' title='bbox 860 2772 970 2819; x_wconf 88' lang='lat' dir='ltr'>Ciceron</span> <span class='ocrx_word' id='word_1_273' title='bbox 984 2774 1024 2820; x_wconf 93' lang='lat' dir='ltr'>dit</span> <span class='ocrx_word' id='word_1_274' title='bbox 1034 2776 1122 2821; x_wconf 87' lang='lat' dir='ltr'>meme</span> 
     </span>
     <span class='ocr_line' id='line_1_33' title="bbox 116 2831 1121 2894; baseline 0.008 -18"><span class='ocrx_word' id='word_1_275' title='bbox 116 2831 157 2884; x_wconf 80' lang='lat' dir='ltr'>(de</span> <span class='ocrx_word' id='word_1_276' title='bbox 172 2831 241 2892; x_wconf 58' lang='lat' dir='ltr'>Lep„</span> <span class='ocrx_word' id='word_1_277' title='bbox 253 2831 286 2890; x_wconf 90' lang='grc' dir='ltr'>ΙΙ)</span> <span class='ocrx_word' id='word_1_278' title='bbox 299 2845 304 2878; x_wconf 81' lang='lat' dir='ltr'>z</span> <span class='ocrx_word' id='word_1_279' title='bbox 320 2850 330 2872; x_wconf 74' lang='lat' dir='ltr'>a</span> <span class='ocrx_word' id='word_1_280' title='bbox 343 2831 518 2894; x_wconf 77' lang='lat' dir='ltr'>Impudenliae</span> <span class='ocrx_word' id='word_1_281' title='bbox 531 2833 620 2879; x_wconf 88' lang='lat' dir='ltr'>tanum</span> <span class='ocrx_word' id='word_1_282' title='bbox 632 2837 658 2881; x_wconf 89' lang='lat' dir='ltr'>et</span> <span class='ocrx_word' id='word_1_283' title='bbox 672 2834 854 2881; x_wconf 84' lang='lat' dir='ltr'>Contumeliae</span> <span class='ocrx_word' id='word_1_284' title='bbox 865 2849 922 2880; x_wconf 90' lang='lat' dir='ltr'>esse</span> <span class='ocrx_word' id='word_1_285' title='bbox 933 2835 1032 2882; x_wconf 88' lang='lat' dir='ltr'>iactum</span> <span class='ocrx_word' id='word_1_286' title='bbox 1046 2856 1066 2883; x_wconf 75' lang='lat' dir='ltr'>u.</span> <span class='ocrx_word' id='word_1_287' title='bbox 1079 2837 1121 2883; x_wconf 67' lang='grc' dir='ltr'>(ΖΙ.</span> 
     </span>
     <span class='ocr_line' id='line_1_34' title="bbox 116 2892 1121 2957; baseline 0.008 -19"><span class='ocrx_word' id='word_1_288' title='bbox 116 2892 153 2938; x_wconf 87' lang='lat' dir='ltr'>les</span> <span class='ocrx_word' id='word_1_289' title='bbox 166 2893 330 2953; x_wconf 79' lang='lat' dir='ltr'>professions</span> <span class='ocrx_word' id='word_1_290' title='bbox 343 2894 375 2939; x_wconf 88' lang='lat' dir='ltr'>de</span> <span class='ocrx_word' id='word_1_291' title='bbox 388 2894 424 2940; x_wconf 85' lang='lat' dir='ltr'>foi</span> <span class='ocrx_word' id='word_1_292' title='bbox 438 2895 515 2940; x_wconf 90' lang='lat' dir='ltr'>dede</span> <span class='ocrx_word' id='word_1_293' title='bbox 529 2895 674 2956; x_wconf 87' lang='lat' dir='ltr'>Polyeucte</span> <span class='ocrx_word' id='word_1_294' title='bbox 690 2895 733 2956; x_wconf 83' lang='lat' dir='ltr'>(V,</span> <span class='ocrx_word' id='word_1_295' title='bbox 746 2901 773 2954; x_wconf 78' lang='lat'>33</span> <span class='ocrx_word' id='word_1_296' title='bbox 791 2896 921 2954; x_wconf 82' lang='lat' dir='ltr'>111,a;11,</span> <span class='ocrx_word' id='word_1_297' title='bbox 935 2900 1006 2957; x_wconf 73' lang='grc'>6).-</span> <span class='ocrx_word' id='word_1_298' title='bbox 1019 2898 1121 2946; x_wconf 81' lang='lat' dir='ltr'>Bene—</span> 
     </span>
     <span class='ocr_line' id='line_1_35' title="bbox 117 2953 1118 3024; baseline 0.004 -22"><span class='ocrx_word' id='word_1_299' title='bbox 117 2953 225 3004; x_wconf 79' lang='lat' dir='ltr'>ficium</span> <span class='ocrx_word' id='word_1_300' title='bbox 238 2970 242 3000; x_wconf 89' lang='lat'>:</span> <span class='ocrx_word' id='word_1_301' title='bbox 254 2955 285 2999; x_wconf 87' lang='lat' dir='ltr'>dc</span> <span class='ocrx_word' id='word_1_302' title='bbox 296 2957 381 3001; x_wconf 85' lang='lat' dir='ltr'>meme</span> <span class='ocrx_word' id='word_1_303' title='bbox 394 2955 598 3016; x_wconf 85' lang='lat' dir='ltr'>Empedoclelcs</span> <span class='ocrx_word' id='word_1_304' title='bbox 607 2957 794 3004; x_wconf 83' lang='lat' dir='ltr'>reduitddeux</span> <span class='ocrx_word' id='word_1_305' title='bbox 809 2972 814 3003; x_wconf 89' lang='lat'><strong>:</strong></span> <span class='ocrx_word' id='word_1_306' title='bbox 829 2959 852 3003; x_wconf 90' lang='lat' dir='ltr'>la</span> <span class='ocrx_word' id='word_1_307' title='bbox 862 2957 946 3024; x_wconf 78' lang='lat' dir='ltr'>Hqine</span> <span class='ocrx_word' id='word_1_308' title='bbox 956 2958 1118 3006; x_wconf 72' lang='lat' dir='ltr'>etl&#39;Amour.</span> 
     </span>
     <span class='ocr_line' id='line_1_36' title="bbox 119 3015 1123 3080; baseline 0.005 -16"><span class='ocrx_word' id='word_1_309' title='bbox 119 3041 145 3050; x_wconf 95' lang='lat'><strong>—</strong></span> <span class='ocrx_word' id='word_1_310' title='bbox 159 3015 359 3065; x_wconf 81' lang='lat' dir='ltr'>Mortalitas.</span> <span class='ocrx_word' id='word_1_311' title='bbox 380 3017 543 3077; x_wconf 87' lang='lat' dir='ltr'>Rcmarqner</span> <span class='ocrx_word' id='word_1_312' title='bbox 557 3018 581 3064; x_wconf 90' lang='lat' dir='ltr'>le</span> <span class='ocrx_word' id='word_1_313' title='bbox 595 3019 717 3080; x_wconf 86' lang='lat' dir='ltr'>t&#39;requent</span> <span class='ocrx_word' id='word_1_314' title='bbox 732 3019 827 3079; x_wconf 88' lang='lat' dir='ltr'>emploi</span> <span class='ocrx_word' id='word_1_315' title='bbox 846 3020 892 3066; x_wconf 85' lang='lat' dir='ltr'>des</span> <span class='ocrx_word' id='word_1_316' title='bbox 908 3024 978 3066; x_wconf 83' lang='lat' dir='ltr'>mols</span> <span class='ocrx_word' id='word_1_317' title='bbox 992 3021 1123 3070; x_wconf 84' lang='lat' dir='ltr'>abstraits</span> 
     </span>
     <span class='ocr_line' id='line_1_37' title="bbox 118 3076 1121 3138; baseline 0.007 -15"><span class='ocrx_word' id='word_1_318' title='bbox 118 3091 184 3138; x_wconf 91' lang='lat' dir='ltr'>pour</span> <span class='ocrx_word' id='word_1_319' title='bbox 207 3076 245 3122; x_wconf 87' lang='lat' dir='ltr'>les</span> <span class='ocrx_word' id='word_1_320' title='bbox 269 3080 339 3124; x_wconf 86' lang='lat' dir='ltr'>mols</span> <span class='ocrx_word' id='word_1_321' title='bbox 361 3081 505 3125; x_wconf 87' lang='lat' dir='ltr'>eoncrets:</span> <span class='ocrx_word' id='word_1_322' title='bbox 530 3081 589 3125; x_wconf 86' lang='lat' dir='ltr'>tout</span> <span class='ocrx_word' id='word_1_323' title='bbox 610 3080 623 3125; x_wconf 77' lang='lat' dir='ltr'>a</span> <span class='ocrx_word' id='word_1_324' title='bbox 643 3078 741 3126; x_wconf 85' lang='lat' dir='ltr'>l&#39;hcure</span> <span class='ocrx_word' id='word_1_325' title='bbox 767 3079 961 3127; x_wconf 85' lang='lat' dir='ltr'>imbecillitatis</span> <span class='ocrx_word' id='word_1_326' title='bbox 988 3082 1121 3131; x_wconf 85' lang='lat' dir='ltr'>humanae</span> 
     </span>
     <span class='ocr_line' id='line_1_38' title="bbox 118 3137 1123 3206; baseline 0.006 -22"><span class='ocrx_word' id='word_1_327' title='bbox 118 3153 185 3200; x_wconf 90' lang='lat' dir='ltr'>pour</span> <span class='ocrx_word' id='word_1_328' title='bbox 198 3137 396 3198; x_wconf 78' lang='lat' dir='ltr'>imbecillorum</span> <span class='ocrx_word' id='word_1_329' title='bbox 410 3140 562 3197; x_wconf 73' lang='lat' dir='ltr'>hominum3</span> <span class='ocrx_word' id='word_1_330' title='bbox 575 3141 608 3186; x_wconf 92' lang='lat' dir='ltr'>ici</span> <span class='ocrx_word' id='word_1_331' title='bbox 626 3141 818 3189; x_wconf 83' lang='lat' dir='ltr'>mortalitas:</span> <span class='ocrx_word' id='word_1_332' title='bbox 832 3142 957 3189; x_wconf 86' lang='lat' dir='ltr'>mortales</span> <span class='ocrx_word' id='word_1_333' title='bbox 967 3143 1081 3206; x_wconf 75' lang='lat' dir='ltr'>fraqiles</span> <span class='ocrx_word' id='word_1_334' title='bbox 1094 3147 1123 3191; x_wconf 83' lang='lat' dir='ltr'>et.</span> 
     </span>
     <span class='ocr_line' id='line_1_39' title="bbox 118 3199 1123 3266; baseline 0.008 -20"><span class='ocrx_word' id='word_1_335' title='bbox 118 3199 246 3246; x_wconf 84' lang='lat' dir='ltr'>laboriosi</span> <span class='ocrx_word' id='word_1_336' title='bbox 257 3200 430 3260; x_wconf 76' lang='lat' dir='ltr'>tsoutl&#39;rants).</span> <span class='ocrx_word' id='word_1_337' title='bbox 444 3229 474 3235; x_wconf 94' lang='lat'><em>-</em></span> <span class='ocrx_word' id='word_1_338' title='bbox 487 3201 706 3261; x_wconf 85' lang='lat' dir='ltr'>Portionihus,</span> <span class='ocrx_word' id='word_1_339' title='bbox 721 3205 883 3264; x_wconf 86' lang='lat' dir='ltr'>correspond</span> <span class='ocrx_word' id='word_1_340' title='bbox 901 3205 914 3249; x_wconf 83' lang='lat' dir='ltr'>d</span> <span class='ocrx_word' id='word_1_341' title='bbox 929 3220 979 3265; x_wconf 90' lang='lat' dir='ltr'>peu</span> <span class='ocrx_word' id='word_1_342' title='bbox 990 3207 1050 3266; x_wconf 88' lang='lat' dir='ltr'>pres</span> <span class='ocrx_word' id='word_1_343' title='bbox 1063 3207 1077 3252; x_wconf 78' lang='lat' dir='ltr'>e</span> <span class='ocrx_word' id='word_1_344' title='bbox 1089 3221 1123 3254; x_wconf 84' lang='lat' dir='ltr'>ce·</span> 
     </span>
     <span class='ocr_line' id='line_1_40' title="bbox 117 3262 1213 3322; baseline 0.007 -15"><span class='ocrx_word' id='word_1_345' title='bbox 117 3276 167 3322; x_wconf 90' lang='lat' dir='ltr'>que</span> <span class='ocrx_word' id='word_1_346' title='bbox 178 3276 245 3308; x_wconf 87' lang='lat' dir='ltr'>nous</span> <span class='ocrx_word' id='word_1_347' title='bbox 258 3262 386 3321; x_wconf 89' lang='lat' dir='ltr'>appelons</span> <span class='ocrx_word' id='word_1_348' title='bbox 403 3263 441 3309; x_wconf 90' lang='lat' dir='ltr'>les</span> <span class='ocrx_word' id='word_1_349' title='bbox 460 3263 642 3310; x_wconf 80' lang='lat' dir='ltr'>attribuis-</span> <span class='ocrx_word' id='word_1_350' title='bbox 659 3265 694 3312; x_wconf 88' lang='lat' dir='ltr'>ln</span> <span class='ocrx_word' id='word_1_351' title='bbox 710 3263 834 3314; x_wconf 87' lang='lat' dir='ltr'>iisdem.</span> <span class='ocrx_word' id='word_1_352' title='bbox 852 3266 893 3312; x_wconf 83' lang='lat' dir='ltr'>Cf.</span> <span class='ocrx_word' id='word_1_353' title='bbox 910 3267 1023 3314; x_wconf 88' lang='lat' dir='ltr'>Bossuet</span> <span class='ocrx_word' id='word_1_354' title='bbox 1037 3268 1121 3320; x_wconf 67' lang='lat' dir='ltr'>(Disc,</span> <span class='ocrx_word' id='word_1_355' title='bbox 1210 3289 1213 3296; x_wconf 51' lang='lat'>¹</span> 
     </span>
     <span class='ocr_line' id='line_1_41' title="bbox 117 3322 1120 3388; baseline 0.002 -19"><span class='ocrx_word' id='word_1_356' title='bbox 117 3337 164 3369; x_wconf 87' lang='lat' dir='ltr'>sur</span> <span class='ocrx_word' id='word_1_357' title='bbox 176 3322 256 3370; x_wconf 82' lang='lat' dir='ltr'>l&#39;hist.</span> <span class='ocrx_word' id='word_1_358' title='bbox 271 3323 352 3376; x_wconf 80' lang='lat' dir='ltr'>univ..</span> <span class='ocrx_word' id='word_1_359' title='bbox 364 3324 395 3382; x_wconf 95' lang='grc' dir='ltr'>ΙΙ,</span> <span class='ocrx_word' id='word_1_360' title='bbox 405 3326 427 3383; x_wconf 87' lang='grc'>3)</span> <span class='ocrx_word' id='word_1_361' title='bbox 441 3339 446 3370; x_wconf 89' lang='lat'>:</span> <span class='ocrx_word' id='word_1_362' title='bbox 460 3344 470 3365; x_wconf 74' lang='grc' dir='ltr'><em>α</em></span> <span class='ocrx_word' id='word_1_363' title='bbox 486 3327 546 3371; x_wconf 87' lang='lat' dir='ltr'>tout</span> <span class='ocrx_word' id='word_1_364' title='bbox 558 3325 623 3372; x_wconf 84' lang='lat' dir='ltr'>etait</span> <span class='ocrx_word' id='word_1_365' title='bbox 633 3326 701 3372; x_wconf 89' lang='lat' dir='ltr'>Dieu</span> <span class='ocrx_word' id='word_1_366' title='bbox 713 3327 822 3388; x_wconf 80' lang='lat' dir='ltr'>excepte</span> <span class='ocrx_word' id='word_1_367' title='bbox 835 3327 902 3373; x_wconf 88' lang='lat' dir='ltr'>Dieu</span> <span class='ocrx_word' id='word_1_368' title='bbox 911 3329 1044 3376; x_wconf 85' lang='lat' dir='ltr'>lui-meme</span> <span class='ocrx_word' id='word_1_369' title='bbox 1057 3350 1077 3376; x_wconf 73' lang='lat' dir='ltr'>i,</span> <span class='ocrx_word' id='word_1_370' title='bbox 1089 3356 1120 3364; x_wconf 90' lang='lat'><em>-</em></span> 
     </span>
     <span class='ocr_line' id='line_1_42' title="bbox 117 3385 1125 3452; baseline 0.006 -20"><span class='ocrx_word' id='word_1_371' title='bbox 117 3385 152 3432; x_wconf 88' lang='lat' dir='ltr'>In</span> <span class='ocrx_word' id='word_1_372' title='bbox 174 3396 318 3445; x_wconf 79' lang='lat' dir='ltr'>genera:</span> <span class='ocrx_word' id='word_1_373' title='bbox 341 3385 379 3431; x_wconf 89' lang='lat' dir='ltr'>les</span> <span class='ocrx_word' id='word_1_374' title='bbox 398 3385 503 3445; x_wconf 78' lang='lat' dir='ltr'>Manes,</span> <span class='ocrx_word' id='word_1_375' title='bbox 527 3388 564 3432; x_wconf 90' lang='lat' dir='ltr'>les</span> <span class='ocrx_word' id='word_1_376' title='bbox 584 3387 752 3444; x_wconf 86' lang='lat' dir='ltr'>Eumenides,</span> <span class='ocrx_word' id='word_1_377' title='bbox 776 3392 826 3434; x_wconf 88' lang='lat' dir='ltr'>etc.</span> <span class='ocrx_word' id='word_1_378' title='bbox 852 3415 881 3422; x_wconf 99' lang='lat'>-</span> <span class='ocrx_word' id='word_1_379' title='bbox 902 3391 1046 3438; x_wconf 88' lang='lat' dir='ltr'>Morbis:</span> <span class='ocrx_word' id='word_1_380' title='bbox 1072 3406 1125 3452; x_wconf 89' lang='lat' dir='ltr'>par·</span> 
     </span>
     <span class='ocr_line' id='line_1_43' title="bbox 118 3445 1214 3522; baseline 0.007 -30"><span class='ocrx_word' id='word_1_381' title='bbox 118 3445 245 3506; x_wconf 80' lang='lat' dir='ltr'>exemple,</span> <span class='ocrx_word' id='word_1_382' title='bbox 267 3447 289 3492; x_wconf 91' lang='lat' dir='ltr'>la</span> <span class='ocrx_word' id='word_1_383' title='bbox 306 3446 386 3493; x_wconf 83' lang='lat' dir='ltr'>tlevre</span> <span class='ocrx_word' id='word_1_384' title='bbox 401 3451 428 3493; x_wconf 91' lang='lat' dir='ltr'>et</span> <span class='ocrx_word' id='word_1_385' title='bbox 449 3447 473 3492; x_wconf 91' lang='lat' dir='ltr'>la</span> <span class='ocrx_word' id='word_1_386' title='bbox 493 3449 558 3508; x_wconf 80' lang='lat' dir='ltr'>gale.</span> <span class='ocrx_word' id='word_1_387' title='bbox 582 3449 647 3495; x_wconf 91' lang='lat' dir='ltr'>Voir</span> <span class='ocrx_word' id='word_1_388' title='bbox 667 3447 811 3506; x_wconf 86' lang='lat' dir='ltr'>Prudence,</span> <span class='ocrx_word' id='word_1_389' title='bbox 832 3450 1041 3513; x_wconf 76' lang='lat' dir='ltr'>Hamartipcuia,</span> <span class='ocrx_word' id='word_1_390' title='bbox 1059 3467 1124 3499; x_wconf 80' lang='lat' dir='ltr'>vers</span> <span class='ocrx_word' id='word_1_391' title='bbox 1209 3448 1214 3522; x_wconf 52' lang='grc' dir='ltr'>ζ</span> 
     </span>
     <span class='ocr_line' id='line_1_44' title="bbox 118 3507 1123 3574; baseline 0.009 -23"><span class='ocrx_word' id='word_1_392' title='bbox 118 3511 174 3563; x_wconf 54' lang='grc' dir='ltr'>25η</span> <span class='ocrx_word' id='word_1_393' title='bbox 191 3507 248 3554; x_wconf 90' lang='lat' dir='ltr'>Val.</span> <span class='ocrx_word' id='word_1_394' title='bbox 267 3509 348 3566; x_wconf 65' lang='lat' dir='ltr'>Mau,</span> <span class='ocrx_word' id='word_1_395' title='bbox 364 3509 396 3567; x_wconf 94' lang='grc' dir='ltr'>ΙΙ,</span> <span class='ocrx_word' id='word_1_396' title='bbox 419 3513 439 3555; x_wconf 87' lang='grc'>5.</span> <span class='ocrx_word' id='word_1_397' title='bbox 461 3536 489 3543; x_wconf 94' lang='lat'><em>-</em></span> <span class='ocrx_word' id='word_1_398' title='bbox 507 3511 661 3559; x_wconf 77' lang='lat' dir='ltr'>dunones.</span> <span class='ocrx_word' id='word_1_399' title='bbox 681 3511 728 3556; x_wconf 88' lang='lat' dir='ltr'>Les</span> <span class='ocrx_word' id='word_1_400' title='bbox 747 3510 863 3558; x_wconf 87' lang='lat' dir='ltr'>Anciens</span> <span class='ocrx_word' id='word_1_401' title='bbox 882 3514 1020 3573; x_wconf 75' lang='lat' dir='ltr'>croyaient</span> <span class='ocrx_word' id='word_1_402' title='bbox 1038 3513 1123 3574; x_wconf 89' lang='lat' dir='ltr'>qu&#39;un</span> 
     </span>
     <span class='ocr_line' id='line_1_45' title="bbox 118 3569 1220 3635; baseline 0.008 -21"><span class='ocrx_word' id='word_1_403' title='bbox 118 3569 191 3630; x_wconf 84' lang='lat' dir='ltr'>genie</span> <span class='ocrx_word' id='word_1_404' title='bbox 205 3569 304 3615; x_wconf 83' lang='lat' dir='ltr'>veillalt</span> <span class='ocrx_word' id='word_1_405' title='bbox 318 3584 363 3616; x_wconf 89' lang='lat' dir='ltr'>sur</span> <span class='ocrx_word' id='word_1_406' title='bbox 378 3571 479 3630; x_wconf 85' lang='lat' dir='ltr'>chaque</span> <span class='ocrx_word' id='word_1_407' title='bbox 497 3571 617 3618; x_wconf 85' lang='lat' dir='ltr'>creature</span> <span class='ocrx_word' id='word_1_408' title='bbox 635 3572 759 3619; x_wconf 87' lang='lat' dir='ltr'>humaine</span> <span class='ocrx_word' id='word_1_409' title='bbox 777 3574 823 3619; x_wconf 87' lang='lat' dir='ltr'>des</span> <span class='ocrx_word' id='word_1_410' title='bbox 842 3571 865 3620; x_wconf 91' lang='lat' dir='ltr'>le</span> <span class='ocrx_word' id='word_1_411' title='bbox 879 3575 941 3635; x_wconf 78' lang='lat' dir='ltr'>jour</span> <span class='ocrx_word' id='word_1_412' title='bbox 958 3575 990 3620; x_wconf 87' lang='lat' dir='ltr'>de</span> <span class='ocrx_word' id='word_1_413' title='bbox 1007 3591 1035 3622; x_wconf 90' lang='lat' dir='ltr'>sa</span> <span class='ocrx_word' id='word_1_414' title='bbox 1047 3577 1119 3624; x_wconf 92' lang='lat' dir='ltr'>nais·</span> <span class='ocrx_word' id='word_1_415' title='bbox 1217 3573 1220 3585; x_wconf 90' lang='lat'>&#39;</span> 
     </span>
     <span class='ocr_line' id='line_1_46' title="bbox 118 3629 1119 3696; baseline 0.008 -19"><span class='ocrx_word' id='word_1_416' title='bbox 118 3645 215 3678; x_wconf 89' lang='lat' dir='ltr'>sance:</span> <span class='ocrx_word' id='word_1_417' title='bbox 234 3629 297 3677; x_wconf 83' lang='lat' dir='ltr'>c&#39;est</span> <span class='ocrx_word' id='word_1_418' title='bbox 319 3645 348 3677; x_wconf 88' lang='lat' dir='ltr'>ce</span> <span class='ocrx_word' id='word_1_419' title='bbox 369 3632 442 3690; x_wconf 79' lang='lat' dir='ltr'>ge&#39;nie</span> <span class='ocrx_word' id='word_1_420' title='bbox 468 3647 518 3694; x_wconf 91' lang='lat' dir='ltr'>que</span> <span class='ocrx_word' id='word_1_421' title='bbox 541 3633 578 3679; x_wconf 87' lang='lat' dir='ltr'>les</span> <span class='ocrx_word' id='word_1_422' title='bbox 596 3633 717 3680; x_wconf 90' lang='lat' dir='ltr'>hommes</span> <span class='ocrx_word' id='word_1_423' title='bbox 737 3635 887 3696; x_wconf 84' lang='lat' dir='ltr'>appelaient</span> <span class='ocrx_word' id='word_1_424' title='bbox 905 3636 1011 3695; x_wconf 83' lang='lat' dir='ltr'>Genius,</span> <span class='ocrx_word' id='word_1_425' title='bbox 1033 3642 1059 3684; x_wconf 87' lang='lat' dir='ltr'>et</span> <span class='ocrx_word' id='word_1_426' title='bbox 1080 3639 1119 3685; x_wconf 91' lang='lat' dir='ltr'>les</span> 
     </span>
     <span class='ocr_line' id='line_1_47' title="bbox 119 3692 1117 3756; baseline 0.008 -19"><span class='ocrx_word' id='word_1_427' title='bbox 119 3693 226 3738; x_wconf 85' lang='lat' dir='ltr'>iemmcs</span> <span class='ocrx_word' id='word_1_428' title='bbox 247 3692 325 3740; x_wconf 73' lang='lat' dir='ltr'>Juno,</span> <span class='ocrx_word' id='word_1_429' title='bbox 348 3693 413 3739; x_wconf 90' lang='lat' dir='ltr'>Voir</span> <span class='ocrx_word' id='word_1_430' title='bbox 431 3709 474 3740; x_wconf 87' lang='lat' dir='ltr'>ces</span> <span class='ocrx_word' id='word_1_431' title='bbox 487 3696 555 3740; x_wconf 87' lang='lat' dir='ltr'>deux</span> <span class='ocrx_word' id='word_1_432' title='bbox 575 3698 644 3742; x_wconf 91' lang='lat' dir='ltr'>mots</span> <span class='ocrx_word' id='word_1_433' title='bbox 664 3711 697 3742; x_wconf 91' lang='lat' dir='ltr'>au</span> <span class='ocrx_word' id='word_1_434' title='bbox 717 3697 829 3756; x_wconf 88' lang='lat' dir='ltr'>texique.</span> <span class='ocrx_word' id='word_1_435' title='bbox 849 3723 879 3730; x_wconf 92' lang='lat'>-</span> <span class='ocrx_word' id='word_1_436' title='bbox 896 3697 1057 3748; x_wconf 79' lang='lat' dir='ltr'>Obscena.</span> <span class='ocrx_word' id='word_1_437' title='bbox 1078 3701 1117 3747; x_wconf 84' lang='lat' dir='ltr'>Ct&#39;.</span> 
     </span>
     <span class='ocr_line' id='line_1_48' title="bbox 118 3753 1117 3821; baseline 0.008 -21"><span class='ocrx_word' id='word_1_438' title='bbox 118 3753 237 3810; x_wconf 76' lang='lat' dir='ltr'>Juvenal,</span> <span class='ocrx_word' id='word_1_439' title='bbox 252 3754 314 3810; x_wconf 79' lang='lat' dir='ltr'>Sat,</span> <span class='ocrx_word' id='word_1_440' title='bbox 329 3753 386 3812; x_wconf 91' lang='lat' dir='ltr'>XV,</span> <span class='ocrx_word' id='word_1_441' title='bbox 401 3759 472 3813; x_wconf 75' lang='grc'>1-16,</span> <span class='ocrx_word' id='word_1_442' title='bbox 486 3757 603 3813; x_wconf 88' lang='lat' dir='ltr'>Arnobe,</span> <span class='ocrx_word' id='word_1_443' title='bbox 618 3757 752 3804; x_wconf 87' lang='lat' dir='ltr'>Adversus</span> <span class='ocrx_word' id='word_1_444' title='bbox 763 3760 863 3821; x_wconf 81' lang='lat' dir='ltr'>pentes,</span> <span class='ocrx_word' id='word_1_445' title='bbox 879 3759 897 3818; x_wconf 91' lang='grc' dir='ltr'>Ι,</span> <span class='ocrx_word' id='word_1_446' title='bbox 912 3764 940 3804; x_wconf 87' lang='grc'>19</span> <span class='ocrx_word' id='word_1_447' title='bbox 956 3776 960 3808; x_wconf 92' lang='lat'><strong>:</strong></span> <span class='ocrx_word' id='word_1_448' title='bbox 975 3762 1117 3821; x_wconf 88' lang='lat' dir='ltr'>crocodilc,</span> 
     </span>
     <span class='ocr_line' id='line_1_49' title="bbox 117 3815 1118 3882; baseline 0.009 -21"><span class='ocrx_word' id='word_1_449' title='bbox 117 3815 176 3873; x_wconf 90' lang='lat' dir='ltr'>ibis,</span> <span class='ocrx_word' id='word_1_450' title='bbox 190 3815 260 3870; x_wconf 83' lang='lat' dir='ltr'>chat,</span> <span class='ocrx_word' id='word_1_451' title='bbox 282 3815 352 3876; x_wconf 89' lang='lat' dir='ltr'>loup,</span> <span class='ocrx_word' id='word_1_452' title='bbox 365 3820 415 3863; x_wconf 87' lang='lat' dir='ltr'>cte.</span> <span class='ocrx_word' id='word_1_453' title='bbox 427 3840 456 3852; x_wconf 68' lang='lat'>⁴-</span> <span class='ocrx_word' id='word_1_454' title='bbox 470 3817 694 3868; x_wconf 82' lang='lat' dir='ltr'>Grandaevos.</span> <span class='ocrx_word' id='word_1_455' title='bbox 712 3821 749 3866; x_wconf 83' lang='lat' dir='ltr'>Ct&#39;.</span> <span class='ocrx_word' id='word_1_456' title='bbox 769 3820 878 3867; x_wconf 85' lang='lat' dir='ltr'>Ciceron</span> <span class='ocrx_word' id='word_1_457' title='bbox 897 3821 937 3876; x_wconf 59' lang='lat' dir='ltr'>ide</span> <span class='ocrx_word' id='word_1_458' title='bbox 954 3823 1014 3872; x_wconf 78' lang='lat' dir='ltr'>Nat.</span> <span class='ocrx_word' id='word_1_459' title='bbox 1034 3824 1118 3882; x_wconf 71' lang='lat' dir='ltr'>deor,</span> 
     </span>
     <span class='ocr_line' id='line_1_50' title="bbox 118 3877 1120 3948; baseline 0.009 -25"><span class='ocrx_word' id='word_1_460' title='bbox 118 3877 138 3923; x_wconf 67' lang='lat' dir='ltr'>ll</span> <span class='ocrx_word' id='word_1_461' title='bbox 155 3891 160 3924; x_wconf 79' lang='lat' dir='ltr'>z</span> <span class='ocrx_word' id='word_1_462' title='bbox 175 3895 185 3918; x_wconf 75' lang='lat' dir='ltr'>a</span> <span class='ocrx_word' id='word_1_463' title='bbox 202 3877 255 3924; x_wconf 91' lang='lat' dir='ltr'>Isto</span> <span class='ocrx_word' id='word_1_464' title='bbox 269 3878 340 3923; x_wconf 90' lang='lat' dir='ltr'>enim</span> <span class='ocrx_word' id='word_1_465' title='bbox 354 3880 433 3926; x_wconf 88' lang='lat' dir='ltr'>modo</span> <span class='ocrx_word' id='word_1_466' title='bbox 446 3880 534 3926; x_wconf 87' lang='lat' dir='ltr'>dicere</span> <span class='ocrx_word' id='word_1_467' title='bbox 548 3879 640 3927; x_wconf 87' lang='lat' dir='ltr'>licebit</span> <span class='ocrx_word' id='word_1_468' title='bbox 650 3881 747 3928; x_wconf 76' lang='lat' dir='ltr'>dorem</span> <span class='ocrx_word' id='word_1_469' title='bbox 757 3897 860 3943; x_wconf 90' lang='lat' dir='ltr'>semper</span> <span class='ocrx_word' id='word_1_470' title='bbox 871 3883 1022 3935; x_wconf 82' lang='lat' dir='ltr'>barbatum.</span> <span class='ocrx_word' id='word_1_471' title='bbox 1037 3887 1120 3948; x_wconf 87' lang='lat' dir='ltr'>Apol-</span> 
     </span>
    </p>
   </div>
   <div class='ocr_carea' id='block_1_5' title="bbox 539 3961 698 4012">
    <p class='ocr_par' dir='ltr' id='par_1_5' title="bbox 539 3961 698 4012">
     <span class='ocr_line' id='line_1_51' title="bbox 539 3961 698 4012; baseline 0.019 -2"><span class='ocrx_word' id='word_1_472' title='bbox 539 3991 572 3998; x_wconf 97' lang='lat'><em>-</em></span> <span class='ocrx_word' id='word_1_473' title='bbox 593 3961 643 4012; x_wconf 75' lang='lat'>4513</span> <span class='ocrx_word' id='word_1_474' title='bbox 664 3991 698 4001; x_wconf 90' lang='lat'>—</span> 
     </span>
    </p>
   </div>
   <div class='ocr_carea' id='block_1_6' title="bbox 0 0 1342 4234">
    <p class='ocr_par' dir='ltr' id='par_1_6' title="bbox 0 0 1342 4234">
     <span class='ocr_line' id='line_1_52' title="bbox 0 0 1342 4234; baseline 0 0"><span class='ocrx_word' id='word_1_475' title='bbox 0 0 1342 4234; x_wconf 95' lang='lat' dir='ltr'> </span> 
     </span>
    </p>
   </div>
  </div>
 </body>
</html>
