2698 4234
315 83 400 140 351.
422 82 604 140 Influenoe
625 83 690 139 des
712 93 852 138 moeurs
872 92 938 138 sur
952 81 1007 135 les
1026 75 1106 133 lois,
1310 26 1318 110 i

239 177 386 240 (Quantum
398 180 562 226 momentum
574 192 661 226 mores
677 177 704 225 in
717 175 827 246 lepidus
842 173 1036 224 constituendas
1049 169 1180 230 habeant.)

155 279 196 344 2⁰
213 291 337 350 Utinam
350 293 651 376 veteres'velerum*
668 312 779 365 mores,
797 299 917 351 veteres
931 286 1125 369 parsimoniae

211 388 318 447 Potius
334 389 364 446 in
380 390 496 470 majore
507 390 624 450 honore
638 389 687 448 hic
702 398 807 448 esseut
825 408 917 468 quam
931 406 1030 445 mores
1042 382 1129 442 mali!

211 483 288 543 Nam
303 505 384 544 nunc
397 506 498 546 mores
515 487 589 546 nili*
599 486 718 546 faciunt
731 485 814 566 quod
829 485 911 554 licei,
924 483 985 542 nisi
1000 481 1082 561 quod
1095 479 1178 538 lubet
1188 479 1210 538 '.
1325 511 1326 536 i

212 581 348 641 Ambitio
360 582 422 662 jam
438 603 522 642 more
537 592 642 642 sancta
658 591 715 654 esi,
731 583 824 641 libera
838 589 884 640 est
898 603 915 639 a
931 580 1049 657 legibus
1063 597 1070 652 ;

212 679 306 737 Scuta
324 679 428 759 jacere
450 679 618 760 fugereque
640 681 756 752 hosteS,
774 699 859 737 more
876 673 1169 737 habentlicentiam.

212 775 315 834 Mores
334 776 417 854 leges
431 777 643 856 perduxerunt
654 777 719 856 jam
736 776 767 834 in
783 782 966 856 potestatem
980 792 1077 842 suam,

213 872 313 949 Magis
325 874 394 952 quis
407 881 479 933 sunt
492 874 670 933 obnoxiosae
683 894 775 954 quam
786 879 931 953 parentes
942 869 1045 928 liberis
1055 870 1078 926 ¹.

214 969 265 1026 Eae
280 970 500 1029 miseraeetiam
519 971 556 1029 ad
572 971 721 1051 parietem
739 977 811 1028 sunt
828 970 896 1028 lixae
911 965 1032 1026 clavis*
1047 963 1165 1038 ferreis,

217 1065 276 1124 Ubi
292 1066 389 1125 malos
403 1087 503 1126 mores
516 1067 630 1144 adfigi*
646 1068 763 1125 nimio*
778 1067 877 1125 fuerat
889 1064 1018 1145 aequius.

216 1162 323 1241 Neque
337 1163 403 1222 istis
416 1165 587 1246 quidquam
601 1165 666 1241 lege
682 1164 847 1223 sanetum*
865 1169 921 1220 est.
941 1161 1037 1239 Leges
1060 1156 1141 1217 mori
1156 1175 1220 1215 ser·
1325 1203 1326 1208 κ

1081 1253 1220 1334 [viunt*;

216 1354 319 1414 Mores
334 1364 437 1416 autem
451 1372 559 1437 rapere
574 1364 742 1437 properant
756 1357 837 1437 qua*
856 1375 989 1427 sacrum,
1014 1351 1096 1433 qua*
1109 1348 1223 1429 -publi-

684 1444 686 1450 '
1120 1445 1221 1526 [cum.

218 1547 286 1608 Non
303 1550 360 1610 hoc
373 1550 496 1631 publice
513 1551 649 1610 animum
670 1551 790 1610 advorti
802 1551 831 1610 *1
856 1548 934 1608 Nam
958 1547 988 1605 id
1005 1565 1103 1624 genus
1122 1541 1225 1601 homi·

945 1644 1030 1725 [num
1044 1638 1225 1700 hominibus

219 1742 380 1801 Univorsis
396 1751 442 1803 est
454 1744 630 1816 advorsum,
645 1752 738 1824 atque
751 1742 835 1802 omni
848 1740 963 1822 populo
980 1739 1058 1797 male
1072 1737 1155 1796 facit.

218 1839 299 1898 Male
311 1839 401 1898 fidem
414 1841 566 1900 servando
582 1841 642 1899 illis
656 1861 780 1921 quoque
791 1840 941 1916 abrogant
955 1836 1047 1896 etiam
1062 1834 1154 1892 fidem

217 1935 277 2002 Qui
288 1935 331 1994 nil
346 1936 447 1996 meriti
460 1955 467 1997 :
480 1938 594 2018 quippe
603 1939 730 1996 eorum*
741 1935 911 2014 exingenio
924 1933 1082 2011 ingenium
1092 1929 1225 1989 horum*

1064 2024 1223 2108 [probant.

220 2129 288 2187 Hoc
303 2127 355 2208 qui
373 2129 403 2187 in
418 2138 551 2190 mentem
574 2130 695 2191 venerit
718 2129 816 2190 mihi?
837 2149 870 2188 re
891 2127 958 2208 ipsa
979 2123 1071 2184 modo
1085 2141 1227 2208 eommo-

1031 2220 1126 2302 [nitus
1141 2239 1226 2278 sum.

219 2321 252 2380 Si
266 2323 338 2402 quoi
352 2330 494 2384 mutuum
513 2323 589 2405 quid
605 2322 737 2397 dederis,
752 2323 787 2382 fit
805 2343 862 2404 pro
876 2319 1003 2403 proprio
1019 2317 1176 2399 perditum
1186 2319 1199 2343 *
1218 2335 1225 2378 :

219 2434 298 2494 Cum
314 2446 443 2516 repetas,
457 2438 616 2498 inimicum
632 2438 765 2498 amicum
781 2437 929 2497 beneficio
943 2433 1082 2493 invenias
1096 2438 1164 2491 tuo.

219 2533 251 2590 Si
269 2553 356 2611 mage
369 2535 490 2613 exigere
503 2536 648 2615 occipias,
663 2535 793 2595 duarum
810 2554 912 2594 rerum
927 2531 1064 2592 exoritur
1079 2529 1165 2609 optio
1186 2547 1195 2588 ε

219 2629 276 2688 Vel
288 2629 364 2690 illud
382 2631 465 2712 quod
479 2631 646 2692 credideris
666 2633 787 2712 perdas,
818 2630 971 2690 velillum
991 2627 1124 2687 amicum
1145 2625 1232 2684 ami-

1124 2722 1229 2804 [serie.

250 2875 292 2947 ΙΨ
305 2875 369 2927 351
389 2877 564 2928 :veterum
578 2878 741 2941 :repetition
756 2878 843 2941 pleine
857 2877 890 2926 de
902 2876 985 2925 soree.
999 2900 1028 2912 -
1040 2869 1119 2934 mn,
1131 2870 1235 2934 genius

220 2952 266 3047 u
279 2938 477 3050 ruerus
493 2940 1032 3051 seusu&resurgam
1047 2933 1230 3044 maur
1327 2957 1328 2966 ψ

603 3018 611 3049 ι
633 3017 646 3049 e
664 3017 685 3049 s.
710 3028 739 3038 -
891 3037 896 3049 .
1219 3021 1231 3030 -

221 3060 313 3122 verse;
326 3061 400 3121 mais,
414 3014 523 3111 dandie
537 3067 746 3122 renversement‚
761 3064 798 3111 les
815 3064 924 3124 parents
940 3062 1003 3109 sont
1018 3058 1082 3108 alles
1099 3059 1159 3119 plus
1170 3056 1229 3104 loin

221 3137 272 3185 que
283 3122 322 3170 les
332 3135 441 3171 moeurs.
451 3149 478 3159 -
490 3123 611 3174 clavis.
626 3124 677 3173 Les
688 3126 738 3173 lois
746 3125 844 3172 etaient
852 3123 963 3186 gravees
975 3136 1022 3170 sur
1032 3122 1080 3169 des
1092 3119 1178 3168 rables
1191 3117 1230 3166 de

222 3183 327 3231 marbre
339 3198 374 3231 ou
386 3184 419 3231 de
432 3183 530 3233 bronze
544 3211 571 3222 -·
583 3185 702 3248 Adflgr.
715 3186 765 3234 Jeu
778 3187 811 3234 de
823 3189 894 3234 mots
910 3198 916 3233 :
929 3184 999 3246 fixae
1010 3184 1046 3231 du
1058 3195 1119 3230 vers
1132 3179 1229 3243 prece-

222 3245 286 3315 deni
304 3244 449 3307 rappelled
464 3243 577 3294 l'auteur
591 3247 617 3296 la
633 3246 721 3308 furca,
732 3253 804 3297 sorte
821 3248 854 3296 de
889 3249 985 3294 otence
1001 3241 1140 3307 employee
1157 3255 1231 3304 pour
1327 3265 1328 3270 =

222 3308 334 3368 fustiger
350 3308 388 3355 les
397 3308 524 3356 esclaves.
541 3335 571 3344 —
583 3307 692 3359 Nimio
705 3330 733 3351 =
747 3310 842 3369 multo,
879 3322 927 3356 ans
938 3309 964 3357 le
976 3306 1065 3355 vieille
1076 3307 1180 3366 langue.
1196 3329 1226 3338 —

222 3367 389 3439 Sanctum,
406 3369 438 3416 de
454 3369 554 3418 sancio.
575 3397 605 3406 -
623 3371 787 3422 Serviunt.
803 3371 840 3419 Le
856 3370 942 3433 princi
963 3385 977 3417 e
996 3371 1038 3417 est
1055 3367 1109 3416 bon
1124 3376 1156 3414 en
1170 3365 1227 3425 soi;

222 3430 410 3500 Montesqureu
420 3429 453 3501 ΙΓει
466 3434 580 3480 souvent
589 3432 698 3503 repete:
718 3453 729 3476 ιι
750 3431 820 3481 C'est
832 3447 865 3480 au
876 3385 1029 3494 legisiiteur
1041 3430 1056 3476 d
1068 3428 1157 3476 suivre
1168 3427 1228 3474 l'ea·
1327 3425 1328 3446 ¹

222 3494 278 3552 prrt
289 3491 321 3537 de
333 3492 358 3538 la
370 3494 471 3551 neiron,
486 3493 605 3556 lorsqu'rl
616 3493 684 3542 n'est
695 3508 743 3556 pas
757 3496 891 3542 contraire
903 3509 955 3541 aux
964 3491 1099 3555 principes
1111 3489 1144 3537 de
1160 3501 1228 3558 gou-

222 3556 380 3599 vernement
391 3571 401 3595 u
412 3552 456 3615 (Es
476 3553 513 3602 rii
523 3556 569 3603 des
577 3555 647 3615 Luae,
661 3556 732 3614 xlx,
745 3557 778 3619 5).
790 3583 820 3591 -
834 3557 935 3618 Qua...
949 3566 1016 3617 qua
1027 3571 1058 3596 =
1072 3549 1144 3600 hic...
1158 3547 1225 3599 illic.

222 3637 253 3650 ·-
276 3612 424 3663 Adverti.
453 3568 566 3664 infinitis
582 3618 785 3679 d’indignation.
802 3644 832 3653 -
849 3618 968 3667 Eorum
982 3614 1040 3727 (qui
1059 3613 1126 3662 male
1144 3611 1225 3674 fidem

223 3675 396 3797 {eppqpppb—
411 3675 534 3725 Horum
547 3679 605 3740 (qui
622 3677 661 3726 nil
674 3678 765 3725 meriti
776 3682 858 3738 aunt).
874 3703 904 3712 -
921 3679 985 3726 Per
1008 3676 1089 3726 itum
1104 3689 1110 3723 :
1123 3672 1227 3735 oppos&

643 3834 801 3886 -354-
