2664 4234
217 142 303 198 441.
330 143 401 200 Sur
414 143 454 199 la
471 143 669 212 puissance
688 145 754 199 des
770 142 879 198 dieux
892 143 929 198 et
950 155 1016 199 sur
1034 141 1075 198 la
1085 141 1226 211 priere·

450 230 497 290 (De
508 229 619 277 deorum
628 229 749 292 potentia
762 232 787 277 et
800 230 832 278 de
841 228 986 293 precibus.)

164 372 203 436 2,
263 339 322 398 Vos
351 340 432 400 enim
471 341 529 420 ipsi
564 341 664 400 dicere
694 341 803 400 soletis
833 341 907 399 nihil
936 361 1000 400 esse
1026 339 1113 422 quod
1148 340 1227 398 deus

220 438 338 496 ellicere
352 459 412 496 non
430 440 537 517 possit,
559 438 732 518 etquidem
757 439 822 496 sine
841 438 944 497 labore
962 438 1024 496 ullo
1045 456 1053 497 ι
1080 445 1116 496 ut
1138 437 1228 496 enim

221 535 379 594 hominum
396 536 530 594 membra
544 535 626 594 nulla
639 536 848 610 contentione,
863 543 965 594 mente
981 535 1046 614 ipsa
1060 555 1096 593 ac
1109 534 1229 592 volun-

220 639 282 690 tate
298 640 482 692 moveantur
490 636 513 706 *,
530 633 573 691 sic
585 633 729 692 numine*
743 632 869 690 deorum
882 633 985 690 omnia
997 631 1083 710 tingi,
1100 629 1229 688 moveri

219 729 392 808 mutarique
418 733 537 809 posse*.
566 730 672 809 Neque
703 729 732 786 id
757 711 860 788 dicitis
886 729 1096 809 superstitiose
1127 734 1229 808 atque

219 824 351 896 aniliter,
367 827 418 884 sed
432 825 577 906 physica*
591 826 804 905 constantique
815 826 943 884 ratione.
960 823 1120 882 Materiam
1138 822 1228 880 enim

220 942 333 992 rerum,
349 943 385 981 ex
401 926 480 1002 qua*
495 932 525 982 et
540 924 571 982 in
588 927 665 1004 qua*
681 923 783 981 omnia
795 922 867 992 sint,
887 924 1001 981 totam*
1016 941 1082 980 esse
1099 919 1231 978 flexibi-

218 1020 276 1077 lem
291 1027 321 1078 et
335 1020 595 1093 commutabilem,
610 1027 643 1078 ut
658 1019 734 1078 nihil
752 1020 791 1078 sit
812 1019 895 1099 quod
915 1039 977 1077 non
992 1039 1029 1076 ex
1048 1038 1083 1076 ea
1110 1037 1230 1096 quam-

220 1116 265 1174 vis
282 1115 404 1174 subito*
419 1117 493 1195 fingi
505 1101 723 1195 convertique⁴
733 1117 849 1195 possit;
866 1116 932 1196 ejus
947 1123 1048 1174 autem
1064 1113 1229 1171 universae

218 1213 366 1271 tictricem
386 1221 417 1272 et
445 1214 695 1272 moderatricem*
717 1213 853 1272 divinam
880 1233 944 1271 esse
961 1210 1229 1279 Providentiam,

218 1309 315 1368 hanc*
328 1309 431 1388 igitur,
444 1331 639 1390 quocumque
650 1331 681 1368 se
695 1317 828 1381 moveat,
840 1311 957 1368 efficere
967 1329 1056 1389 posse
1065 1305 1229 1387 quidquid

217 1405 302 1468 velit.
320 1407 443 1485 ltaque*
455 1417 506 1466 aut
520 1408 616 1466 nescit
630 1406 703 1487 quid
718 1407 824 1487 possit,
841 1414 894 1465 aut
902 1406 1034 1484 neglegit
1046 1425 1096 1464 res
1109 1405 1229 1466 huma-

218 1522 282 1574 uaS,
300 1511 354 1563 aut
369 1504 442 1586 quid
454 1505 494 1562 sit
509 1493 659 1583 optimum
675 1524 734 1562 non
749 1510 851 1583 potest
866 1503 1019 1582 judicare.
1040 1503 1111 1561 Non
1132 1515 1229 1564 curat

218 1599 518 1678 singuloshomines
536 1602 605 1659 Non
620 1602 731 1659 mirum
750 1619 756 1661 :
774 1622 811 1659 ne
829 1601 969 1659 civitates
993 1599 1130 1679 quidem.
1151 1601 1228 1660 Non

220 1699 311 1757 cas*?
327 1697 371 1756 Ne
394 1699 532 1758 nationes
554 1677 678 1778 quidein
698 1704 729 1756 et
754 1704 871 1775 gentes.
898 1696 984 1764 Quod
1007 1697 1032 1754 si
1052 1695 1106 1755 has
1127 1699 1226 1760 etiam

217 1801 405 1866 contemnet,
424 1795 497 1873 quid
512 1795 622 1853 mirum
638 1804 684 1852 est
699 1811 788 1855 omne
812 1793 850 1852 ab
870 1814 904 1852 ea
931 1815 1026 1871 genus
1048 1793 1227 1854 humanum

217 1910 282 1948 csse
298 1893 550 1970 contemptum*?
563 1895 664 1971 Atque
679 1890 772 1950 iidem
787 1891 879 1949 etiam
899 1897 971 1949 vota
986 1891 1100 1970 suscipi
1117 1891 1227 1951 dicitis
1302 1921 1303 1928 ¹

218 1994 369 2066 oportere.
381 1989 497 2068 Nempe
511 1988 622 2066 singuli
636 1996 751 2048 vovent
767 2007 773 2048 ζ
792 1987 877 2046 audit
892 1987 1003 2065 igitur*
1016 1988 1227 2065 mens'divina

217 2083 307 2142 ctiam
326 2083 363 2142 de
379 2085 518 2164 singulis.
752 2073 754 2079 ⁸

246 2214 293 2285 Νὴ
300 2216 364 2266 441
383 2218 606 2268 :Moveantur¹
624 2217 779 2292 qujonctit
789 2218 822 2264 de
839 2216 908 2278 style
928 2216 1052 2275 inducet,
1062 2215 1226 2278 dependant

216 2277 381 2400 iidniidlileuc
401 2278 619 2401 dellauqiiiisliincld
630 2283 719 2386 <iiiiii
730 2279 880 2402 ildiipildsdlit
888 2278 1038 2388 inluiiiiiii
1054 2278 1224 2391 (pnpiiorgsug,

217 2399 269 2471 Sur
286 2401 322 2447 lcs
347 2401 419 2472 idtes
434 2402 486 2472 ¹dcs
507 2403 638 2449 Stolciens
659 2417 691 2448 en
714 2417 743 2449 ce
774 2401 964 2463 quitouchela
988 2403 1225 2478 toute-pqissance

216 2461 1225 2633 llll}'qllqull‘tql‘llqltplll'ysllll·elssmlfqll&tneqffissllll

217 2599 283 2692 {tt
299 2588 1226 2711 tmtttttttitliffffsttttt?tttttlt-tttttitt}

217 2722 326 2780 marque
339 2708 363 2755 la
376 2712 478 2815 naturq.
492 2736 522 2743 —
534 2708 659 2817 Τοῖῖιῃ,
673 2711 739 2757 dans
747 2713 834 2756 tontes
844 2724 886 2782 ses
899 2709 1007 2770 parties.
1018 2709 1224 2782 -nouamvis

217 2770 327 2890 {iiiiii
336 2772 720 2893 priridiiiilsupniddlaiiidiigaila
734 2771 1224 2880 ilcieliiigiridldieienepiidairiilaedaiiiiid

216 2892 272 2937 rien
292 2907 324 2938 ne
338 2907 366 2938 se
379 2893 447 2952 crte,
461 2893 516 2940 rien
529 2908 603 2940 nese
621 2895 695 2954 perd,
715 2896 774 2941 tout
789 2909 817 2940 se
835 2895 1002 2941 transforme.
1020 2920 1047 2928 —
1065 2893 1223 2945 Modera-

216 2952 334 3001 tricem
348 2968 353 3000 :
368 2954 433 3001 c'est
445 2955 468 3000 la
480 2955 580 3002 theorie
592 2956 624 3001 de
637 2955 661 3003 la
679 2955 796 3002 creation
819 2956 951 3003 continue.
972 2981 1002 2990 -
1016 2954 1122 3016 Hane,
1140 2955 1223 3004 c'est-

217 3015 302 3060 a-dire
316 3014 523 3063 Prouidentiam.
536 3042 565 3051 -
578 3017 704 3077 Itaque.
714 3017 750 3064 La
761 3018 899 3078 puissance
908 3017 998 3063 divine
1011 3017 1086 3064 e'tant
1098 3031 1128 3062 cc
1137 3019 1221 3078 qu'on

216 3076 291 3122 vient
305 3076 337 3121 de
348 3076 412 3134 dire,
427 3091 461 3123 on
475 3081 539 3138 peut
552 3078 615 3124 tirer
629 3077 664 3124 du
684 3079 810 3127 desordre
828 3079 862 3126 du
882 3079 978 3124 monde
991 3078 1028 3125 les
1041 3079 1108 3126 trois
1121 3080 1221 3126 conse-

236 3151 331 3184 uences
351 3139 495 3184 suivantes
521 3136 591 3185 C’est
608 3139 631 3185 le
650 3140 810 3201 philosophe
830 3140 1009 3188 acaddniicien
1035 3139 1063 3187 C.
1090 3141 1221 3187 Aurelius

217 3152 294 3245 dona
313 3199 357 3259 qui
369 3200 449 3258 parle.
464 3199 484 3245 Il
497 3200 571 3246 vient
582 3199 721 3262 d'exposer
733 3202 757 3247 la
770 3201 871 3248 theorie
885 3202 1038 3248 stolcienne.
1053 3201 1075 3247 Il
1087 3216 1121 3247 va
1134 3203 1221 3249 main·
1302 3203 1303 3248 t

217 3263 310 3306 tenant
333 3261 400 3306 faire
426 3275 469 3308 ses
492 3261 619 3321 critiqucs
642 3277 675 3309 ou
701 3278 743 3309 ses
763 3263 883 3309 reserves
897 3277 929 3309 eu
957 3277 1018 3309 nom
1039 3263 1073 3308 de
1096 3263 1120 3309 la
1143 3269 1219 3310 secte
1302 3269 1303 3278 ¹

216 3321 396 3382 acadtmique,
411 3322 425 3368 d
437 3322 549 3382 laquelle
562 3325 730 3384 appartenait
744 3325 854 3371 Cice'ron
867 3324 1010 3382 lui-meme,
1023 3323 1069 3383 qui
1087 3323 1124 3370 lui
1140 3325 1218 3385 prete

216 3382 249 3428 ici
264 3383 472 3443 quelques-unes
485 3384 518 3429 de
531 3399 573 3430 ses
586 3385 717 3445 opinions
730 3412 759 3419 —
774 3385 845 3434 Non
858 3397 924 3443 eas,
937 3384 1072 3446 obJ'ection
1090 3385 1156 3432 faite
1168 3400 1219 3446 par

216 3443 253 3489 les
263 3443 393 3495 Stoiciens
405 3459 410 3491 :
424 3443 488 3491 c’est
499 3460 550 3491 une
564 3448 636 3492 sorte
650 3447 682 3492 tle
698 3447 827 3507 dialogue.
846 3447 883 3493 ll'e
903 3445 1022 3493 nationes
1044 3445 1156 3508 quidem
1175 3452 1218 3494 est

216 3505 240 3552 la
253 3505 374 3565 reponse.
388 3532 415 3540 —
433 3506 665 3567 contemptum.
678 3507 717 3554 cf.
731 3508 769 3554 les
783 3508 896 3568 plaintcs
909 3509 1063 3568 e'loqucntes
1074 3508 1107 3553 de
1121 3507 1218 3554 Victor

216 3567 293 3626 Hugo
312 3567 341 3627 (A
364 3566 522 3628 Vitlcquier)
537 3583 542 3616 :
560 3587 571 3610 r
585 3567 656 3614 Dans
670 3583 716 3615 uos
741 3569 826 3624 cieua,
844 3569 950 3615 eiu-dela
963 3569 994 3616 de
1013 3569 1038 3618 la
1056 3569 1153 3630 sphe're
1170 3569 1217 3616 des

217 3641 290 3686 nuos,
303 3631 343 3673 Au
357 3627 422 3686 fond
439 3629 470 3674 de
487 3629 527 3674 cet
539 3642 605 3674 azur
623 3627 758 3675 immobile
776 3632 800 3675 et
817 3629 949 3687 dormant,
965 3630 1106 3676 Peut-dtre
1122 3629 1217 3690 faites-

216 3701 280 3760 vons
293 3687 337 3733 des
348 3689 439 3733 choses
455 3688 608 3756 inconnues,
623 3687 661 3735 ou
678 3689 703 3735 le
720 3689 835 3759 douteur
851 3689 882 3736 de
898 3691 1019 3738 t'homme
1029 3692 1104 3738 entre
1114 3704 1218 3738 comme

216 3745 330 3792 dlement
344 3767 364 3793 υ,
380 3773 406 3781 -
420 3747 533 3807 Igitur,
550 3751 657 3794 suivant
669 3763 736 3796 vous
749 3750 903 3811 (stolcrens).
