2696 4244
255 95 335 151 144.
352 95 517 153 consetls
533 98 577 153 de
593 95 782 157 Theodose
798 97 823 156 a
837 110 904 154 son
918 97 987 154 fils.

372 192 527 256 (Theodosii
539 194 572 242 ad
585 193 674 257 fitium
687 193 861 256 adhortatio.)
901 255 905 263 Ι

197 308 246 366 Sis
259 307 327 388 pius
338 309 350 332 *
365 309 397 366 in
414 308 521 387 primis
537 327 543 369 :
561 329 631 367 nam
643 328 713 367 cum
724 308 908 368 vincamur*
922 306 1052 368 inomni

197 404 337 479 Munere,
355 405 418 464 sola
435 405 517 464 Deos
533 412 634 485 aequat
649 405 811 464 clementia
828 405 925 464 nobie.

199 501 264 560 Neu
278 501 371 561 dubie
383 504 394 527 *
406 509 566 581 suspectus
579 503 590 525 *
603 504 706 580 agas*,
721 523 780 561 neu
795 503 906 560 salsus*
922 501 1038 578 amicis,

199 598 427 657 Rumorumve*
445 599 577 659 avidus:
596 599 647 678 qui
665 599 754 657 talia*
767 607 864 668 curat,
882 599 987 657 inanes

200 695 346 754 Horrebit
359 696 506 774 strepitus
516 697 539 770 *‚
556 695 639 755 nulla
656 717 718 754 non
730 696 838 754 anxius
854 696 941 756 hora.

199 792 267 850 Non
280 793 323 850 sic
336 793 483 863 excubiae,
499 813 561 850 non
577 793 808 853 circumstantia
824 793 902 872 pila*

198 888 295 956 Quam
311 896 430 949 tutatur
447 907 553 948 amor:
574 910 635 947 non
652 890 849 968 extorquebis
862 889 966 948 amari.

201 987 266 1044 Hoc
281 986 421 1045 alterna*
435 986 522 1056 fides,
540 987 598 1044 hoc
613 986 743 1065 simplex
759 987 877 1065 gratia*
893 987 998 1045 donat.

198 1082 256 1150 Qui
269 1091 373 1155 terret,
389 1083 457 1162 plus
472 1083 536 1162 ipse
553 1083 661 1141 timet*
676 1103 682 1143 ε
701 1104 766 1142 sors
779 1084 837 1142 ista
851 1083 990 1163 tyrannis

199 1179 362 1238 Convenit.
378 1179 541 1240 invideant
554 1180 642 1238 claris
652 1181 673 1252 *,
691 1181 848 1261 fortesque
861 1181 1028 1252 trucident,

198 1275 310 1335 Muniti
333 1276 442 1353 gladiis
458 1277 565 1334 vivant
578 1277 729 1356 saeptique
745 1278 899 1348 venenis*,

198 1373 378 1452 Ancipites*
389 1373 523 1432 habeant
536 1394 631 1444 arceS,
648 1374 821 1454 trepidique
835 1375 999 1432 minentur.

198 1470 243 1529 Tu
256 1469 354 1529 civem
367 1477 548 1551 patremque
562 1491 659 1547 geras,
674 1479 707 1529 tu
721 1471 846 1530 consule
861 1471 990 1543 cunctis,

201 1567 270 1625 Non
285 1567 341 1626 tibi
356 1587 362 1628 :
378 1575 497 1626 nectua
512 1576 541 1625 te
557 1575 713 1641 moveant,
728 1568 780 1626 sed
796 1568 918 1646 publica
933 1576 1016 1625 vota.
1078 1636 1080 1641 Ι

202 1665 237 1722 ln
253 1685 415 1723 commune
428 1664 518 1743 jubes
530 1665 554 1722 si
571 1664 642 1744 quid
657 1685 803 1722 censesve
819 1664 999 1736 tenendum,
1023 1711 1025 1720 .

199 1762 319 1821 Primus
333 1762 420 1841 jussa
433 1761 501 1823 subi
521 1780 527 1822 :
543 1769 617 1820 tunc
629 1761 842 1820 observantior
854 1762 955 1841 aequi*

199 1858 247 1918 Fit
258 1859 403 1938 populus,
421 1879 477 1916 nec
489 1859 568 1916 ferre
582 1865 684 1936 negat,
700 1879 770 1917 cum
784 1858 897 1917 viderit
910 1859 1011 1939 ipsum

197 1959 364 2014 Auctorem
377 1976 484 2034 parere
500 1955 586 2015 sibi*.
602 1955 809 2035 Componitur
821 1956 903 2014 orbis

200 2052 292 2129 Regis
307 2053 345 2111 ad
361 2052 546 2131 exemplum,
564 2073 621 2111 nec
636 2053 679 2111 sic
693 2053 849 2112 inflectere
864 2074 970 2112 sensus

200 2149 359 2208 Humanos
375 2149 473 2208 edicta
489 2150 602 2219 valent,
617 2157 649 2208 ut
660 2150 723 2208 vita
738 2151 882 2228 regentis

197 2246 313 2305 Mobile
328 2253 466 2305 mutatur
479 2267 599 2326 semper
613 2268 682 2306 cum
700 2248 838 2327 principe
853 2249 963 2324 vulgus
976 2249 996 2306 *.

146 2369 279 2420 N⁰144z
294 2368 380 2420 Pius.
401 2369 491 2417 Pietas
502 2369 633 2430 significa
650 2370 674 2417 la
687 2370 739 2417 fois
757 2370 822 2432 pitie
844 2375 871 2418 et
888 2370 958 2432 pie'te
974 2371 1079 2419 :bonte
1092 2397 1123 2407 -

117 2433 304 2482 vincamur
321 2431 346 2494 (a
368 2431 434 2493 Dis).
452 2457 482 2468 -—
506 2431 611 2481 Dubie
629 2433 750 2479 retombe
768 2449 814 2480 sur
835 2434 983 2494 suspectus.
997 2460 1027 2468 —
1044 2433 1122 2482 Sus-

115 2496 244 2559 pectus,
259 2508 292 2540 au
314 2497 375 2540 sens
387 2493 460 2540 actis,
473 2521 503 2529 —
514 2493 607 2555 Agas
617 2513 648 2536 =
662 2493 742 2552 vivas,
765 2494 810 2542 sis.
824 2522 853 2530 -
867 2495 987 2543 Falsus
1002 2514 1033 2536 =
1062 2494 1123 2568 erfi-

31 2577 33 2616 ;
116 2558 175 2605 dus.
190 2583 220 2591 -
234 2555 416 2606 Rumorum
433 2556 471 2603 :il
484 2555 520 2602 s'a
539 2556 561 2602 it
578 2557 624 2602 des
637 2554 725 2602 bruits
737 2557 769 2602 de
784 2556 958 2618 l'imposture.
977 2583 1007 2590 -
1053 2557 1122 2606 alla

116 2635 143 2666 se
156 2621 287 2679 rapporte
301 2618 315 2664 a
328 2631 374 2665 sus
394 2618 476 2676 ectus,
490 2571 585 2677 faisus,
598 2616 700 2664 avidus.
711 2645 741 2652 -
750 2617 924 2688 strepitus.
937 2617 975 2666 Ct.
990 2617 1121 2680 Se‘neque,

31 2697 32 2700 ¹
116 2681 147 2728 de
159 2679 245 2727 Clem.
261 2678 281 2736 1,
293 2683 330 2726 13.
344 2678 364 2725 C
379 2715 384 2725 .
399 2679 506 2737 Recine,
520 2678 654 2738 Britann.,
667 2678 712 2736 IV,
725 2684 738 2724 3
755 2693 759 2726 :
776 2679 866 2726 Cramt
879 2680 911 2725 de
924 2682 985 2727 tout
996 2679 1122 2726 l'univers

31 2791 32 2804 ,
115 2743 133 2789 il
146 2756 217 2789 vous
228 2741 323 2787 laudm
334 2741 532 2798 toutcraindre,
543 2739 674 2801 Toujours
687 2742 773 2802 punir,
785 2743 907 2803 touj0urs
918 2741 1046 2788 trembler
1056 2741 1122 2788 deins
1219 2778 1220 2784 ,

115 2803 339 2913 {uultui
345 2803 618 2927 tttttutttmss
630 2804 984 2914 ⁶tttttt⁰¹¹ttt³ut⁵·
998 2803 1122 2911 ntis

117 2928 153 2974 les
167 2928 264 2988 sujetS.
278 2952 308 2960 -
321 2924 467 2987 Simplex
482 2925 596 2987 gratia
607 2945 638 2967 =
654 2925 776 2973 sincerus
791 2880 926 2973 ’amorng-
944 2880 1058 2975 Tiinet
1082 2925 1121 2973 Cf.

116 2988 239 3046 Ciceron,
257 2987 290 3034 de
301 2984 389 3048 Offic,
403 2985 437 3044 ΙΙ,
452 2991 480 3045 73
492 2991 519 3034 et
531 2986 660 3048 seneque,
675 2988 706 3034 de
725 2987 816 3048 Clem.,
830 2988 936 3046 l,11.-
954 2987 1062 3038 (tiaris
1076 3003 1082 3035 :
1099 2989 1122 3035 la

117 3052 200 3113 gloire
214 3051 248 3096 de
260 3048 332 3096 leurs
342 3049 426 3109 qu'ets
439 3049 477 3096 les
486 3049 617 3109 otiusque.
627 3075 658 3083 -
672 3047 822 3106 Venonis,
837 3065 939 3096 comme
957 3050 1121 3096 Mithridate.

31 3149 32 3176 ,
116 3141 144 3151 —
155 3108 341 3171 Ancipites,
352 3125 432 3184 parce
448 3109 525 3218 qu'ils
539 3114 600 3157 sont
621 3110 748 3180 detestes.
766 3138 795 3146 -
812 3110 916 3173 AEqui,
929 3112 1021 3158 amene
1032 3127 1081 3173 par
1096 3112 1123 3159 in

31 3179 32 3184 ’
117 3186 268 3222 commune.
290 3199 320 3206 -
333 3171 404 3222 sibi
417 3192 448 3214 =
469 3186 482 3218 e
505 3171 566 3220 ibus
576 3185 591 3219 a
601 3185 628 3218 se
642 3171 711 3218 lotus.
721 3200 750 3208 -—
762 3172 898 3234 Vulgus.
912 3173 975 3219 Licu
988 3189 1122 3222 commun.

117 3239 154 3285 ΕΙ.
167 3233 297 3292 Juvenal,
312 3187 580 3293 V1,617;V1ii‚198.
594 3233 633 3281 Cf.
649 3233 795 3293 Massillon,
809 3249 857 3281 sur
876 3235 912 3281 les
924 3235 1064 3296 Ecemples
1078 3237 1122 3284 des

31 3305 33 3360 ζ
115 3298 227 3362 prande,
242 3293 317 3344 Petit
330 3295 456 3342 Cartme:
472 3296 544 3342 «Les
561 3297 658 3357 grands
677 3299 737 3342 sont
750 3310 781 3342 en
795 3297 928 3356 spectacle
948 3297 1031 3344 atout
1046 3295 1123 3344 l'uni-

116 3374 189 3419 vers3
204 3359 229 3406 le
244 3358 343 3406 monde
358 3357 444 3404 entier
460 3371 487 3404 se
499 3359 559 3404 sent
571 3358 603 3404 de
616 3357 687 3404 leurs
700 3357 793 3404 vertus'
809 3372 844 3404 ou
855 3359 888 3405 de
906 3359 976 3405 leurs
990 3359 1076 3417 vices3
1090 3359 1122 3405 ils

116 3427 183 3482 sont,
199 3423 221 3469 si
232 3421 262 3482 je
274 3419 340 3466 l'osc
352 3418 418 3477 dire,
432 3419 554 3482 citoyens
567 3418 600 3465 de
613 3417 740 3466 l'univers
751 3438 772 3467 n.

143 3512 185 3561 Νο
210 3509 279 3559 145
294 3521 300 3556 τ
315 3505 522 3569 Triumphus,
535 3505 600 3554 c'est
616 3510 789 3568 proprement
806 3505 915 3554 l’entre'e
932 3509 1074 3555 solennelle
1087 3511 1123 3556 du

115 3572 220 3634 general
238 3571 391 3630 vainqueur
408 3569 474 3614 dans
488 3569 525 3615 lcs
538 3583 612 3616 murs
623 3569 655 3615 de
670 3567 761 3615 Rome.
776 3568 811 3616 Ce
824 3570 896 3615 droit
908 3569 1000 3616 n'c'tait
1010 3571 1123 3618 accordt

115 3635 191 3696 qu'au
204 3632 316 3697 general
327 3631 372 3692 qui
380 3631 560 3677 commandait
573 3629 630 3677 suis
638 3629 773 3692 auspiciis,
782 3631 826 3690 qui
834 3632 907 3678 avait
917 3632 1028 3678 termine
1038 3633 1123 3678 victo-

116 3699 278 3746 n'eusement
286 3694 313 3741 la
324 3706 417 3755 guerre
430 3693 457 3739 ιή
468 3706 516 3738 sua
523 3691 665 3754 provincia
682 3695 708 3739 et
722 3692 829 3738 ramene
838 3691 943 3740 l'armee
954 3694 968 3740 a
981 3694 1072 3741 Rome.
1082 3693 1122 3740 On

154 3789 196 3829 Vie
208 3783 324 3840 publique
334 3781 373 3822 des
384 3780 502 3842 donicatus.
1020 3782 1044 3820 10

545 3890 577 3902 —-
597 3861 646 3911 145
666 3890 700 3900 -
