2756 4238
232 149 315 206 299.
336 150 543 210 ceremonie
558 156 713 228 terrihle
725 169 818 224 pour
837 159 1044 226 apprendre
1067 171 1141 214 aux
1161 158 1233 214 sol·

321 241 409 310 dats
422 243 601 299 samnites
616 244 649 300 le
665 242 902 301 devouement
917 245 941 301 a
955 246 994 302 la
1008 245 1140 314 patrie.

233 331 316 391 (Diris
340 335 424 384 sacrt's
443 336 573 386 Samnites
592 339 736 386 mititesad
760 349 877 387 'amorem
899 341 1003 403 patriae
1022 340 1228 404 instituuntur.)

179 423 219 488 2⁰
273 450 416 510 Dilecto*
431 435 486 531 per
509 474 599 512 omne
617 455 774 513 Samnium
800 456 905 514 habito
925 477 1004 515 nova
1024 456 1101 534 lege,
1128 464 1160 515 ut
1177 456 1232 535 qui

230 547 388 626 juniorum
409 569 470 607 non
490 550 685 610 convenisset
710 552 748 610 ad
764 552 983 632 imperatorum
1011 553 1147 612 edictum
1162 553 1233 632 qui-

233 665 292 724 que
303 644 422 725 injussu
438 646 561 718 abisset,
581 649 753 728 caputlovi
768 657 948 720 sacraretur,
964 651 1116 708 exercitus
1132 649 1234 708 omnis

234 741 430 820 Aquiloniam
456 751 502 802 est
520 744 665 804 indictus.
682 745 727 803 lbi
748 746 856 804 mediis
873 747 936 805 fere
955 747 1062 804 castris
1084 747 1170 804 locus
1185 751 1234 825 est

233 847 407 919 consaeptus
424 840 558 899 cratibus
573 841 747 921 pluteisque
762 851 793 900 et
812 842 914 901 linteis
929 851 1099 913 contectus,
1123 848 1235 922 patens

233 930 382 989 ducentos
404 933 535 991 maxime
553 933 645 1012 pedes
666 934 697 991 in
723 955 829 993 omnes
851 935 966 1014 pariter
992 942 1103 1014 partes,
1127 934 1172 992 lbi
1195 955 1234 992 ex

235 1027 313 1086 libro
339 1035 442 1087 vetere
466 1029 582 1088 linteo*
603 1031 683 1089 lecto
705 1031 909 1090 sacrificatum
922 1033 944 1105 *,
970 1031 1128 1090 sacerdote
1153 1031 1236 1090 Ovio

235 1124 345 1182 Paccio
368 1125 513 1204 quodam,
531 1127 655 1186 homine
676 1148 789 1206 magno
812 1135 897 1199 natu,
923 1129 1028 1208 quise
1050 1128 1083 1185 id
1111 1147 1233 1186 sacrum

235 1229 338 1300 petere
360 1223 531 1281 affirmabat
545 1243 581 1282 ex
605 1231 724 1282 vetusta
742 1224 925 1283 Samnitium
946 1225 1106 1302 religione.
1132 1224 1218 1282 Sacri

235 1319 304 1377 ficio
328 1319 475 1398 perlecto,
505 1341 560 1398 per
587 1321 760 1380 viatorem*
791 1322 958 1400 imperator
989 1321 1081 1380 acciri
1105 1319 1237 1400 jubebat

235 1414 460 1474 nobilissimum
473 1438 626 1496 quemque
642 1438 752 1495 genere
774 1418 936 1497 lactisque.
953 1418 1077 1496 Singuli·
1096 1415 1236 1476 introdu-

235 1513 394 1572 cebantur.
412 1514 484 1573 Erat
500 1535 569 1572 cum
583 1514 660 1574 alius
681 1523 846 1594 apparatus
868 1515 956 1588 sacri,
976 1515 1029 1594 qui
1050 1513 1236 1594 pertundere

235 1609 383 1686 religione
398 1611 533 1670 animum
552 1620 664 1690 posset,
683 1619 748 1670 turn
766 1613 797 1669 in
815 1612 884 1670 loco
902 1612 981 1670 circa
995 1612 1078 1670 omni
1092 1617 1237 1670 contecto

235 1727 295 1765 arae
317 1708 348 1765 in
373 1709 475 1766 medio
498 1708 694 1787 victimaeque
721 1709 800 1768 circa
823 1729 920 1778 caesae,
947 1717 978 1766 et
1001 1709 1237 1767 circumstantes

235 1805 440 1875 centuriones
478 1805 592 1864 strictis
631 1806 757 1884 gladiis.
794 1805 1053 1864 Admovebatur*
1088 1804 1238 1864 altaribus

236 1901 333 1979 magis
358 1910 393 1961 ut
407 1902 530 1960 victima
546 1924 637 1982 quam
661 1911 695 1961 ut
714 1903 792 1961 sacri
809 1903 975 1982 particepS,
994 1901 1238 1979 adigebaturque

232 1999 436 2078 jurejurando
447 2020 516 2079 quae
529 1999 592 2058 visa
604 2000 772 2079 auditaque
785 2000 816 2057 in
827 2021 864 2058 eo
875 1999 944 2058 loco
957 2006 1058 2058 essent
1069 2019 1130 2058 non
1141 2017 1239 2057 enun-

237 2097 414 2156 tiaturum*.
442 2096 519 2154 Dein
542 2096 647 2176 jurare
676 2097 827 2174 cogebant
848 2094 916 2155 diro
941 2095 1073 2176 quodam
1101 2093 1238 2154 carmine

237 2193 266 2250 in
283 2193 523 2252 exsecrationem
537 2194 646 2273 capitis
660 2193 845 2273 familiaeque
868 2201 900 2252 et
922 2193 1026 2272 stirpis
1051 2191 1237 2270 composito,

238 2291 295 2348 nisi
310 2291 384 2349 isset
398 2291 429 2348 in
449 2291 590 2369 proelium
615 2311 677 2370 quo
696 2290 897 2370 imperatores
912 2289 1081 2360 duxissent,
1100 2288 1170 2346 etsi
1186 2294 1239 2346 aut

238 2387 302 2466 ipse
314 2409 350 2446 ex
366 2387 430 2446 acie
446 2388 583 2465 fugisset,
601 2395 664 2459 aut,
682 2388 706 2444 si
722 2407 813 2465 quem
830 2386 999 2464 lugientem
1019 2385 1159 2454 vidisset,
1175 2404 1236 2441 non

237 2484 393 2564 extemplo
404 2485 576 2544 occidisset.
595 2484 628 2541 ld
643 2483 741 2562 primo
756 2483 881 2562 quidam
897 2483 1066 2541 abnuentes
1078 2481 1239 2560 juraturos

238 2603 269 2640 se
292 2582 466 2641 obtruncati
481 2583 561 2640 circa
581 2580 688 2640 altaria
715 2583 829 2646 sunt*;
853 2579 991 2659 jacentes
1016 2577 1126 2637 deinde
1154 2577 1238 2635 inter

238 2688 370 2756 stragem
392 2680 587 2738 victimarum
611 2678 818 2736 documento*
833 2676 942 2734 ceteris
957 2676 1054 2748 luere,
1072 2695 1110 2733 ne
1124 2673 1239 2732 abuue-

238 2783 317 2835 rent.

268 2893 310 2942 N⁰
323 2891 404 2942 299:
419 2890 557 2942 Dilectu.
571 2889 596 2937 Α
607 2889 699 2947 Rome,
713 2889 815 2950 chaque
830 2886 923 2948 annde,
937 2902 969 2935 en
981 2889 1059 2935 vertu
1076 2883 1138 2934 d'un
1150 2883 1243 2932 decret

238 2957 274 3002 du
285 2954 369 3011 senat,
388 2954 426 2999 les
446 2952 553 3000 consuls
572 2966 606 2998 ou
626 2951 665 2997 les
687 2951 809 3011 pre'teurs
827 2950 1016 2997 assemblaient
1032 2949 1056 2995 le
1077 2948 1173 3009 peuple
1193 2961 1243 3006 par

238 3017 325 3064 tribus
342 3019 369 3063 et
385 3016 510 3062 faisaient
528 3015 654 3075 apporter
672 3013 710 3059 les
727 3013 852 3072 registres
869 3012 965 3058 dtablis
984 3025 1033 3072 par
1050 3011 1089 3056 les
1106 3022 1240 3056 censeurs.

239 3080 289 3127 Les
301 3079 417 3133 consuls,
431 3078 498 3124 assis
511 3091 556 3122 sur
570 3075 627 3121 leur
645 3073 734 3120 chatse
753 3073 852 3130 curule,
871 3077 898 3119 et
910 3072 984 3119 aldes
996 3073 1043 3119 des
1055 3071 1161 3118 tribuns
1175 3069 1243 3115 mili—

239 3141 320 3190 taires
337 3141 462 3187 saisaient
478 3137 587 3199 appeler
598 3135 701 3196 (citare)
719 3136 757 3181 les
773 3149 849 3181 noms
869 3134 901 3180 de
918 3148 984 3180 ceux
998 3135 1043 3195 qui
1055 3133 1157 3180 etaient
1167 3145 1243 3178 assu-

236 3205 312 3267 jettis
330 3218 364 3250 au
379 3202 480 3249 service
493 3199 617 3246 militaire
629 3198 673 3259 (de
691 3201 718 3242 17
734 3198 748 3243 a
763 3199 791 3241 46
806 3195 873 3257 ans).
891 3195 918 3242 Si
935 3193 1077 3269 quelqu'un
1094 3207 1127 3240 ne
1143 3192 1242 3254 repon-

239 3269 296 3314 dait
309 3281 357 3328 pas
375 3266 389 3312 d
405 3262 503 3324 l'appel
513 3262 546 3307 de
558 3275 605 3307 son
620 3273 690 3316 nom,
703 3273 744 3305 ses
758 3258 833 3304 biens
844 3257 944 3304 etaient
952 3255 1112 3317 contisques,
1123 3269 1158 3302 ou
1170 3268 1205 3301 ou
1217 3255 1242 3300 le

239 3327 436 3378 condamnaitd
449 3327 505 3372 etre
518 3322 594 3369 battu
607 3322 639 3368 de
651 3334 752 3381 verges.
764 3346 793 3354 -
804 3318 903 3368 Libro
917 3316 1015 3367 linteo
1028 3331 1033 3365 ε
1047 3316 1113 3364 c'est
1122 3317 1147 3364 la
1157 3315 1242 3363 forme

240 3391 374 3439 ordinaire
393 3391 440 3436 des
460 3387 540 3433 livres
562 3383 658 3431 sacrts.
680 3409 710 3417 -
732 3380 973 3440 Sacrificatum,
996 3381 1128 3427 sous-ent.
1148 3379 1197 3425 est.
1212 3404 1243 3412 -

240 3452 419 3503 Viatorem.
440 3450 490 3496 Les
511 3445 626 3494 viatores
643 3444 742 3490 etaient
757 3444 804 3489 des
823 3442 937 3490 officiers
948 3440 1053 3503 publics
1074 3439 1196 3487 attache's
1209 3453 1242 3485 au

240 3516 344 3563 service
368 3515 414 3559 des
438 3510 590 3571 magistrats
607 3506 733 3562 romains,
763 3509 790 3551 et
809 3505 919 3551 servant
944 3504 977 3550 de
1002 3515 1151 3562 messagers
1174 3515 1244 3561 pour

240 3589 395 3636 convoquer
404 3575 429 3620 le
439 3573 515 3619 senat
525 3573 552 3617 et
564 3569 588 3616 le
600 3567 706 3629 peuple,
719 3581 752 3614 ou
764 3581 832 3627 pour
842 3566 909 3612 citer
921 3564 1065 3612 devantles
1076 3564 1241 3624 magistrats.

241 3666 270 3674 -
282 3635 538 3689 Admovebatur,
554 3645 649 3691 apour
666 3629 736 3691 sujet
748 3627 930 3675 nobilissimus
944 3626 1069 3694 quisque:
1087 3651 1116 3658 -
1133 3625 1243 3673 Enun-

242 3699 411 3756 tiaturum,
425 3698 517 3743 s.-ent.
531 3707 567 3740 se.
580 3691 700 3741 —Sunt
713 3705 740 3737 se
753 3689 874 3737 rattache
885 3689 899 3735 d
912 3687 1075 3735 obtruncati.
1093 3713 1125 3721 -
1136 3686 1242 3734 Docu-

242 3763 350 3810 mento
365 3772 411 3806 :ce
429 3759 485 3803 mot
498 3767 626 3802 conserve
640 3768 668 3800 sa
679 3754 751 3800 force
764 3751 872 3798 verbale
885 3751 912 3796 et
928 3749 1086 3796 commende
1099 3762 1138 3795 ne.

664 3885 820 3936 -30‘2-
