2698 4234
210 178 293 237 391.
307 179 337 236 11
351 181 413 250 n’y
428 193 452 236 a
463 192 535 247 pas
549 179 594 235 de
608 177 772 234 honneur
790 173 974 233 ve'rltable
997 185 1089 232 sans
1108 172 1206 228 Dieu.

319 275 438 338 (Absque
451 273 547 322 notitia
559 273 608 322 Dei
619 273 693 321 nulta
704 273 792 336 potest
804 287 858 320 esse
869 271 955 320 solida
967 269 1103 332 felicitas.)

153 379 197 442 4ο
251 389 353 448 Vosne
367 388 484 468 decipit
500 389 582 468 quod
596 389 695 448 Deum
720 388 890 446 nescientes
907 387 1044 444 divitiis*
1070 385 1207 464 affluant,

212 486 379 544 honoribus
393 488 533 560 lloreant,
548 485 683 565 polleant
700 484 929 564 potestatibus?
946 483 1070 542 Miseril
1096 483 1126 538 in
1151 480 1209 537 hoc

212 583 303 642 altius
319 583 481 654 tolluntur,
499 589 533 641 ut
547 582 692 641 decidant
705 581 825 640 altius*.
840 581 879 639 Hi
896 581 988 650 enim,
1015 588 1048 638 ut
1064 578 1209 647 victimae,

212 679 250 737 ad
266 679 452 758 supplicium
470 680 665 757 saginantur;
681 687 715 737 ut
732 677 841 736 hostiae
857 678 894 736 ad
917 697 1040 757 poenam
1061 693 1213 734 coronan-

213 783 263 832 tur
274 779 294 834 *.
315 775 439 855 Absque
454 777 535 834 enim
549 776 659 833 notitia
672 775 727 834 Dei
745 796 814 854 quae
830 783 1010 854 potestesse
1031 773 1129 831 solida
1149 771 1215 828 leli·

214 872 300 942 citas,
317 893 386 930 cuni
403 877 503 931 mors*
522 873 581 931 sit?
597 872 723 930 Somnio
743 871 861 942 similis,
880 880 1044 950 antequam
1059 869 1213 940 tenetur*,

214 969 353 1030 elabitur.
370 969 436 1028 Rex
451 971 505 1028 es?
522 977 583 1028 tam
597 969 696 1041 times,
718 989 810 1048 quam
830 968 964 1039 timeris;
990 975 1021 1026 et
1045 965 1217 1046 quamlibet

214 1067 255 1124 sis
270 1065 368 1125 multo
383 1067 530 1125 comitatu
547 1067 688 1145 stipatus,
706 1066 743 1123 ad
761 1065 930 1144 periculum
944 1073 1047 1122 tamen
1068 1062 1150 1122 solus
1170 1083 1216 1120 ea.

215 1162 309 1221 Dives
328 1166 379 1222 es?
396 1163 449 1221 sed
471 1164 603 1222 fortunae
626 1162 704 1222 malo
730 1163 899 1233 creditur',
921 1169 952 1220 et
975 1181 1086 1238 magno
1103 1159 1218 1216 viatico

215 1260 307 1318 breve
321 1261 391 1318 vitae
404 1261 462 1318 iter
479 1281 540 1318 non
557 1260 729 1330 instruitur,
752 1260 805 1318 sed
830 1266 986 1318 oneratur.
1016 1257 1160 1316 Fascibus
1187 1264 1220 1314 et

215 1357 360 1437 purpuris
372 1357 534 1435 gloriaris?
547 1357 652 1416 Vanus
665 1377 751 1414 error
764 1355 909 1426 hominis,
936 1363 968 1413 et
990 1354 1089 1412 inanis
1111 1352 1217 1411 cultus

215 1454 385 1532 dignitatis,
398 1453 515 1532 fulgere
530 1475 677 1534 purpura,
695 1455 814 1510 mente*
836 1451 1022 1510 sordescere.
1049 1450 1220 1508 Nobilitate

214 1571 381 1629 generosus
393 1553 444 1610 es?
468 1550 614 1610 Parentes
639 1559 709 1609 tuos
738 1549 866 1608 laudas?
894 1569 1001 1607 onanes
1026 1556 1129 1606 tamen
1151 1548 1219 1624 pari

215 1656 297 1707 sorte
311 1649 479 1718 nascimur;
493 1647 557 1706 sola
570 1648 702 1705 virtulo*
718 1646 947 1724 distinguimur.
964 1645 1045 1703 Nos*
1060 1643 1220 1722 igiturqui

214 1745 352 1804 moribus
371 1752 402 1803 et
422 1743 540 1823 pudore
564 1763 735 1814 censemur,
759 1743 869 1800 merito
892 1742 979 1800 malis
1002 1739 1221 1819 voluptatibus

216 1849 246 1900 et
259 1842 380 1921 pompis
394 1841 503 1898 vestris
516 1847 546 1898 et
559 1839 742 1918 spectaculis
758 1839 949 1897 abstinemus
963 1857 969 1898 :
983 1857 1116 1917 quorum
1133 1845 1163 1894 et
1180 1836 1221 1894 de

215 1938 327 1996 sacris*
342 1938 492 2014 originem
513 1937 668 2010 novimus,
694 1943 724 1994 et
745 1937 836 1995 noxia
858 1933 1068 1994 blandimenta
1093 1934 1222 1992 danma-

216 2054 295 2094 mus.

247 2184 288 2234 N⁰
298 2184 361 2234 391
379 2197 386 2233 t
402 2182 545 2233 Divitiis.
560 2183 626 2229 Voir
637 2181 816 2244 l'explication
834 2182 910 2292 qu’en
924 2183 1011 2228 donne
1030 2180 1223 2227 Bossuetdans

216 2245 240 2294 le
251 2246 361 2294 Sermon
372 2260 419 2292 sur
429 2246 453 2292 la
467 2243 635 2292 Prooidcnce.
643 2244 683 2291 Cf.
692 2246 787 2302 Boeee',
796 2245 827 2291 de
857 2243 1022 2291 onsolatione
1032 2240 1223 2304 philosophiae

216 2307 248 2418 ql)
272 2323 279 2356 t
304 2325 315 2350 a
340 2308 375 2354 At
392 2306 514 2369 perversi
533 2306 649 2353 resident
669 2306 738 2353 celso
760 2307 844 2352 Mores
863 2304 1098 2366 sotio,sanctaquc
1115 2301 1223 2349 calcant

233 2368 385 2432 njustavice
394 2369 462 2415 eolla
474 2369 596 2415 nocentes
612 2388 621 2409 u
636 2367 721 2414 -cite'
734 2369 800 2414 dans
813 2371 889 2414 notre
900 2365 1016 2413 Anllioio
1039 2365 1061 2412 ie
1072 2365 1117 2412 des
1149 2365 1223 2410 oc'tes

218 2429 307 2489 latins,
329 2445 395 2492 page
418 2435 469 2476 579.
490 2457 517 2464 -
536 2428 655 2478 Altius.
676 2429 714 2476 Cf.
735 2429 870 2486 Claudien,
892 2428 989 2476 Conlre
1014 2380 1102 2488 dufin,
1128 2378 1148 2485 l),
1170 2431 1223 2474 22:

217 2512 229 2536 u
246 2492 390 2540 'l'olluatur
409 2492 435 2538 in
452 2491 537 2538 altum
556 2491 586 2538 Ul
602 2491 624 2536 la
635 2506 676 2538 >su
694 2491 819 2554 grauiore
833 2490 914 2536 ruant
929 2509 950 2536 u.
963 2516 992 2523 -
1004 2487 1223 2538 coronantur.

217 2555 257 2602 Cf.
275 2556 398 2611 Bossuet,
414 2553 526 2600 Oraison
543 2552 600 2612 fun.
618 2507 649 2598 de
668 2553 691 2599 ta
712 2553 839 2599 duchesse
857 2550 1008 2598 d'Orlians:
1026 2571 1036 2592 α
1051 2549 1223 2609 Considerez,

217 2616 369 2674 Messieurs,
380 2631 424 2662 ces
433 2615 544 2675 grandes
558 2615 711 2674 puissanccs
719 2629 770 2675 que
781 2629 848 2660 nous
856 2613 1000 2674 regardons
1008 2613 1041 2661 dc
1050 2612 1071 2658 si
1082 2611 1138 2657 bas.
1152 2610 1225 2656 Pen-

217 2680 282 2725 dant
293 2693 344 2739 que
358 2692 424 2724 nous
438 2677 584 2724 tremblons
596 2691 658 2721 situs
670 2678 727 2722 leur
742 2677 820 2734 main,
835 2675 903 2720 Dicu
916 2674 953 2720 les
966 2675 1058 2734 trappe
1071 2687 1138 2734 pour
1152 2687 1224 2718 nous

217 2741 324 2788 avertir.
336 2741 405 2786 Leur
415 2738 546 2784 clevation
563 2752 594 2783 en
611 2742 651 2783 est
661 2738 685 2783 la
698 2752 775 2784 cause
790 2757 810 2783 u.
827 2763 856 2770 -
871 2737 970 2784 Mors.
984 2735 1022 2782 Cf.
1038 2735 1158 2790 Bossuct,
1174 2733 1223 2780 Or.

217 2801 276 2862 fun.
295 2802 326 2849 de
347 2802 369 2847 la
389 2801 466 2848 duab.
484 2799 566 2846 d'Orl.
587 2817 597 2840 a
612 2799 647 2845 La
665 2800 795 2860 grandem¹
814 2801 841 2844 ct
858 2799 883 2843 la
900 2798 997 2858 gloiret
1015 2797 1226 2843 Pouvons-nous

218 2877 313 2910 encore
331 2862 458 2909 entendre
475 2876 518 2907 ces
536 2863 605 2906 mois
623 2861 689 2906 <lans
707 2875 735 2906 ce
754 2860 887 2919 triomphe
903 2861 935 2905 do
950 2860 975 2906 la
992 2861 1062 2905 mort
1079 2872 1105 2915 »3
1119 2860 1147 2904 et
1159 2856 1225 2903 Ser-

219 2939 279 2971 mon
294 2938 342 2970 sur
360 2923 383 2970 la
402 2923 490 2970 Mart:
510 2943 519 2964 ιι
535 2923 660 2968 Entassez
677 2923 742 2968 dans
755 2925 797 2968 eet
815 2935 909 2982 espace
924 2921 1061 2980 immense,
1075 2920 1224 2977 honneurs,

218 2986 357 3042 richesses,
370 2984 493 3046 plaisir-s:
509 2999 560 3044 quc
575 2998 640 3029 vous
653 2983 778 3044 profitere
797 2987 839 3029 cet
852 2997 933 3040 asaias,
946 2982 1059 3043 puisque
1076 2981 1099 3027 le
1113 2980 1225 3026 dernier

218 3047 312 3094 soufllc
325 3048 357 3092 de
370 3048 393 3092 lu
407 3050 485 3102 mort,
500 3049 559 3092 tout
572 3045 660 3100 taiblc,
674 3049 731 3092 tout
750 3045 923 3103 languissent,
937 3044 1043 3090 abattra
1051 3046 1111 3090 tout
1122 3042 1137 3088 a
1150 3056 1224 3102 coup

217 3112 288 3156 cette
304 3109 381 3155 vaine
394 3121 490 3168 pompe
506 3121 570 3152 avec
583 3107 607 3152 la
625 3109 709 3152 larome
727 3106 824 3153 faciliti
839 3106 919 3167 qu'un
940 3107 1051 3152 chiteou
1070 3105 1102 3150 de
1120 3109 1222 3162 cartes,

218 3172 278 3216 vain
292 3173 457 3216 amusement
471 3169 518 3214 des
533 3168 650 3215 enfantsl
666 3187 686 3216 u.
701 3168 884 3217 -Tenetur
898 3167 934 3214 :il
946 3167 1062 3213 faudrait
1076 3165 1223 3226 regulibrc-

218 3235 291 3279 ment
307 3232 330 3278 le
351 3231 505 3291 subjonctit'.
518 3256 547 3263 -
562 3227 721 3278 Creditur.
743 3229 783 3276 On
805 3232 930 3276 retrouve
947 3229 982 3275 ici
1000 3228 1132 3289 plusieurs
1149 3227 1223 3273 lieux

217 3308 355 3340 eommuns
370 3295 484 3339 souvent
500 3291 662 3352 developpc's
682 3292 783 3352 parles
800 3294 908 3338 auteurs
919 3291 1019 3351 paiens.
1033 3289 1073 3336 ef.
1090 3288 1223 3335 Publilius

218 3355 320 3416 Syrus:
341 3355 489 3401 «Fortuna
510 3352 595 3400 vitrea
614 3354 677 3400 est:
697 3354 754 3399 tum
774 3367 834 3400 cum
855 3367 867 3399 s
889 3351 977 3398 landet
994 3350 1135 3413 frangitur
1149 3370 1170 3397 ι».
1191 3375 1225 3383 -—

218 3417 336 3466 Mente.
351 3415 389 3464 Cf.
412 3415 534 3471 Juve'nal,
546 3415 661 3460 disanta
677 3429 713 3460 un
725 3415 805 3475 jeune
827 3367 906 3460 noble
926 3412 1082 3474 (V111,25):
1102 3431 1112 3454 a
1129 3410 1224 3457 Prima

219 3477 286 3524 mihi
303 3476 381 3525 debes
398 3476 482 3524 animi
496 3475 565 3523 bona
579 3495 599 3522 u.
615 3475 731 3524 -Sola
748 3475 882 3529 virtute.
897 3474 935 3521 Cl.
952 3473 1066 3522 Salluste
1084 3473 1166 3536 (Juq,
1181 3473 1223 3533 85)

219 3540 315 3586 faisant
327 3540 383 3585 dire
396 3554 446 3586 aux
459 3539 552 3585 nobles
567 3552 615 3598 par
627 3538 651 3583 la
662 3537 766 3583 bouche
779 3537 811 3582 de
825 3536 924 3582 Marius
940 3548 947 3584 ε
963 3555 974 3578 a
989 3535 1157 3596 Quamquam
1171 3548 1223 3594 eqo

220 3604 344 3649 naturam
363 3615 441 3647 unam
459 3601 484 3646 e't
501 3613 668 3646 communem
686 3598 805 3645 omnium
823 3597 963 3657 esistumo,
974 3597 1020 3644 sed
1032 3595 1223 3656 fortissumum

219 3676 353 3724 quemque
384 3660 610 3707 onerosissumum
627 3673 683 3705 esse
701 3679 722 3705 u,
742 3685 771 3693 —
794 3659 957 3706 Noszc'est
976 3673 1011 3704 un
1031 3658 1151 3706 chriticn
1175 3657 1222 3716 qui

220 3723 301 3784 parle.
315 3747 344 3755 —
368 3721 470 3770 ‘acris
484 3736 489 3768 :
505 3722 544 3768 lcs
556 3720 703 3780 spectacles
716 3722 743 3766 et
754 3719 793 3766 les
803 3720 867 3779 J'eux
878 3721 971 3780 paiens
982 3723 1030 3766 ont
1042 3734 1074 3766 en
1088 3719 1151 3766 ell'et
1167 3731 1221 3763 une

220 3784 321 3844 origine
333 3782 484 3842 religieusc3
498 3785 524 3829 et
537 3781 602 3828 c'est
612 3795 680 3840 pour
690 3779 747 3826 cela
759 3794 810 3841 que
823 3781 861 3826 les
874 3780 1008 3827 cliretiens
1021 3781 1059 3828 les
1070 3781 1163 3826 luient.

641 3947 674 3957 -
695 3919 799 3970 394-
