<?xml version="1.0" encoding="UTF-8"?>
<!DOCTYPE html PUBLIC "-//W3C//DTD XHTML 1.0 Transitional//EN"
    "http://www.w3.org/TR/xhtml1/DTD/xhtml1-transitional.dtd">
<html xmlns="http://www.w3.org/1999/xhtml" xml:lang="en" lang="en">
 <head>
  <title>
</title>
<meta http-equiv="Content-Type" content="text/html;charset=utf-8" />
  <meta name='ocr-system' content='tesseract 3.04.00' />
  <meta name='ocr-capabilities' content='ocr_page ocr_carea ocr_par ocr_line ocrx_word'/>
</head>
<body>
  <div class='ocr_page' id='page_1' title='image "./depublicaprivat01arnagoog_0173.png"; bbox 0 0 2658 4244; ppageno 0'>
   <div class='ocr_carea' id='block_1_1' title="bbox 461 137 984 308">
    <p class='ocr_par' dir='ltr' id='par_1_1' title="bbox 461 137 984 308">
     <span class='ocr_line' id='line_1_1' title="bbox 461 137 984 210; baseline -0.002 -14"><span class='ocrx_word' id='word_1_1' title='bbox 461 140 542 196; x_wconf 81' lang='lat'><strong>125.</strong></span> <span class='ocrx_word' id='word_1_2' title='bbox 562 143 619 198; x_wconf 84' lang='lat' dir='ltr'>Un</span> <span class='ocrx_word' id='word_1_3' title='bbox 632 138 787 210; x_wconf 78' lang='lat' dir='ltr'>menage</span> <span class='ocrx_word' id='word_1_4' title='bbox 803 137 984 209; x_wconf 81' lang='lat' dir='ltr'>imperial.</span> 
     </span>
     <span class='ocr_line' id='line_1_2' title="bbox 493 229 945 308; baseline -0.004 -16"><span class='ocrx_word' id='word_1_5' title='bbox 493 245 540 307; x_wconf 83' lang='lat' dir='ltr'>(De</span> <span class='ocrx_word' id='word_1_6' title='bbox 555 245 671 308; x_wconf 72' lang='lat' dir='ltr'>Trojano</span> <span class='ocrx_word' id='word_1_7' title='bbox 682 229 708 292; x_wconf 71' lang='lat' dir='ltr'>et</span> <span class='ocrx_word' id='word_1_8' title='bbox 719 243 827 292; x_wconf 80' lang='lat' dir='ltr'>Plotina</span> <span class='ocrx_word' id='word_1_9' title='bbox 841 243 945 306; x_wconf 71' lang='lat' dir='ltr'>ruore)</span> 
     </span>
    </p>
   </div>
   <div class='ocr_carea' id='block_1_2' title="bbox 128 402 1228 2315">
    <p class='ocr_par' dir='ltr' id='par_1_2' title="bbox 128 402 1228 2315">
     <span class='ocr_line' id='line_1_3' title="bbox 163 402 1226 479; baseline -0.01 -11"><span class='ocrx_word' id='word_1_10' title='bbox 163 404 204 468; x_wconf 80' lang='lat'>3⁰</span> <span class='ocrx_word' id='word_1_11' title='bbox 259 405 366 464; x_wconf 91' lang='lat' dir='ltr'>Multis</span> <span class='ocrx_word' id='word_1_12' title='bbox 388 404 559 463; x_wconf 83' lang='lat' dir='ltr'>illustribus</span> <span class='ocrx_word' id='word_1_13' title='bbox 583 404 726 462; x_wconf 72' lang='lat' dir='ltr'>dedecori</span> <span class='ocrx_word' id='word_1_14' title='bbox 755 404 813 462; x_wconf 87' lang='lat' dir='ltr'>luit</span> <span class='ocrx_word' id='word_1_15' title='bbox 837 412 890 479; x_wconf 67' lang='lat' dir='ltr'>put</span> <span class='ocrx_word' id='word_1_16' title='bbox 911 402 1118 461; x_wconf 81' lang='lat' dir='ltr'>inconsultius</span> <span class='ocrx_word' id='word_1_17' title='bbox 1147 421 1226 460; x_wconf 86' lang='lat' dir='ltr'>uxor</span> 
     </span>
     <span class='ocr_line' id='line_1_4' title="bbox 128 494 1224 581; baseline -0.005 -19"><span class='ocrx_word' id='word_1_18' title='bbox 128 494 133 505; x_wconf 73' lang='grc'><strong>’</strong></span> <span class='ocrx_word' id='word_1_19' title='bbox 219 510 386 581; x_wconf 88' lang='lat' dir='ltr'>assumpta,</span> <span class='ocrx_word' id='word_1_20' title='bbox 403 509 457 560; x_wconf 90' lang='lat' dir='ltr'>aut</span> <span class='ocrx_word' id='word_1_21' title='bbox 472 505 609 560; x_wconf 81' lang='lat' dir='ltr'>retenta*</span> <span class='ocrx_word' id='word_1_22' title='bbox 624 501 791 580; x_wconf 92' lang='lat' dir='ltr'>patientius</span> <span class='ocrx_word' id='word_1_23' title='bbox 808 520 814 560; x_wconf 78' lang='lat' dir='ltr'>t</span> <span class='ocrx_word' id='word_1_24' title='bbox 833 502 873 560; x_wconf 87' lang='lat' dir='ltr'>ita</span> <span class='ocrx_word' id='word_1_25' title='bbox 888 501 964 559; x_wconf 86' lang='lat' dir='ltr'>foris</span> <span class='ocrx_word' id='word_1_26' title='bbox 981 500 1079 558; x_wconf 88' lang='lat' dir='ltr'>claros</span> <span class='ocrx_word' id='word_1_27' title='bbox 1099 499 1224 557; x_wconf 93' lang='lat' dir='ltr'>domes-</span> 
     </span>
     <span class='ocr_line' id='line_1_5' title="bbox 221 596 1223 668; baseline -0.004 -11"><span class='ocrx_word' id='word_1_28' title='bbox 221 600 279 657; x_wconf 87' lang='lat' dir='ltr'>tica</span> <span class='ocrx_word' id='word_1_29' title='bbox 295 599 473 658; x_wconf 79' lang='lat' dir='ltr'><strong>destruebat</strong></span> <span class='ocrx_word' id='word_1_30' title='bbox 490 599 634 668; x_wconf 87' lang='lat' dir='ltr'>infamia;</span> <span class='ocrx_word' id='word_1_31' title='bbox 660 606 746 657; x_wconf 85' lang='lat' dir='ltr'>atne</span> <span class='ocrx_word' id='word_1_32' title='bbox 772 599 896 656; x_wconf 85' lang='lat' dir='ltr'>maximi</span> <span class='ocrx_word' id='word_1_33' title='bbox 919 598 1002 655; x_wconf 91' lang='lat' dir='ltr'>cives</span> <span class='ocrx_word' id='word_1_34' title='bbox 1025 596 1223 666; x_wconf 75' lang='lat' dir='ltr'>haberentur,</span> 
     </span>
     <span class='ocr_line' id='line_1_6' title="bbox 218 692 1223 774; baseline -0.003 -21"><span class='ocrx_word' id='word_1_35' title='bbox 218 695 277 754; x_wconf 91' lang='lat' dir='ltr'>hoc</span> <span class='ocrx_word' id='word_1_36' title='bbox 298 696 449 754; x_wconf 87' lang='lat' dir='ltr'>efficiebat</span> <span class='ocrx_word' id='word_1_37' title='bbox 463 695 546 774; x_wconf 91' lang='lat' dir='ltr'>quod</span> <span class='ocrx_word' id='word_1_38' title='bbox 568 696 668 754; x_wconf 88' lang='lat' dir='ltr'>mariti</span> <span class='ocrx_word' id='word_1_39' title='bbox 696 695 829 753; x_wconf 89' lang='lat' dir='ltr'>minores</span> <span class='ocrx_word' id='word_1_40' title='bbox 853 702 951 753; x_wconf 87' lang='lat' dir='ltr'>erant.</span> <span class='ocrx_word' id='word_1_41' title='bbox 977 695 1045 752; x_wconf 90' lang='lat' dir='ltr'>Tibi</span> <span class='ocrx_word' id='word_1_42' title='bbox 1071 692 1169 752; x_wconf 81' lang='lat' dir='ltr'>uxor*</span> <span class='ocrx_word' id='word_1_43' title='bbox 1192 692 1223 750; x_wconf 91' lang='lat' dir='ltr'>in</span> 
     </span>
     <span class='ocr_line' id='line_1_7' title="bbox 219 789 1225 870; baseline -0.004 -20"><span class='ocrx_word' id='word_1_44' title='bbox 219 793 312 850; x_wconf 87' lang='lat' dir='ltr'>decus</span> <span class='ocrx_word' id='word_1_45' title='bbox 327 799 358 850; x_wconf 94' lang='lat' dir='ltr'>et</span> <span class='ocrx_word' id='word_1_46' title='bbox 372 793 500 869; x_wconf 84' lang='lat' dir='ltr'>gloriam</span> <span class='ocrx_word' id='word_1_47' title='bbox 515 792 606 852; x_wconf 89' lang='lat' dir='ltr'>cedit.</span> <span class='ocrx_word' id='word_1_48' title='bbox 625 792 703 858; x_wconf 86' lang='lat' dir='ltr'>Quid</span> <span class='ocrx_word' id='word_1_49' title='bbox 721 792 800 850; x_wconf 88' lang='lat' dir='ltr'>enim</span> <span class='ocrx_word' id='word_1_50' title='bbox 814 790 864 850; x_wconf 88' lang='lat' dir='ltr'>illa</span> <span class='ocrx_word' id='word_1_51' title='bbox 881 792 1039 849; x_wconf 81' lang='lat' dir='ltr'>sanctius?</span> <span class='ocrx_word' id='word_1_52' title='bbox 1055 789 1130 870; x_wconf 89' lang='lat' dir='ltr'>quid</span> <span class='ocrx_word' id='word_1_53' title='bbox 1146 789 1225 847; x_wconf 89' lang='lat' dir='ltr'>anti-</span> 
     </span>
     <span class='ocr_line' id='line_1_8' title="bbox 218 886 1222 968; baseline -0.003 -22"><span class='ocrx_word' id='word_1_54' title='bbox 218 889 332 968; x_wconf 78' lang='lat' dir='ltr'>quius?</span> <span class='ocrx_word' id='word_1_55' title='bbox 350 889 470 959; x_wconf 80' lang='lat' dir='ltr'>Nonne,</span> <span class='ocrx_word' id='word_1_56' title='bbox 485 889 511 946; x_wconf 91' lang='lat' dir='ltr'>si</span> <span class='ocrx_word' id='word_1_57' title='bbox 530 889 688 947; x_wconf 84' lang='lat' dir='ltr'>Pontifici*</span> <span class='ocrx_word' id='word_1_58' title='bbox 702 889 840 946; x_wconf 83' lang='lat' dir='ltr'>Maximo</span> <span class='ocrx_word' id='word_1_59' title='bbox 855 887 1017 965; x_wconf 82' lang='lat' dir='ltr'>deligenda</span> <span class='ocrx_word' id='word_1_60' title='bbox 1033 887 1072 946; x_wconf 90' lang='lat' dir='ltr'>sit</span> <span class='ocrx_word' id='word_1_61' title='bbox 1094 886 1222 965; x_wconf 87' lang='lat' dir='ltr'>conjux,</span> 
     </span>
     <span class='ocr_line' id='line_1_9' title="bbox 219 983 1227 1063; baseline -0.002 -19"><span class='ocrx_word' id='word_1_62' title='bbox 219 985 369 1044; x_wconf 86' lang='lat' dir='ltr'>anthane</span> <span class='ocrx_word' id='word_1_63' title='bbox 393 992 447 1043; x_wconf 91' lang='lat' dir='ltr'>aut</span> <span class='ocrx_word' id='word_1_64' title='bbox 464 985 593 1044; x_wconf 88' lang='lat' dir='ltr'>similem</span> <span class='ocrx_word' id='word_1_65' title='bbox 620 985 684 1063; x_wconf 90' lang='lat' dir='ltr'>(ubi</span> <span class='ocrx_word' id='word_1_66' title='bbox 706 993 754 1044; x_wconf 81' lang='lat' dir='ltr'>est</span> <span class='ocrx_word' id='word_1_67' title='bbox 781 993 883 1044; x_wconf 91' lang='lat' dir='ltr'>autem</span> <span class='ocrx_word' id='word_1_68' title='bbox 907 984 1047 1063; x_wconf 68' lang='lat' dir='ltr'>similist)</span> <span class='ocrx_word' id='word_1_69' title='bbox 1078 983 1227 1060; x_wconf 80' lang='lat' dir='ltr'>elegerit?</span> 
     </span>
     <span class='ocr_line' id='line_1_10' title="bbox 219 1080 1223 1158; baseline -0.002 -18"><span class='ocrx_word' id='word_1_70' title='bbox 219 1082 315 1148; x_wconf 82' lang='lat' dir='ltr'>Quam</span> <span class='ocrx_word' id='word_1_71' title='bbox 331 1082 381 1139; x_wconf 91' lang='lat' dir='ltr'>illa</span> <span class='ocrx_word' id='word_1_72' title='bbox 397 1081 474 1140; x_wconf 89' lang='lat' dir='ltr'>nihil</span> <span class='ocrx_word' id='word_1_73' title='bbox 490 1081 547 1139; x_wconf 91' lang='lat' dir='ltr'>sibi</span> <span class='ocrx_word' id='word_1_74' title='bbox 563 1103 599 1140; x_wconf 88' lang='lat' dir='ltr'>ex</span> <span class='ocrx_word' id='word_1_75' title='bbox 613 1082 736 1140; x_wconf 82' lang='lat' dir='ltr'>fortuna</span> <span class='ocrx_word' id='word_1_76' title='bbox 752 1090 804 1140; x_wconf 89' lang='lat' dir='ltr'>tua</span> <span class='ocrx_word' id='word_1_77' title='bbox 822 1083 879 1139; x_wconf 90' lang='lat' dir='ltr'>nisi</span> <span class='ocrx_word' id='word_1_78' title='bbox 901 1081 1047 1158; x_wconf 83' lang='lat' dir='ltr'>gaudium</span> <span class='ocrx_word' id='word_1_79' title='bbox 1065 1080 1223 1138; x_wconf 88' lang='lat' dir='ltr'>vindicat!</span> 
     </span>
     <span class='ocr_line' id='line_1_11' title="bbox 219 1179 1227 1258; baseline -0.002 -22"><span class='ocrx_word' id='word_1_80' title='bbox 219 1199 308 1258; x_wconf 90' lang='lat' dir='ltr'>quam</span> <span class='ocrx_word' id='word_1_81' title='bbox 326 1186 503 1237; x_wconf 80' lang='lat' dir='ltr'>constanter</span> <span class='ocrx_word' id='word_1_82' title='bbox 518 1199 578 1236; x_wconf 89' lang='lat' dir='ltr'>non</span> <span class='ocrx_word' id='word_1_83' title='bbox 594 1179 762 1258; x_wconf 90' lang='lat' dir='ltr'>potentiam</span> <span class='ocrx_word' id='word_1_84' title='bbox 781 1186 876 1249; x_wconf 84' lang='lat' dir='ltr'>tuam,</span> <span class='ocrx_word' id='word_1_85' title='bbox 894 1179 946 1237; x_wconf 91' lang='lat' dir='ltr'>sed</span> <span class='ocrx_word' id='word_1_86' title='bbox 959 1179 1060 1257; x_wconf 89' lang='lat' dir='ltr'>ipsum</span> <span class='ocrx_word' id='word_1_87' title='bbox 1082 1185 1113 1236; x_wconf 88' lang='lat' dir='ltr'>te</span> <span class='ocrx_word' id='word_1_88' title='bbox 1136 1197 1227 1234; x_wconf 88' lang='lat' dir='ltr'>reve-</span> 
     </span>
     <span class='ocr_line' id='line_1_12' title="bbox 218 1266 1225 1356; baseline 0 -24"><span class='ocrx_word' id='word_1_89' title='bbox 218 1279 319 1334; x_wconf 86' lang='lat' dir='ltr'>returl</span> <span class='ocrx_word' id='word_1_90' title='bbox 342 1275 424 1333; x_wconf 89' lang='lat' dir='ltr'>ldem</span> <span class='ocrx_word' id='word_1_91' title='bbox 441 1275 512 1333; x_wconf 88' lang='lat' dir='ltr'>estis</span> <span class='ocrx_word' id='word_1_92' title='bbox 528 1276 659 1334; x_wconf 88' lang='lat' dir='ltr'>invicem</span> <span class='ocrx_word' id='word_1_93' title='bbox 676 1273 757 1356; x_wconf 88' lang='lat' dir='ltr'>quod</span> <span class='ocrx_word' id='word_1_94' title='bbox 773 1275 873 1334; x_wconf 87' lang='lat' dir='ltr'>luistis</span> <span class='ocrx_word' id='word_1_95' title='bbox 892 1294 897 1335; x_wconf 91' lang='lat'>:</span> <span class='ocrx_word' id='word_1_96' title='bbox 915 1274 1055 1354; x_wconf 80' lang='lat' dir='ltr'>probati*</span> <span class='ocrx_word' id='word_1_97' title='bbox 1071 1295 1107 1332; x_wconf 87' lang='lat' dir='ltr'>ex</span> <span class='ocrx_word' id='word_1_98' title='bbox 1123 1266 1225 1347; x_wconf 81' lang='lat' dir='ltr'>aean,</span> 
     </span>
     <span class='ocr_line' id='line_1_13' title="bbox 218 1371 1227 1452; baseline -0.002 -22"><span class='ocrx_word' id='word_1_99' title='bbox 218 1373 357 1452; x_wconf 88' lang='lat' dir='ltr'>nihilque</span> <span class='ocrx_word' id='word_1_100' title='bbox 377 1372 465 1431; x_wconf 85' lang='lat' dir='ltr'>robis</span> <span class='ocrx_word' id='word_1_101' title='bbox 485 1372 615 1430; x_wconf 72' lang='lat' dir='ltr'>felicitas</span> <span class='ocrx_word' id='word_1_102' title='bbox 637 1372 768 1444; x_wconf 81' lang='lat' dir='ltr'>addidit,</span> <span class='ocrx_word' id='word_1_103' title='bbox 793 1373 851 1430; x_wconf 90' lang='lat' dir='ltr'>nisi</span> <span class='ocrx_word' id='word_1_104' title='bbox 877 1372 960 1452; x_wconf 89' lang='lat' dir='ltr'>quod</span> <span class='ocrx_word' id='word_1_105' title='bbox 983 1373 1060 1430; x_wconf 87' lang='lat' dir='ltr'>scire</span> <span class='ocrx_word' id='word_1_106' title='bbox 1082 1371 1227 1451; x_wconf 88' lang='lat' dir='ltr'>coepistis</span> 
     </span>
     <span class='ocr_line' id='line_1_14' title="bbox 218 1469 1227 1549; baseline -0.004 -21"><span class='ocrx_word' id='word_1_107' title='bbox 218 1469 418 1549; x_wconf 87' lang='lat' dir='ltr'>quambene</span> <span class='ocrx_word' id='word_1_108' title='bbox 447 1478 575 1548; x_wconf 89' lang='lat' dir='ltr'>uterque</span> <span class='ocrx_word' id='word_1_109' title='bbox 604 1478 739 1527; x_wconf 88' lang='lat' dir='ltr'>vestrum</span> <span class='ocrx_word' id='word_1_110' title='bbox 771 1470 950 1528; x_wconf 78' lang='lat' dir='ltr'>felicitatem</span> <span class='ocrx_word' id='word_1_111' title='bbox 975 1469 1084 1528; x_wconf 82' lang='lat' dir='ltr'>lerat*.</span> <span class='ocrx_word' id='word_1_112' title='bbox 1109 1469 1227 1526; x_wconf 90' lang='lat' dir='ltr'>Eadem</span> 
     </span>
     <span class='ocr_line' id='line_1_15' title="bbox 219 1565 1223 1646; baseline -0.004 -21"><span class='ocrx_word' id='word_1_113' title='bbox 219 1588 310 1646; x_wconf 90' lang='lat' dir='ltr'>quam</span> <span class='ocrx_word' id='word_1_114' title='bbox 326 1567 445 1624; x_wconf 81' lang='lat' dir='ltr'>modica</span> <span class='ocrx_word' id='word_1_115' title='bbox 461 1567 561 1624; x_wconf 83' lang='lat' dir='ltr'>cultu!</span> <span class='ocrx_word' id='word_1_116' title='bbox 584 1587 675 1646; x_wconf 92' lang='lat' dir='ltr'>quam</span> <span class='ocrx_word' id='word_1_117' title='bbox 699 1588 790 1645; x_wconf 88' lang='lat' dir='ltr'>parca</span> <span class='ocrx_word' id='word_1_118' title='bbox 814 1567 978 1625; x_wconf 80' lang='lat' dir='ltr'>comitatu!</span> <span class='ocrx_word' id='word_1_119' title='bbox 1006 1586 1097 1645; x_wconf 88' lang='lat' dir='ltr'>quam</span> <span class='ocrx_word' id='word_1_120' title='bbox 1121 1565 1223 1624; x_wconf 88' lang='lat' dir='ltr'>civilis</span> 
     </span>
     <span class='ocr_line' id='line_1_16' title="bbox 219 1662 1226 1743; baseline -0.002 -23"><span class='ocrx_word' id='word_1_121' title='bbox 219 1664 354 1722; x_wconf 82' lang='lat' dir='ltr'>incessu!</span> <span class='ocrx_word' id='word_1_122' title='bbox 374 1663 477 1721; x_wconf 82' lang='lat' dir='ltr'>hlariti</span> <span class='ocrx_word' id='word_1_123' title='bbox 490 1662 549 1721; x_wconf 85' lang='lat' dir='ltr'>hoc</span> <span class='ocrx_word' id='word_1_124' title='bbox 564 1684 652 1742; x_wconf 77' lang='lat' dir='ltr'>opuS,</span> <span class='ocrx_word' id='word_1_125' title='bbox 670 1665 722 1743; x_wconf 89' lang='lat' dir='ltr'>qui</span> <span class='ocrx_word' id='word_1_126' title='bbox 739 1665 780 1722; x_wconf 91' lang='lat' dir='ltr'>ita</span> <span class='ocrx_word' id='word_1_127' title='bbox 789 1663 912 1734; x_wconf 85' lang='lat' dir='ltr'>imbuit,</span> <span class='ocrx_word' id='word_1_128' title='bbox 931 1663 972 1721; x_wconf 90' lang='lat' dir='ltr'>ita</span> <span class='ocrx_word' id='word_1_129' title='bbox 984 1663 1135 1734; x_wconf 87' lang='lat' dir='ltr'>instituit;</span> <span class='ocrx_word' id='word_1_130' title='bbox 1154 1682 1226 1720; x_wconf 94' lang='lat' dir='ltr'>nam</span> 
     </span>
     <span class='ocr_line' id='line_1_17' title="bbox 219 1759 1227 1840; baseline -0.002 -22"><span class='ocrx_word' id='word_1_131' title='bbox 219 1762 305 1819; x_wconf 85' lang='lat' dir='ltr'>uxori</span> <span class='ocrx_word' id='word_1_132' title='bbox 330 1761 459 1818; x_wconf 83' lang='lat' dir='ltr'>sullicit*</span> <span class='ocrx_word' id='word_1_133' title='bbox 479 1759 619 1838; x_wconf 87' lang='lat' dir='ltr'>obsequii</span> <span class='ocrx_word' id='word_1_134' title='bbox 642 1760 748 1838; x_wconf 84' lang='lat' dir='ltr'>gloria.</span> <span class='ocrx_word' id='word_1_135' title='bbox 774 1764 832 1832; x_wconf 82' lang='lat' dir='ltr'>An,</span> <span class='ocrx_word' id='word_1_136' title='bbox 858 1778 927 1818; x_wconf 86' lang='lat' dir='ltr'>cum</span> <span class='ocrx_word' id='word_1_137' title='bbox 952 1759 1057 1818; x_wconf 84' lang='lat' dir='ltr'>videat</span> <span class='ocrx_word' id='word_1_138' title='bbox 1078 1780 1171 1840; x_wconf 90' lang='lat' dir='ltr'>quam</span> <span class='ocrx_word' id='word_1_139' title='bbox 1195 1765 1227 1816; x_wconf 89' lang='lat' dir='ltr'>te</span> 
     </span>
     <span class='ocr_line' id='line_1_18' title="bbox 219 1855 1225 1935; baseline 0 -21"><span class='ocrx_word' id='word_1_140' title='bbox 219 1857 321 1915; x_wconf 89' lang='lat' dir='ltr'>nullus</span> <span class='ocrx_word' id='word_1_141' title='bbox 339 1865 447 1925; x_wconf 89' lang='lat' dir='ltr'>terror,</span> <span class='ocrx_word' id='word_1_142' title='bbox 465 1857 548 1914; x_wconf 90' lang='lat' dir='ltr'>nulla</span> <span class='ocrx_word' id='word_1_143' title='bbox 563 1857 728 1914; x_wconf 79' lang='lat' dir='ltr'>comitetur</span> <span class='ocrx_word' id='word_1_144' title='bbox 742 1856 899 1930; x_wconf 81' lang='lat' dir='ltr'>ambitio*,</span> <span class='ocrx_word' id='word_1_145' title='bbox 929 1877 991 1914; x_wconf 92' lang='lat' dir='ltr'>non</span> <span class='ocrx_word' id='word_1_146' title='bbox 1011 1864 1041 1914; x_wconf 93' lang='lat' dir='ltr'>et</span> <span class='ocrx_word' id='word_1_147' title='bbox 1061 1855 1128 1935; x_wconf 90' lang='lat' dir='ltr'>ipsa</span> <span class='ocrx_word' id='word_1_148' title='bbox 1153 1876 1225 1914; x_wconf 91' lang='lat' dir='ltr'>cum</span> 
     </span>
     <span class='ocr_line' id='line_1_19' title="bbox 219 1952 1225 2033; baseline -0.003 -21"><span class='ocrx_word' id='word_1_149' title='bbox 219 1953 341 2013; x_wconf 89' lang='lat' dir='ltr'>silentio</span> <span class='ocrx_word' id='word_1_150' title='bbox 366 1953 498 2018; x_wconf 86' lang='lat' dir='ltr'>incedat,</span> <span class='ocrx_word' id='word_1_151' title='bbox 531 1953 817 2033; x_wconf 85' lang='lat' dir='ltr'>ingredientemque</span> <span class='ocrx_word' id='word_1_152' title='bbox 847 1953 977 2032; x_wconf 90' lang='lat' dir='ltr'>pedibus</span> <span class='ocrx_word' id='word_1_153' title='bbox 1008 1952 1166 2022; x_wconf 89' lang='lat' dir='ltr'>maritum,</span> <span class='ocrx_word' id='word_1_154' title='bbox 1193 1953 1225 2009; x_wconf 92' lang='lat' dir='ltr'>in</span> 
     </span>
     <span class='ocr_line' id='line_1_20' title="bbox 220 2043 1225 2131; baseline -0.002 -23"><span class='ocrx_word' id='word_1_155' title='bbox 220 2059 368 2131; x_wconf 89' lang='lat' dir='ltr'>quantum</span> <span class='ocrx_word' id='word_1_156' title='bbox 392 2051 525 2129; x_wconf 89' lang='lat' dir='ltr'>patitur*</span> <span class='ocrx_word' id='word_1_157' title='bbox 544 2071 645 2122; x_wconf 77' lang='lat' dir='ltr'>senne,</span> <span class='ocrx_word' id='word_1_158' title='bbox 674 2043 837 2109; x_wconf 78' lang='lat' dir='ltr'>imitetur?</span> <span class='ocrx_word' id='word_1_159' title='bbox 867 2051 1013 2108; x_wconf 90' lang='lat' dir='ltr'>Decuerit</span> <span class='ocrx_word' id='word_1_160' title='bbox 1040 2049 1098 2108; x_wconf 85' lang='lat' dir='ltr'>hoc</span> <span class='ocrx_word' id='word_1_161' title='bbox 1128 2049 1225 2120; x_wconf 87' lang='lat' dir='ltr'>illam,</span> 
     </span>
     <span class='ocr_line' id='line_1_21' title="bbox 219 2146 1228 2226; baseline 0 -21"><span class='ocrx_word' id='word_1_162' title='bbox 219 2147 339 2206; x_wconf 88' lang='lat' dir='ltr'>etiamsi</span> <span class='ocrx_word' id='word_1_163' title='bbox 352 2147 471 2204; x_wconf 88' lang='lat' dir='ltr'>diversa</span> <span class='ocrx_word' id='word_1_164' title='bbox 488 2156 519 2205; x_wconf 94' lang='lat' dir='ltr'>tu</span> <span class='ocrx_word' id='word_1_165' title='bbox 533 2147 637 2207; x_wconf 79' lang='lat' dir='ltr'>facias,</span> <span class='ocrx_word' id='word_1_166' title='bbox 651 2147 714 2206; x_wconf 90' lang='lat' dir='ltr'>Sub</span> <span class='ocrx_word' id='word_1_167' title='bbox 726 2147 782 2206; x_wconf 90' lang='lat' dir='ltr'>hac</span> <span class='ocrx_word' id='word_1_168' title='bbox 794 2168 868 2206; x_wconf 91' lang='lat' dir='ltr'>vero</span> <span class='ocrx_word' id='word_1_169' title='bbox 882 2147 1034 2206; x_wconf 90' lang='lat' dir='ltr'>modestia</span> <span class='ocrx_word' id='word_1_170' title='bbox 1048 2146 1116 2220; x_wconf 88' lang='lat' dir='ltr'>viri,</span> <span class='ocrx_word' id='word_1_171' title='bbox 1131 2167 1228 2226; x_wconf 90' lang='lat' dir='ltr'>quan-</span> 
     </span>
     <span class='ocr_line' id='line_1_22' title="bbox 220 2241 1083 2315; baseline 0.003 -14"><span class='ocrx_word' id='word_1_172' title='bbox 220 2251 281 2302; x_wconf 89' lang='lat' dir='ltr'>tam</span> <span class='ocrx_word' id='word_1_173' title='bbox 298 2244 388 2302; x_wconf 89' lang='lat' dir='ltr'>debet</span> <span class='ocrx_word' id='word_1_174' title='bbox 403 2245 638 2303; x_wconf 85' lang='lat' dir='ltr'>verecundiam*</span> <span class='ocrx_word' id='word_1_175' title='bbox 654 2266 732 2303; x_wconf 87' lang='lat' dir='ltr'>uxor</span> <span class='ocrx_word' id='word_1_176' title='bbox 744 2245 867 2315; x_wconf 87' lang='lat' dir='ltr'>marit0,</span> <span class='ocrx_word' id='word_1_177' title='bbox 883 2245 995 2303; x_wconf 89' lang='lat' dir='ltr'>lemina</span> <span class='ocrx_word' id='word_1_178' title='bbox 1012 2241 1083 2304; x_wconf 89' lang='lat' dir='ltr'>sibi!</span> 
     </span>
    </p>
   </div>
   <div class='ocr_carea' id='block_1_3' title="bbox 203 2429 1327 3775">
    <p class='ocr_par' dir='ltr' id='par_1_3' title="bbox 219 2429 1327 3603">
     <span class='ocr_line' id='line_1_23' title="bbox 249 2429 1327 2493; baseline -0.003 -13"><span class='ocrx_word' id='word_1_179' title='bbox 249 2430 291 2480; x_wconf 67' lang='grc' dir='ltr'>ΙΨ</span> <span class='ocrx_word' id='word_1_180' title='bbox 304 2431 367 2481; x_wconf 84' lang='lat'>125</span> <span class='ocrx_word' id='word_1_181' title='bbox 379 2443 386 2479; x_wconf 72' lang='grc' dir='ltr'><em>τ</em></span> <span class='ocrx_word' id='word_1_182' title='bbox 401 2431 554 2481; x_wconf 81' lang='lat' dir='ltr'>Retenta.</span> <span class='ocrx_word' id='word_1_183' title='bbox 569 2430 609 2478; x_wconf 92' lang='lat' dir='ltr'>On</span> <span class='ocrx_word' id='word_1_184' title='bbox 618 2431 736 2492; x_wconf 87' lang='lat' dir='ltr'>saitque,</span> <span class='ocrx_word' id='word_1_185' title='bbox 746 2446 809 2479; x_wconf 89' lang='lat' dir='ltr'>sous</span> <span class='ocrx_word' id='word_1_186' title='bbox 818 2429 953 2493; x_wconf 83' lang='lat' dir='ltr'>l&#39;Empire,</span> <span class='ocrx_word' id='word_1_187' title='bbox 965 2446 998 2478; x_wconf 93' lang='lat' dir='ltr'>on</span> <span class='ocrx_word' id='word_1_188' title='bbox 1009 2446 1058 2478; x_wconf 86' lang='lat' dir='ltr'>usa</span> <span class='ocrx_word' id='word_1_189' title='bbox 1068 2431 1104 2478; x_wconf 92' lang='lat' dir='ltr'>du</span> <span class='ocrx_word' id='word_1_190' title='bbox 1115 2431 1228 2478; x_wconf 90' lang='lat' dir='ltr'>divorce</span> <span class='ocrx_word' id='word_1_191' title='bbox 1326 2489 1327 2492; x_wconf 8' lang='grc' dir='ltr'><strong>Ἴ</strong></span> 
     </span>
     <span class='ocr_line' id='line_1_24' title="bbox 220 2492 1327 2554; baseline -0.002 -14"><span class='ocrx_word' id='word_1_192' title='bbox 220 2507 286 2540; x_wconf 88' lang='lat' dir='ltr'>avec</span> <span class='ocrx_word' id='word_1_193' title='bbox 297 2507 349 2540; x_wconf 89' lang='lat' dir='ltr'>une</span> <span class='ocrx_word' id='word_1_194' title='bbox 359 2492 459 2540; x_wconf 77' lang='lat' dir='ltr'>facilite</span> <span class='ocrx_word' id='word_1_195' title='bbox 472 2493 572 2554; x_wconf 84' lang='lat' dir='ltr'>parlois</span> <span class='ocrx_word' id='word_1_196' title='bbox 586 2493 767 2540; x_wconf 85' lang='lat' dir='ltr'>scandaleuse.</span> <span class='ocrx_word' id='word_1_197' title='bbox 777 2520 807 2528; x_wconf 95' lang='lat'>-</span> <span class='ocrx_word' id='word_1_198' title='bbox 817 2493 917 2543; x_wconf 79' lang='lat' dir='ltr'>Uxor.</span> <span class='ocrx_word' id='word_1_199' title='bbox 932 2493 1045 2551; x_wconf 86' lang='lat' dir='ltr'>Plotina,</span> <span class='ocrx_word' id='word_1_200' title='bbox 1058 2507 1090 2539; x_wconf 90' lang='lat' dir='ltr'>en</span> <span class='ocrx_word' id='word_1_201' title='bbox 1103 2496 1229 2540; x_wconf 91' lang='lat' dir='ltr'>montant</span> <span class='ocrx_word' id='word_1_202' title='bbox 1326 2499 1327 2546; x_wconf 67' lang='lat' dir='ltr'>l</span> 
     </span>
     <span class='ocr_line' id='line_1_25' title="bbox 219 2549 1327 2616; baseline -0.001 -15"><span class='ocrx_word' id='word_1_203' title='bbox 219 2555 258 2602; x_wconf 87' lang='lat' dir='ltr'>les</span> <span class='ocrx_word' id='word_1_204' title='bbox 274 2555 394 2601; x_wconf 89' lang='lat' dir='ltr'>marches</span> <span class='ocrx_word' id='word_1_205' title='bbox 409 2555 444 2600; x_wconf 93' lang='lat' dir='ltr'>du</span> <span class='ocrx_word' id='word_1_206' title='bbox 460 2555 545 2615; x_wconf 80' lang='lat' dir='ltr'>pelais</span> <span class='ocrx_word' id='word_1_207' title='bbox 557 2553 687 2615; x_wconf 74' lang='lat' dir='ltr'>imperial,</span> <span class='ocrx_word' id='word_1_208' title='bbox 705 2553 792 2602; x_wconf 81' lang='lat' dir='ltr'>s&#39;e&#39;tait</span> <span class='ocrx_word' id='word_1_209' title='bbox 804 2554 946 2602; x_wconf 88' lang='lat' dir='ltr'>retourne&#39;e</span> <span class='ocrx_word' id='word_1_210' title='bbox 960 2569 1020 2602; x_wconf 88' lang='lat' dir='ltr'>vers</span> <span class='ocrx_word' id='word_1_211' title='bbox 1033 2555 1057 2602; x_wconf 88' lang='lat' dir='ltr'>la</span> <span class='ocrx_word' id='word_1_212' title='bbox 1073 2555 1144 2602; x_wconf 86' lang='lat' dir='ltr'>soule</span> <span class='ocrx_word' id='word_1_213' title='bbox 1158 2569 1229 2616; x_wconf 92' lang='lat' dir='ltr'>pour</span> <span class='ocrx_word' id='word_1_214' title='bbox 1326 2549 1327 2606; x_wconf 81' lang='lat' dir='ltr'>l</span> 
     </span>
     <span class='ocr_line' id='line_1_26' title="bbox 221 2615 1229 2677; baseline -0.001 -14"><span class='ocrx_word' id='word_1_215' title='bbox 221 2618 257 2663; x_wconf 93' lang='lat' dir='ltr'>lui</span> <span class='ocrx_word' id='word_1_216' title='bbox 275 2617 331 2663; x_wconf 89' lang='lat' dir='ltr'>dire</span> <span class='ocrx_word' id='word_1_217' title='bbox 350 2631 355 2663; x_wconf 89' lang='lat'><strong>:</strong></span> <span class='ocrx_word' id='word_1_218' title='bbox 376 2635 387 2658; x_wconf 74' lang='lat' dir='ltr'>a</span> <span class='ocrx_word' id='word_1_219' title='bbox 402 2616 474 2662; x_wconf 83' lang='lat' dir='ltr'>Telle</span> <span class='ocrx_word' id='word_1_220' title='bbox 489 2615 585 2677; x_wconf 83' lang='lat' dir='ltr'>j&#39;entre</span> <span class='ocrx_word' id='word_1_221' title='bbox 601 2616 645 2677; x_wconf 79' lang='lat' dir='ltr'>ici,</span> <span class='ocrx_word' id='word_1_222' title='bbox 659 2617 721 2665; x_wconf 88' lang='lat' dir='ltr'>telle</span> <span class='ocrx_word' id='word_1_223' title='bbox 738 2615 791 2677; x_wconf 84' lang='lat' dir='ltr'>j&#39;en</span> <span class='ocrx_word' id='word_1_224' title='bbox 811 2631 880 2662; x_wconf 78' lang='lat' dir='ltr'>veux</span> <span class='ocrx_word' id='word_1_225' title='bbox 900 2617 981 2664; x_wconf 87' lang='lat' dir='ltr'>sortir</span> <span class='ocrx_word' id='word_1_226' title='bbox 1000 2637 1011 2659; x_wconf 87' lang='lat'>»</span> <span class='ocrx_word' id='word_1_227' title='bbox 1033 2631 1038 2663; x_wconf 76' lang='grc' dir='ltr'><strong><em>ε</em></strong></span> <span class='ocrx_word' id='word_1_228' title='bbox 1058 2618 1085 2663; x_wconf 90' lang='lat' dir='ltr'>et</span> <span class='ocrx_word' id='word_1_229' title='bbox 1102 2617 1151 2663; x_wconf 90' lang='lat' dir='ltr'>elle</span> <span class='ocrx_word' id='word_1_230' title='bbox 1175 2617 1229 2663; x_wconf 92' lang='lat' dir='ltr'>tint</span> 
     </span>
     <span class='ocr_line' id='line_1_27' title="bbox 220 2676 1327 2740; baseline 0 -14"><span class='ocrx_word' id='word_1_231' title='bbox 220 2679 320 2740; x_wconf 87' lang='lat' dir='ltr'>parole.</span> <span class='ocrx_word' id='word_1_232' title='bbox 334 2705 363 2712; x_wconf 98' lang='lat'><em>-</em></span> <span class='ocrx_word' id='word_1_233' title='bbox 376 2677 536 2727; x_wconf 81' lang='lat' dir='ltr'>Pontifici.</span> <span class='ocrx_word' id='word_1_234' title='bbox 550 2677 586 2724; x_wconf 89' lang='lat' dir='ltr'>Le</span> <span class='ocrx_word' id='word_1_235' title='bbox 599 2677 691 2725; x_wconf 90' lang='lat' dir='ltr'>Grand</span> <span class='ocrx_word' id='word_1_236' title='bbox 704 2679 810 2725; x_wconf 84' lang='lat' dir='ltr'>Pontife</span> <span class='ocrx_word' id='word_1_237' title='bbox 821 2693 853 2724; x_wconf 88' lang='lat' dir='ltr'>ne</span> <span class='ocrx_word' id='word_1_238' title='bbox 867 2693 895 2725; x_wconf 91' lang='lat' dir='ltr'>se</span> <span class='ocrx_word' id='word_1_239' title='bbox 905 2679 1012 2725; x_wconf 89' lang='lat' dir='ltr'>mariait</span> <span class='ocrx_word' id='word_1_240' title='bbox 1022 2676 1118 2740; x_wconf 89' lang='lat' dir='ltr'>qu’une</span> <span class='ocrx_word' id='word_1_241' title='bbox 1129 2678 1191 2738; x_wconf 81' lang='lat' dir='ltr'>fois,</span> <span class='ocrx_word' id='word_1_242' title='bbox 1202 2682 1229 2725; x_wconf 91' lang='lat' dir='ltr'>et</span> <span class='ocrx_word' id='word_1_243' title='bbox 1326 2683 1327 2726; x_wconf 63' lang='grc' dir='ltr'>ἲ</span> 
     </span>
     <span class='ocr_line' id='line_1_28' title="bbox 221 2732 1327 2804; baseline -0.001 -16"><span class='ocrx_word' id='word_1_244' title='bbox 221 2755 269 2788; x_wconf 92' lang='lat' dir='ltr'>son</span> <span class='ocrx_word' id='word_1_245' title='bbox 287 2740 386 2801; x_wconf 88' lang='lat' dir='ltr'>e&#39;pouse</span> <span class='ocrx_word' id='word_1_246' title='bbox 399 2741 489 2787; x_wconf 90' lang='lat' dir='ltr'>devait</span> <span class='ocrx_word' id='word_1_247' title='bbox 504 2741 560 2786; x_wconf 75' lang='lat' dir='ltr'>etre</span> <span class='ocrx_word' id='word_1_248' title='bbox 573 2737 650 2786; x_wconf 89' lang='lat' dir='ltr'>d’une</span> <span class='ocrx_word' id='word_1_249' title='bbox 663 2742 740 2786; x_wconf 90' lang='lat' dir='ltr'>vertu</span> <span class='ocrx_word' id='word_1_250' title='bbox 757 2740 917 2801; x_wconf 86' lang='lat' dir='ltr'>exemplaire</span> <span class='ocrx_word' id='word_1_251' title='bbox 931 2739 1059 2801; x_wconf 67' lang='lat' dir='ltr'>(Tertull,</span> <span class='ocrx_word' id='word_1_252' title='bbox 1073 2739 1104 2786; x_wconf 83' lang='lat' dir='ltr'>de</span> <span class='ocrx_word' id='word_1_253' title='bbox 1118 2740 1227 2804; x_wconf 75' lang='lat' dir='ltr'>Monop.</span> <span class='ocrx_word' id='word_1_254' title='bbox 1326 2732 1327 2760; x_wconf 62' lang='lat'><strong>³</strong></span> 
     </span>
     <span class='ocr_line' id='line_1_29' title="bbox 221 2800 1327 2864; baseline 0 -16"><span class='ocrx_word' id='word_1_255' title='bbox 221 2802 269 2864; x_wconf 82' lang='lat'>16).</span> <span class='ocrx_word' id='word_1_256' title='bbox 290 2829 320 2836; x_wconf 97' lang='lat'><em>-</em></span> <span class='ocrx_word' id='word_1_257' title='bbox 337 2800 484 2861; x_wconf 72' lang='lat' dir='ltr'>probati,</span> <span class='ocrx_word' id='word_1_258' title='bbox 505 2801 700 2848; x_wconf 89' lang='lat' dir='ltr'>sous-entendu</span> <span class='ocrx_word' id='word_1_259' title='bbox 717 2801 789 2849; x_wconf 82' lang='lat' dir='ltr'>estis.</span> <span class='ocrx_word' id='word_1_260' title='bbox 813 2828 842 2836; x_wconf 96' lang='lat'><em>-</em></span> <span class='ocrx_word' id='word_1_261' title='bbox 863 2801 972 2852; x_wconf 79' lang='lat' dir='ltr'>Ferat.</span> <span class='ocrx_word' id='word_1_262' title='bbox 994 2803 1100 2862; x_wconf 80' lang='lat' dir='ltr'>Trajan,</span> <span class='ocrx_word' id='word_1_263' title='bbox 1119 2802 1227 2848; x_wconf 88' lang='lat' dir='ltr'>devenu</span> <span class='ocrx_word' id='word_1_264' title='bbox 1326 2837 1327 2862; x_wconf 25' lang='grc' dir='ltr'>ἶ</span> 
     </span>
     <span class='ocr_line' id='line_1_30' title="bbox 220 2863 1327 2932; baseline 0.001 -22"><span class='ocrx_word' id='word_1_265' title='bbox 220 2878 368 2925; x_wconf 87' lang='lat' dir='ltr'>empereur,</span> <span class='ocrx_word' id='word_1_266' title='bbox 382 2863 509 2910; x_wconf 88' lang='lat' dir='ltr'>continua</span> <span class='ocrx_word' id='word_1_267' title='bbox 520 2864 534 2909; x_wconf 80' lang='lat' dir='ltr'>a</span> <span class='ocrx_word' id='word_1_268' title='bbox 545 2863 639 2910; x_wconf 90' lang='lat' dir='ltr'>visiter</span> <span class='ocrx_word' id='word_1_269' title='bbox 652 2877 693 2910; x_wconf 89' lang='lat' dir='ltr'>ses</span> <span class='ocrx_word' id='word_1_270' title='bbox 704 2864 813 2911; x_wconf 79' lang='lat' dir='ltr'>enciens</span> <span class='ocrx_word' id='word_1_271' title='bbox 824 2865 890 2910; x_wconf 89' lang='lat' dir='ltr'>amis</span> <span class='ocrx_word' id='word_1_272' title='bbox 904 2868 931 2910; x_wconf 90' lang='lat' dir='ltr'>et</span> <span class='ocrx_word' id='word_1_273' title='bbox 944 2865 956 2910; x_wconf 75' lang='lat' dir='ltr'>a</span> <span class='ocrx_word' id='word_1_274' title='bbox 970 2865 1117 2924; x_wconf 87' lang='lat' dir='ltr'>participer</span> <span class='ocrx_word' id='word_1_275' title='bbox 1127 2863 1142 2909; x_wconf 71' lang='lat' dir='ltr'>tl</span> <span class='ocrx_word' id='word_1_276' title='bbox 1154 2864 1229 2911; x_wconf 89' lang='lat' dir='ltr'>leurs</span> <span class='ocrx_word' id='word_1_277' title='bbox 1326 2863 1327 2932; x_wconf 58' lang='lat' dir='ltr'>l</span> 
     </span>
     <span class='ocr_line' id='line_1_31' title="bbox 221 2925 1327 2987; baseline 0.003 -15"><span class='ocrx_word' id='word_1_278' title='bbox 221 2926 313 2987; x_wconf 91' lang='lat' dir='ltr'>peines</span> <span class='ocrx_word' id='word_1_279' title='bbox 331 2928 358 2971; x_wconf 92' lang='lat' dir='ltr'>et</span> <span class='ocrx_word' id='word_1_280' title='bbox 375 2926 472 2971; x_wconf 79' lang='lat' dir='ltr'>aleurs</span> <span class='ocrx_word' id='word_1_281' title='bbox 487 2925 570 2985; x_wconf 77' lang='lat' dir='ltr'>J&#39;oies;</span> <span class='ocrx_word' id='word_1_282' title='bbox 589 2925 607 2971; x_wconf 94' lang='lat' dir='ltr'>il</span> <span class='ocrx_word' id='word_1_283' title='bbox 626 2939 654 2972; x_wconf 88' lang='lat' dir='ltr'>se</span> <span class='ocrx_word' id='word_1_284' title='bbox 673 2926 824 2986; x_wconf 89' lang='lat' dir='ltr'>promenait</span> <span class='ocrx_word' id='word_1_285' title='bbox 841 2927 907 2972; x_wconf 90' lang='lat' dir='ltr'>dans</span> <span class='ocrx_word' id='word_1_286' title='bbox 926 2925 1019 2984; x_wconf 87' lang='lat' dir='ltr'>Rome,</span> <span class='ocrx_word' id='word_1_287' title='bbox 1039 2925 1096 2971; x_wconf 91' lang='lat' dir='ltr'>seul</span> <span class='ocrx_word' id='word_1_288' title='bbox 1116 2927 1144 2972; x_wconf 90' lang='lat' dir='ltr'>et</span> <span class='ocrx_word' id='word_1_289' title='bbox 1165 2941 1229 2974; x_wconf 87' lang='lat' dir='ltr'>sans</span> <span class='ocrx_word' id='word_1_290' title='bbox 1326 2943 1327 2975; x_wconf 70' lang='lat' dir='ltr'>i</span> 
     </span>
     <span class='ocr_line' id='line_1_32' title="bbox 220 2985 1327 3048; baseline 0.001 -14"><span class='ocrx_word' id='word_1_291' title='bbox 220 2990 332 3034; x_wconf 88' lang='lat' dir='ltr'>escorte.</span> <span class='ocrx_word' id='word_1_292' title='bbox 347 3013 377 3022; x_wconf 87' lang='lat'><em>-</em></span> <span class='ocrx_word' id='word_1_293' title='bbox 388 2985 525 3036; x_wconf 82' lang='lat' dir='ltr'>Sufficit.</span> <span class='ocrx_word' id='word_1_294' title='bbox 544 2986 585 3033; x_wconf 92' lang='lat' dir='ltr'>On</span> <span class='ocrx_word' id='word_1_295' title='bbox 598 2989 723 3033; x_wconf 87' lang='lat' dir='ltr'>retrouve</span> <span class='ocrx_word' id='word_1_296' title='bbox 736 2987 770 3033; x_wconf 90' lang='lat' dir='ltr'>ici</span> <span class='ocrx_word' id='word_1_297' title='bbox 785 2987 823 3034; x_wconf 91' lang='lat' dir='ltr'>les</span> <span class='ocrx_word' id='word_1_298' title='bbox 838 2987 911 3034; x_wconf 87' lang='lat' dir='ltr'>ide&#39;es</span> <span class='ocrx_word' id='word_1_299' title='bbox 925 2988 1057 3034; x_wconf 89' lang='lat' dir='ltr'>romaines</span> <span class='ocrx_word' id='word_1_300' title='bbox 1072 3001 1118 3033; x_wconf 93' lang='lat' dir='ltr'>sur</span> <span class='ocrx_word' id='word_1_301' title='bbox 1132 2986 1158 3034; x_wconf 86' lang='lat' dir='ltr'>le</span> <span class='ocrx_word' id='word_1_302' title='bbox 1171 2989 1229 3035; x_wconf 80' lang='lat' dir='ltr'>rdle</span> <span class='ocrx_word' id='word_1_303' title='bbox 1326 3019 1327 3048; x_wconf 58' lang='lat'>3</span> 
     </span>
     <span class='ocr_line' id='line_1_33' title="bbox 220 3046 1327 3109; baseline 0.002 -15"><span class='ocrx_word' id='word_1_304' title='bbox 220 3050 253 3097; x_wconf 89' lang='lat' dir='ltr'>de</span> <span class='ocrx_word' id='word_1_305' title='bbox 270 3049 295 3095; x_wconf 91' lang='lat' dir='ltr'>la</span> <span class='ocrx_word' id='word_1_306' title='bbox 314 3047 526 3109; x_wconf 79' lang='lat' dir='ltr'>materfamilias.</span> <span class='ocrx_word' id='word_1_307' title='bbox 545 3074 575 3084; x_wconf 91' lang='lat'>-</span> <span class='ocrx_word' id='word_1_308' title='bbox 592 3046 746 3097; x_wconf 83' lang='lat' dir='ltr'>Ambitio.</span> <span class='ocrx_word' id='word_1_309' title='bbox 765 3049 870 3095; x_wconf 91' lang='lat' dir='ltr'>Plotina</span> <span class='ocrx_word' id='word_1_310' title='bbox 887 3063 920 3095; x_wconf 91' lang='lat' dir='ltr'>ne</span> <span class='ocrx_word' id='word_1_311' title='bbox 938 3049 1032 3095; x_wconf 89' lang='lat' dir='ltr'>voulut</span> <span class='ocrx_word' id='word_1_312' title='bbox 1049 3062 1136 3095; x_wconf 85' lang='lat' dir='ltr'>aucun</span> <span class='ocrx_word' id='word_1_313' title='bbox 1156 3049 1229 3096; x_wconf 77' lang='lat' dir='ltr'>cere·</span> <span class='ocrx_word' id='word_1_314' title='bbox 1326 3053 1327 3108; x_wconf 67' lang='lat' dir='ltr'>l</span> 
     </span>
     <span class='ocr_line' id='line_1_34' title="bbox 221 3108 1327 3174; baseline 0.002 -18"><span class='ocrx_word' id='word_1_315' title='bbox 221 3111 319 3157; x_wconf 86' lang='lat' dir='ltr'>monial</span> <span class='ocrx_word' id='word_1_316' title='bbox 332 3113 429 3157; x_wconf 91' lang='lat' dir='ltr'>autour</span> <span class='ocrx_word' id='word_1_317' title='bbox 441 3108 525 3157; x_wconf 88' lang='lat' dir='ltr'>d&#39;elle.</span> <span class='ocrx_word' id='word_1_318' title='bbox 537 3135 567 3144; x_wconf 93' lang='grc'><strong>-</strong></span> <span class='ocrx_word' id='word_1_319' title='bbox 579 3109 720 3160; x_wconf 79' lang='lat' dir='ltr'>Patitur.</span> <span class='ocrx_word' id='word_1_320' title='bbox 735 3109 772 3156; x_wconf 87' lang='lat' dir='ltr'>La</span> <span class='ocrx_word' id='word_1_321' title='bbox 784 3111 893 3171; x_wconf 84' lang='lat' dir='ltr'>plupart</span> <span class='ocrx_word' id='word_1_322' title='bbox 905 3111 952 3160; x_wconf 88' lang='lat' dir='ltr'>des</span> <span class='ocrx_word' id='word_1_323' title='bbox 969 3111 1079 3157; x_wconf 83' lang='lat' dir='ltr'>femmes</span> <span class='ocrx_word' id='word_1_324' title='bbox 1093 3112 1230 3158; x_wconf 87' lang='lat' dir='ltr'>sortaient</span> <span class='ocrx_word' id='word_1_325' title='bbox 1326 3125 1327 3174; x_wconf 60' lang='lat' dir='ltr'>i</span> 
     </span>
     <span class='ocr_line' id='line_1_35' title="bbox 220 3170 1229 3248; baseline 0.003 -30"><span class='ocrx_word' id='word_1_326' title='bbox 220 3187 253 3219; x_wconf 91' lang='lat' dir='ltr'>en</span> <span class='ocrx_word' id='word_1_327' title='bbox 269 3171 369 3230; x_wconf 79' lang='lat' dir='ltr'>lectica,</span> <span class='ocrx_word' id='word_1_328' title='bbox 384 3173 444 3234; x_wconf 91' lang='lat' dir='ltr'>plus</span> <span class='ocrx_word' id='word_1_329' title='bbox 458 3172 517 3218; x_wconf 87' lang='lat' dir='ltr'>tard</span> <span class='ocrx_word' id='word_1_330' title='bbox 530 3186 562 3245; x_wconf 81' lang='lat' dir='ltr'>en</span> <span class='ocrx_word' id='word_1_331' title='bbox 580 3171 715 3248; x_wconf 62' lang='lat' dir='ltr'>basterna,</span> <span class='ocrx_word' id='word_1_332' title='bbox 730 3172 938 3232; x_wconf 73' lang='lat' dir='ltr'>accompagnees</span> <span class='ocrx_word' id='word_1_333' title='bbox 954 3170 1101 3248; x_wconf 73' lang='lat' dir='ltr'>d’esclaves</span> <span class='ocrx_word' id='word_1_334' title='bbox 1115 3173 1143 3218; x_wconf 88' lang='lat' dir='ltr'>et</span> <span class='ocrx_word' id='word_1_335' title='bbox 1156 3173 1229 3220; x_wconf 87' lang='lat' dir='ltr'>d&#39;eu-</span> 
     </span>
     <span class='ocr_line' id='line_1_36' title="bbox 221 3232 1327 3356; baseline 0.006 -14"><span class='ocrx_word' id='word_1_336' title='bbox 221 3232 1229 3356; x_wconf 58' lang='lat' dir='ltr'>tittulttssttnlttbtnttttttttttlttttttt‘tlltttff</span> <span class='ocrx_word' id='word_1_337' title='bbox 1326 3263 1327 3322; x_wconf 72' lang='lat'><em>³</em></span> 
     </span>
     <span class='ocr_line' id='line_1_37' title="bbox 221 3355 1327 3419; baseline 0.002 -16"><span class='ocrx_word' id='word_1_338' title='bbox 221 3372 272 3418; x_wconf 92' lang='lat' dir='ltr'>que</span> <span class='ocrx_word' id='word_1_339' title='bbox 285 3373 354 3419; x_wconf 92' lang='lat' dir='ltr'>pour</span> <span class='ocrx_word' id='word_1_340' title='bbox 366 3373 413 3405; x_wconf 91' lang='lat' dir='ltr'>son</span> <span class='ocrx_word' id='word_1_341' title='bbox 427 3372 521 3404; x_wconf 89' lang='lat' dir='ltr'>amour</span> <span class='ocrx_word' id='word_1_342' title='bbox 531 3357 632 3404; x_wconf 75' lang='lat' dir='ltr'>sincere</span> <span class='ocrx_word' id='word_1_343' title='bbox 643 3357 678 3402; x_wconf 93' lang='lat' dir='ltr'>du</span> <span class='ocrx_word' id='word_1_344' title='bbox 690 3355 751 3403; x_wconf 86' lang='lat' dir='ltr'>bien</span> <span class='ocrx_word' id='word_1_345' title='bbox 763 3358 794 3403; x_wconf 91' lang='lat' dir='ltr'>de</span> <span class='ocrx_word' id='word_1_346' title='bbox 805 3355 894 3416; x_wconf 85' lang='lat' dir='ltr'>l&#39;Etat,</span> <span class='ocrx_word' id='word_1_347' title='bbox 904 3372 932 3404; x_wconf 89' lang='lat' dir='ltr'>sa</span> <span class='ocrx_word' id='word_1_348' title='bbox 941 3357 1054 3418; x_wconf 86' lang='lat' dir='ltr'>parsaite</span> <span class='ocrx_word' id='word_1_349' title='bbox 1063 3356 1163 3419; x_wconf 75' lang='lat' dir='ltr'>equite,</span> <span class='ocrx_word' id='word_1_350' title='bbox 1179 3373 1228 3405; x_wconf 90' lang='lat' dir='ltr'>son</span> <span class='ocrx_word' id='word_1_351' title='bbox 1326 3391 1327 3419; x_wconf 70' lang='lat'>,</span> 
     </span>
     <span class='ocr_line' id='line_1_38' title="bbox 220 3418 1327 3480; baseline 0 -14"><span class='ocrx_word' id='word_1_352' title='bbox 220 3424 327 3480; x_wconf 91' lang='lat' dir='ltr'>respect</span> <span class='ocrx_word' id='word_1_353' title='bbox 340 3420 434 3466; x_wconf 89' lang='lat' dir='ltr'>absolu</span> <span class='ocrx_word' id='word_1_354' title='bbox 448 3419 480 3464; x_wconf 90' lang='lat' dir='ltr'>de</span> <span class='ocrx_word' id='word_1_355' title='bbox 499 3418 524 3465; x_wconf 88' lang='lat' dir='ltr'>la</span> <span class='ocrx_word' id='word_1_356' title='bbox 540 3418 585 3466; x_wconf 87' lang='lat' dir='ltr'>loi.</span> <span class='ocrx_word' id='word_1_357' title='bbox 600 3418 641 3465; x_wconf 92' lang='lat' dir='ltr'>On</span> <span class='ocrx_word' id='word_1_358' title='bbox 659 3419 710 3465; x_wconf 90' lang='lat' dir='ltr'>sait</span> <span class='ocrx_word' id='word_1_359' title='bbox 727 3433 778 3479; x_wconf 89' lang='lat' dir='ltr'>que</span> <span class='ocrx_word' id='word_1_360' title='bbox 795 3419 891 3480; x_wconf 88' lang='lat' dir='ltr'>Duruy</span> <span class='ocrx_word' id='word_1_361' title='bbox 908 3419 933 3465; x_wconf 95' lang='lat' dir='ltr'>le</span> <span class='ocrx_word' id='word_1_362' title='bbox 953 3419 1062 3480; x_wconf 85' lang='lat' dir='ltr'>regarde</span> <span class='ocrx_word' id='word_1_363' title='bbox 1080 3433 1186 3466; x_wconf 89' lang='lat' dir='ltr'>comme</span> <span class='ocrx_word' id='word_1_364' title='bbox 1204 3421 1229 3466; x_wconf 91' lang='lat' dir='ltr'>le</span> <span class='ocrx_word' id='word_1_365' title='bbox 1326 3429 1327 3456; x_wconf 42' lang='grc' dir='ltr'>ἲ</span> 
     </span>
     <span class='ocr_line' id='line_1_39' title="bbox 221 3479 1327 3543; baseline 0 -15"><span class='ocrx_word' id='word_1_366' title='bbox 221 3483 286 3542; x_wconf 88' lang='lat' dir='ltr'>type</span> <span class='ocrx_word' id='word_1_367' title='bbox 299 3482 331 3528; x_wconf 92' lang='lat' dir='ltr'>de</span> <span class='ocrx_word' id='word_1_368' title='bbox 343 3480 502 3543; x_wconf 85' lang='lat' dir='ltr'>l&#39;empereur</span> <span class='ocrx_word' id='word_1_369' title='bbox 514 3480 591 3527; x_wconf 82' lang='lat' dir='ltr'>ide&#39;al.</span> <span class='ocrx_word' id='word_1_370' title='bbox 609 3480 695 3541; x_wconf 77' lang='lat' dir='ltr'>Aprts</span> <span class='ocrx_word' id='word_1_371' title='bbox 709 3495 737 3526; x_wconf 88' lang='lat' dir='ltr'>sa</span> <span class='ocrx_word' id='word_1_372' title='bbox 748 3482 826 3540; x_wconf 87' lang='lat' dir='ltr'>mort,</span> <span class='ocrx_word' id='word_1_373' title='bbox 839 3481 864 3527; x_wconf 81' lang='lat' dir='ltr'>lc</span> <span class='ocrx_word' id='word_1_374' title='bbox 879 3479 960 3527; x_wconf 76' lang='lat' dir='ltr'>Sdnat</span> <span class='ocrx_word' id='word_1_375' title='bbox 971 3481 1056 3528; x_wconf 89' lang='lat' dir='ltr'>forma</span> <span class='ocrx_word' id='word_1_376' title='bbox 1066 3481 1191 3541; x_wconf 85' lang='lat' dir='ltr'>touj0urs</span> <span class='ocrx_word' id='word_1_377' title='bbox 1204 3482 1229 3528; x_wconf 88' lang='lat' dir='ltr'>le</span> <span class='ocrx_word' id='word_1_378' title='bbox 1326 3493 1327 3536; x_wconf 52' lang='lat'>,</span> 
     </span>
     <span class='ocr_line' id='line_1_40' title="bbox 221 3539 1327 3603; baseline 0.003 -15"><span class='ocrx_word' id='word_1_379' title='bbox 221 3557 283 3589; x_wconf 89' lang='lat' dir='ltr'>voeu</span> <span class='ocrx_word' id='word_1_380' title='bbox 300 3544 407 3590; x_wconf 91' lang='lat' dir='ltr'>suivant</span> <span class='ocrx_word' id='word_1_381' title='bbox 420 3544 434 3589; x_wconf 78' lang='lat' dir='ltr'>t</span> <span class='ocrx_word' id='word_1_382' title='bbox 446 3540 624 3589; x_wconf 73' lang='lat' dir='ltr'>l&#39;avenement</span> <span class='ocrx_word' id='word_1_383' title='bbox 636 3539 698 3588; x_wconf 87' lang='lat' dir='ltr'>d&#39;un</span> <span class='ocrx_word' id='word_1_384' title='bbox 712 3543 810 3589; x_wconf 91' lang='lat' dir='ltr'>nouvel</span> <span class='ocrx_word' id='word_1_385' title='bbox 827 3557 986 3603; x_wconf 88' lang='lat' dir='ltr'>empereur:</span> <span class='ocrx_word' id='word_1_386' title='bbox 1002 3561 1013 3585; x_wconf 72' lang='grc' dir='ltr'>«ι</span> <span class='ocrx_word' id='word_1_387' title='bbox 1028 3542 1229 3590; x_wconf 89' lang='lat' dir='ltr'>Puissiez-vous</span> <span class='ocrx_word' id='word_1_388' title='bbox 1326 3553 1327 3562; x_wconf 62' lang='lat'>¹</span> 
     </span>
    </p>

    <p class='ocr_par' dir='ltr' id='par_1_4' title="bbox 203 3602 1327 3775">
     <span class='ocr_line' id='line_1_41' title="bbox 203 3602 1228 3666; baseline -0.001 -14"><span class='ocrx_word' id='word_1_389' title='bbox 203 3606 277 3652; x_wconf 69' lang='lat' dir='ltr'>vetre</span> <span class='ocrx_word' id='word_1_390' title='bbox 297 3606 357 3665; x_wconf 91' lang='lat' dir='ltr'>plus</span> <span class='ocrx_word' id='word_1_391' title='bbox 378 3605 496 3651; x_wconf 85' lang='lat' dir='ltr'>heureux</span> <span class='ocrx_word' id='word_1_392' title='bbox 512 3602 689 3665; x_wconf 78' lang='lat' dir='ltr'>qu&#39;Auguste,</span> <span class='ocrx_word' id='word_1_393' title='bbox 706 3604 827 3650; x_wconf 89' lang='lat' dir='ltr'>meilleur</span> <span class='ocrx_word' id='word_1_394' title='bbox 845 3619 895 3664; x_wconf 88' lang='lat' dir='ltr'>que</span> <span class='ocrx_word' id='word_1_395' title='bbox 913 3603 1023 3665; x_wconf 76' lang='lat' dir='ltr'>TraJ&#39;an!</span> <span class='ocrx_word' id='word_1_396' title='bbox 1038 3623 1049 3646; x_wconf 87' lang='lat'>»</span> <span class='ocrx_word' id='word_1_397' title='bbox 1069 3603 1105 3650; x_wconf 81' lang='lat' dir='ltr'>Le</span> <span class='ocrx_word' id='word_1_398' title='bbox 1125 3603 1228 3666; x_wconf 87' lang='lat' dir='ltr'>Moyen</span> 
     </span>
     <span class='ocr_line' id='line_1_42' title="bbox 221 3665 1327 3775; baseline 0 -61"><span class='ocrx_word' id='word_1_399' title='bbox 221 3667 277 3775; x_wconf 47' lang='lat' dir='ltr'>alge</span> <span class='ocrx_word' id='word_1_400' title='bbox 291 3682 305 3714; x_wconf 91' lang='lat' dir='ltr'>a</span> <span class='ocrx_word' id='word_1_401' title='bbox 317 3667 434 3714; x_wconf 84' lang='lat' dir='ltr'>recueilli</span> <span class='ocrx_word' id='word_1_402' title='bbox 448 3667 519 3712; x_wconf 85' lang='lat' dir='ltr'>cette</span> <span class='ocrx_word' id='word_1_403' title='bbox 533 3665 642 3728; x_wconf 87' lang='lat' dir='ltr'>pense&#39;e,</span> <span class='ocrx_word' id='word_1_404' title='bbox 657 3667 684 3713; x_wconf 89' lang='lat' dir='ltr'>et</span> <span class='ocrx_word' id='word_1_405' title='bbox 699 3666 786 3712; x_wconf 91' lang='lat' dir='ltr'>Dante</span> <span class='ocrx_word' id='word_1_406' title='bbox 802 3681 817 3712; x_wconf 84' lang='lat' dir='ltr'>a</span> <span class='ocrx_word' id='word_1_407' title='bbox 830 3665 880 3712; x_wconf 91' lang='lat' dir='ltr'>mis</span> <span class='ocrx_word' id='word_1_408' title='bbox 894 3665 990 3727; x_wconf 84' lang='lat' dir='ltr'>Trajan</span> <span class='ocrx_word' id='word_1_409' title='bbox 1002 3667 1067 3712; x_wconf 88' lang='lat' dir='ltr'>dans</span> <span class='ocrx_word' id='word_1_410' title='bbox 1080 3679 1129 3713; x_wconf 89' lang='lat' dir='ltr'>son</span> <span class='ocrx_word' id='word_1_411' title='bbox 1142 3665 1229 3714; x_wconf 80' lang='lat' dir='ltr'>Pare·</span> <span class='ocrx_word' id='word_1_412' title='bbox 1326 3669 1327 3734; x_wconf 55' lang='lat'>,</span> 
     </span>
     <span class='ocr_line' id='line_1_43' title="bbox 240 3743 270 3775; baseline 0 0"><span class='ocrx_word' id='word_1_413' title='bbox 240 3743 270 3775; x_wconf 74' lang='lat' dir='ltr'>ts.</span> 
     </span>
    </p>
   </div>
   <div class='ocr_carea' id='block_1_4' title="bbox 641 3897 800 3948">
    <p class='ocr_par' dir='ltr' id='par_1_5' title="bbox 641 3897 800 3948">
     <span class='ocr_line' id='line_1_44' title="bbox 641 3897 800 3948; baseline 0 0"><span class='ocrx_word' id='word_1_414' title='bbox 641 3897 800 3948; x_wconf 78' lang='lat'>-126-</span> 
     </span>
    </p>
   </div>
   <div class='ocr_carea' id='block_1_5' title="bbox 0 0 1338 4244">
    <p class='ocr_par' dir='ltr' id='par_1_6' title="bbox 0 0 1338 4244">
     <span class='ocr_line' id='line_1_45' title="bbox 0 0 1338 4244; baseline 0 0"><span class='ocrx_word' id='word_1_415' title='bbox 0 0 1338 4244; x_wconf 95' lang='lat' dir='ltr'> </span> 
     </span>
    </p>
   </div>
  </div>
 </body>
</html>
